,成交时间,成交价格,成交金额,成交量,性质
0,09:25:04,129.44,11804928,912,卖盘
1,09:30:01,129.5,38850,3,买盘
2,09:30:04,129.44,970639,75,卖盘
3,09:30:07,129.3,1565392,121,卖盘
4,09:30:10,129.44,2731487,211,买盘
5,09:30:13,129.29,982664,76,卖盘
6,09:30:16,129.39,1370232,106,买盘
7,09:30:19,129.37,2558753,198,中性盘
8,09:30:22,129.3,1293118,100,卖盘
9,09:30:25,129.4,2768272,214,买盘
10,09:30:28,129.44,1578874,122,买盘
11,09:30:31,129.5,4258426,329,买盘
12,09:30:34,129.5,427395,33,卖盘
13,09:30:37,129.6,453745,35,买盘
14,09:30:40,129.76,751441,58,买盘
15,09:30:43,129.78,402279,31,买盘
16,09:30:46,129.76,1284664,99,卖盘
17,09:30:49,129.78,1193925,92,买盘
18,09:30:52,129.78,726789,56,买盘
19,09:30:55,129.76,402324,31,卖盘
20,09:30:58,129.78,674878,52,买盘
21,09:31:01,129.83,752736,58,买盘
22,09:31:04,129.85,623000,48,买盘
23,09:31:07,129.85,1064680,82,买盘
24,09:31:10,129.85,1441334,111,买盘
25,09:31:13,129.78,843871,65,卖盘
26,09:31:16,129.78,688012,53,卖盘
27,09:31:19,129.76,804578,62,卖盘
28,09:31:22,129.73,817344,63,卖盘
29,09:31:25,129.88,5309992,409,买盘
30,09:31:28,129.83,3662578,282,中性盘
31,09:31:31,129.91,662387,51,买盘
32,09:31:34,129.81,1428320,110,卖盘
33,09:31:37,129.68,545097,42,卖盘
34,09:31:40,129.94,804515,62,买盘
35,09:31:43,129.65,817143,63,卖盘
36,09:31:46,129.65,1349192,104,买盘
37,09:31:49,129.77,311388,24,中性盘
38,09:31:52,129.76,661898,51,卖盘
39,09:31:55,129.75,402270,31,中性盘
40,09:31:58,129.77,376280,29,买盘
41,09:32:01,129.77,986248,76,买盘
42,09:32:04,129.77,570955,44,卖盘
43,09:32:07,129.77,610059,47,卖盘
44,09:32:10,129.7,493105,38,卖盘
45,09:32:13,129.77,1350263,104,中性盘
46,09:32:16,129.77,687893,53,卖盘
47,09:32:19,129.7,596950,46,卖盘
48,09:32:22,129.7,1063462,82,买盘
49,09:32:25,129.7,389072,30,买盘
50,09:32:28,129.77,1764853,136,买盘
51,09:32:31,129.7,791315,61,卖盘
52,09:32:34,129.72,1556273,120,买盘
53,09:32:37,129.72,817477,63,买盘
54,09:32:40,129.74,298378,23,中性盘
55,09:32:43,129.73,687545,53,中性盘
56,09:32:46,129.73,869210,67,买盘
57,09:32:49,129.72,492956,38,卖盘
58,09:32:52,129.72,467029,36,买盘
59,09:32:55,129.63,1815399,140,卖盘
60,09:32:58,129.54,1166048,90,卖盘
61,09:33:01,129.54,401561,31,买盘
62,09:33:04,129.5,854763,66,卖盘
63,09:33:07,129.49,375437,29,中性盘
64,09:33:10,129.46,362466,28,中性盘
65,09:33:13,129.41,815571,63,卖盘
66,09:33:16,129.2,23712313,1835,卖盘
67,09:33:19,129.4,2068536,160,买盘
68,09:33:22,129.39,1111796,86,中性盘
69,09:33:25,129.33,556092,43,中性盘
70,09:33:28,129.38,297370,23,买盘
71,09:33:31,129.37,698057,54,中性盘
72,09:33:34,129.36,892704,69,卖盘
73,09:33:37,129.38,491574,38,买盘
74,09:33:40,129.37,1773465,137,卖盘
75,09:33:43,129.38,711568,55,中性盘
76,09:33:46,129.37,1164485,90,中性盘
77,09:33:49,129.44,517528,40,买盘
78,09:33:52,129.49,724816,56,中性盘
79,09:33:55,129.44,168260,13,卖盘
80,09:33:58,129.4,284674,22,中性盘
81,09:34:01,129.44,711837,55,买盘
82,09:34:04,129.44,918912,71,买盘
83,09:34:07,129.45,453025,35,中性盘
84,09:34:10,129.45,543683,42,买盘
85,09:34:13,129.44,763679,59,卖盘
86,09:34:16,129.44,996680,77,买盘
87,09:34:19,129.41,1307191,101,卖盘
88,09:34:22,129.4,1721035,133,卖盘
89,09:34:25,129.4,297638,23,卖盘
90,09:34:28,129.45,1747080,135,买盘
91,09:34:31,129.45,349441,27,卖盘
92,09:34:34,129.45,388334,30,卖盘
93,09:34:37,129.44,608336,47,中性盘
94,09:34:40,129.33,6482620,501,卖盘
95,09:34:43,129.28,1862047,144,卖盘
96,09:34:46,129.25,1383267,107,卖盘
97,09:34:49,129.22,348967,27,卖盘
98,09:34:52,129.24,504041,39,中性盘
99,09:34:55,129.25,840181,65,买盘
100,09:34:58,129.25,1020972,79,卖盘
101,09:35:01,129.25,1938800,150,买盘
102,09:35:04,129.26,478257,37,中性盘
103,09:35:07,129.26,1189174,92,中性盘
104,09:35:10,129.26,1253812,97,中性盘
105,09:35:13,129.29,1331492,103,买盘
106,09:35:16,129.3,685205,53,买盘
107,09:35:19,129.31,400832,31,买盘
108,09:35:22,129.35,193973,15,买盘
109,09:35:25,129.4,530176,41,买盘
110,09:35:28,129.44,1060341,82,中性盘
111,09:35:31,129.45,349441,27,买盘
112,09:35:34,129.44,181207,14,中性盘
113,09:35:37,129.43,504797,39,中性盘
114,09:35:40,129.4,880040,68,卖盘
115,09:35:43,129.44,362329,28,买盘
116,09:35:46,129.44,129432,10,买盘
117,09:35:49,129.44,194131,15,买盘
118,09:35:52,129.43,478893,37,卖盘
119,09:35:55,129.4,789422,61,卖盘
120,09:35:58,129.42,452917,35,中性盘
121,09:36:01,129.41,659947,51,卖盘
122,09:36:04,129.4,478768,37,买盘
123,09:36:07,129.39,439960,34,卖盘
124,09:36:10,129.5,3456189,267,买盘
125,09:36:13,129.61,1087947,84,买盘
126,09:36:16,129.66,246359,19,买盘
127,09:36:19,129.71,1686468,130,买盘
128,09:36:22,129.74,129714,10,买盘
129,09:36:25,129.73,635423,49,中性盘
130,09:36:28,129.73,246485,19,买盘
131,09:36:31,129.71,596728,46,卖盘
132,09:36:34,129.66,778247,60,卖盘
133,09:36:37,129.62,350129,27,卖盘
134,09:36:40,129.65,1024277,79,买盘
135,09:36:43,129.64,168510,13,中性盘
136,09:36:46,129.6,129605,10,中性盘
137,09:36:49,129.64,233257,18,买盘
138,09:36:52,129.63,194360,15,买盘
139,09:36:55,129.6,246282,19,卖盘
140,09:36:58,129.63,414781,32,买盘
141,09:37:01,129.57,5970436,461,中性盘
142,09:37:04,129.55,388608,30,卖盘
143,09:37:07,129.52,271983,21,中性盘
144,09:37:10,129.51,375574,29,中性盘
145,09:37:13,129.5,142456,11,卖盘
146,09:37:16,129.5,1333948,103,卖盘
147,09:37:19,129.52,181320,14,买盘
148,09:37:22,129.53,142478,11,买盘
149,09:37:25,129.52,310862,24,卖盘
150,09:37:28,129.52,310849,24,卖盘
151,09:37:31,129.52,427410,33,买盘
152,09:37:34,129.52,362639,28,买盘
153,09:37:37,129.51,1618834,125,卖盘
154,09:37:40,129.5,220161,17,卖盘
155,09:37:43,129.51,401476,31,买盘
156,09:37:46,129.5,116557,9,卖盘
157,09:37:49,129.52,595758,46,买盘
158,09:37:52,129.5,738160,57,卖盘
159,09:37:55,129.5,142459,11,卖盘
160,09:37:58,129.53,362656,28,买盘
161,09:38:01,129.53,841920,65,买盘
162,09:38:04,129.53,453360,35,卖盘
163,09:38:07,129.53,194315,15,卖盘
164,09:38:10,129.55,1218165,94,中性盘
165,09:38:13,129.59,233210,18,中性盘
166,09:38:16,129.6,388772,30,买盘
167,09:38:19,129.6,440619,34,买盘
168,09:38:22,129.59,414690,32,中性盘
169,09:38:25,129.59,414648,32,买盘
170,09:38:28,129.55,297987,23,卖盘
171,09:38:31,129.54,1127249,87,卖盘
172,09:38:34,129.54,181361,14,卖盘
173,09:38:37,129.55,505214,39,买盘
174,09:38:40,129.56,362752,28,中性盘
175,09:38:43,129.55,427522,33,卖盘
176,09:38:46,129.55,1023477,79,卖盘
177,09:38:49,129.55,168416,13,买盘
178,09:38:52,129.5,2434969,188,卖盘
179,09:38:55,129.5,919460,71,卖盘
180,09:38:58,129.48,854663,66,卖盘
181,09:39:01,129.47,530878,41,中性盘
182,09:39:04,129.44,362462,28,卖盘
183,09:39:07,129.44,232996,18,卖盘
184,09:39:10,129.43,116487,9,卖盘
185,09:39:13,129.43,970754,75,中性盘
186,09:39:16,129.42,245898,19,中性盘
187,09:39:19,129.39,3118379,241,卖盘
188,09:39:22,129.38,1009165,78,卖盘
189,09:39:25,129.37,530443,41,中性盘
190,09:39:28,129.4,621058,48,买盘
191,09:39:31,129.4,711709,55,卖盘
192,09:39:34,129.4,892879,69,卖盘
193,09:39:37,129.41,517616,40,买盘
194,09:39:40,129.4,1151692,89,卖盘
195,09:39:43,129.41,258813,20,中性盘
196,09:39:46,129.41,168228,13,卖盘
197,09:39:49,129.4,647018,50,卖盘
198,09:39:52,129.41,439965,34,买盘
199,09:39:55,129.4,530533,41,卖盘
200,09:39:58,129.4,401110,31,买盘
201,09:40:01,129.4,634049,49,买盘
202,09:40:04,129.38,219968,17,卖盘
203,09:40:07,129.39,194082,15,买盘
204,09:40:10,129.37,452839,35,卖盘
205,09:40:13,129.37,51751,4,卖盘
206,09:40:16,129.36,323424,25,卖盘
207,09:40:19,129.36,116428,9,卖盘
208,09:40:22,129.37,245788,19,买盘
209,09:40:25,129.37,582143,45,买盘
210,09:40:28,129.37,362234,28,买盘
211,09:40:31,129.37,776218,60,买盘
212,09:40:34,129.37,491609,38,卖盘
213,09:40:37,129.38,401061,31,买盘
214,09:40:40,129.38,828005,64,买盘
215,09:40:43,129.37,659814,51,卖盘
216,09:40:46,129.38,129378,10,卖盘
217,09:40:49,129.39,1255042,97,买盘
218,09:40:52,129.38,388163,30,卖盘
219,09:40:55,129.4,1539805,119,买盘
220,09:40:58,129.38,13321402,1030,卖盘
221,09:41:01,129.38,504599,39,卖盘
222,09:41:04,129.38,776307,60,卖盘
223,09:41:07,129.37,323421,25,中性盘
224,09:41:10,129.37,439722,34,买盘
225,09:41:13,129.36,569138,44,中性盘
226,09:41:16,129.34,879214,68,中性盘
227,09:41:19,129.3,400838,31,卖盘
228,09:41:22,129.3,1021342,79,买盘
229,09:41:25,129.3,620609,48,卖盘
230,09:41:28,129.28,555930,43,卖盘
231,09:41:31,129.3,1357662,105,买盘
232,09:41:34,129.28,374909,29,卖盘
233,09:41:37,129.28,1137552,88,买盘
234,09:41:40,129.26,1034298,80,中性盘
235,09:41:43,129.23,7344611,568,卖盘
236,09:41:46,129.2,1330867,103,卖盘
237,09:41:49,129.2,968986,75,卖盘
238,09:41:52,129.21,865607,67,买盘
239,09:41:55,129.22,865708,67,卖盘
240,09:41:58,129.22,335994,26,卖盘
241,09:42:01,129.21,1951015,151,卖盘
242,09:42:04,129.2,775252,60,卖盘
243,09:42:07,129.21,7439476,576,买盘
244,09:42:10,129.12,1524196,118,卖盘
245,09:42:13,129.12,1291095,100,买盘
246,09:42:16,129.11,1303949,101,中性盘
247,09:42:19,129.11,1458896,113,卖盘
248,09:42:22,129.1,2091476,162,卖盘
249,09:42:25,129.1,942431,73,买盘
250,09:42:28,129.1,774614,60,中性盘
251,09:42:31,129.09,1975060,153,卖盘
252,09:42:34,129.08,3692170,286,卖盘
253,09:42:37,129.08,916473,71,卖盘
254,09:42:40,129.06,1458563,113,卖盘
255,09:42:43,129.07,490486,38,买盘
256,09:42:46,129.11,1678149,130,买盘
257,09:42:49,129.11,748780,58,买盘
258,09:42:52,129.11,1213313,94,买盘
259,09:42:55,129.15,13574609,1052,买盘
260,09:42:58,129.21,568160,44,买盘
261,09:43:01,129.16,736417,57,卖盘
262,09:43:04,129.23,193829,15,买盘
263,09:43:07,129.21,258381,20,中性盘
264,09:43:10,129.21,258392,20,买盘
265,09:43:13,129.18,413452,32,卖盘
266,09:43:16,129.18,245466,19,中性盘
267,09:43:19,129.22,620141,48,买盘
268,09:43:22,129.22,245492,19,买盘
269,09:43:25,129.22,607282,47,中性盘
270,09:43:28,129.23,310146,24,买盘
271,09:43:31,129.21,542703,42,卖盘
272,09:43:34,129.25,245597,19,买盘
273,09:43:37,129.27,232658,18,买盘
274,09:43:40,129.28,245606,19,买盘
275,09:43:43,129.31,530070,41,买盘
276,09:43:46,129.31,323241,25,买盘
277,09:43:49,129.31,724092,56,买盘
278,09:43:52,129.31,297399,23,买盘
279,09:43:55,129.28,2947341,228,卖盘
280,09:43:58,129.28,155130,12,买盘
281,09:44:01,129.28,310266,24,买盘
282,09:44:04,129.3,362049,28,买盘
283,09:44:07,129.34,129301,10,买盘
284,09:44:10,129.34,374998,29,卖盘
285,09:44:13,129.33,297402,23,中性盘
286,09:44:16,129.27,943794,73,卖盘
287,09:44:19,129.27,323168,25,买盘
288,09:44:22,129.25,168034,13,卖盘
289,09:44:25,129.25,219710,17,买盘
290,09:44:28,129.25,348970,27,买盘
291,09:44:31,129.25,400669,31,买盘
292,09:44:34,129.24,439412,34,卖盘
293,09:44:37,129.24,348938,27,买盘
294,09:44:40,129.27,2727495,211,买盘
295,09:44:43,129.24,51694,4,中性盘
296,09:44:46,129.26,491053,38,买盘
297,09:44:49,129.24,310188,24,中性盘
298,09:44:52,129.24,219686,17,买盘
299,09:44:55,129.25,504032,39,买盘
300,09:44:58,129.25,193873,15,卖盘
301,09:45:01,129.25,155102,12,卖盘
302,09:45:04,129.26,426539,33,买盘
303,09:45:07,129.21,3863663,299,卖盘
304,09:45:10,129.25,323099,25,买盘
305,09:45:13,129.21,788331,61,卖盘
306,09:45:16,129.21,478066,37,买盘
307,09:45:19,129.2,2196448,170,卖盘
308,09:45:22,129.21,1304988,101,买盘
309,09:45:25,129.21,943196,73,买盘
310,09:45:28,129.2,2209318,171,卖盘
311,09:45:31,129.2,490958,38,买盘
312,09:45:34,129.19,710561,55,卖盘
313,09:45:37,129.17,968831,75,卖盘
314,09:45:40,129.16,749093,58,卖盘
315,09:45:43,129.14,542420,42,卖盘
316,09:45:46,129.13,90392,7,卖盘
317,09:45:49,129.13,90389,7,买盘
318,09:45:52,129.12,606851,47,卖盘
319,09:45:55,129.11,413160,32,卖盘
320,09:45:58,129.1,1678327,130,卖盘
321,09:46:01,129.1,2478703,192,卖盘
322,09:46:04,129.1,426007,33,买盘
323,09:46:07,129.08,839097,65,卖盘
324,09:46:10,129.09,1846003,143,买盘
325,09:46:13,129.08,542136,42,卖盘
326,09:46:16,129.07,348513,27,卖盘
327,09:46:19,129.07,13443125,1042,卖盘
328,09:46:22,129.01,671061,52,中性盘
329,09:46:25,129.07,864611,67,买盘
330,09:46:28,129.01,696764,54,卖盘
331,09:46:31,129.06,670895,52,卖盘
332,09:46:34,129.06,425834,33,买盘
333,09:46:37,129.06,593664,46,卖盘
334,09:46:40,129.02,761362,59,卖盘
335,09:46:43,129.03,503298,39,卖盘
336,09:46:46,129.03,13661719,1059,买盘
337,09:46:49,129.03,2012749,156,买盘
338,09:46:52,129.02,1328950,103,卖盘
339,09:46:55,129.03,3677102,285,买盘
340,09:46:58,129.03,245157,19,卖盘
341,09:47:01,129.05,464566,36,中性盘
342,09:47:04,129.03,825861,64,卖盘
343,09:47:07,129.05,516185,40,买盘
344,09:47:10,129.03,580688,45,卖盘
345,09:47:13,129.06,103243,8,买盘
346,09:47:16,129.06,425882,33,买盘
347,09:47:19,129.06,619488,48,买盘
348,09:47:22,129.07,335557,26,买盘
349,09:47:25,129.08,400103,31,买盘
350,09:47:28,129.08,219436,17,中性盘
351,09:47:31,129.1,645421,50,买盘
352,09:47:34,129.08,348551,27,卖盘
353,09:47:37,129.09,555134,43,卖盘
354,09:47:40,129.08,890675,69,卖盘
355,09:47:43,129.08,929438,72,卖盘
356,09:47:46,129.09,90364,7,卖盘
357,09:47:49,129.09,1497377,116,卖盘
358,09:47:52,129.09,658352,51,卖盘
359,09:47:55,129.09,580895,45,买盘
360,09:47:58,129.09,309814,24,买盘
361,09:48:01,129.11,451827,35,买盘
362,09:48:04,129.09,284019,22,卖盘
363,09:48:07,129.13,1097369,85,买盘
364,09:48:10,129.13,451960,35,卖盘
365,09:48:13,129.15,25828,2,买盘
366,09:48:16,129.11,5487191,425,卖盘
367,09:48:19,129.11,542259,42,买盘
368,09:48:22,129.11,747668,58,买盘
369,09:48:25,129.11,451882,35,买盘
370,09:48:28,129.11,245317,19,卖盘
371,09:48:31,129.13,451929,35,买盘
372,09:48:34,129.13,309910,24,买盘
373,09:48:37,129.11,890874,69,卖盘
374,09:48:40,129.1,335685,26,卖盘
375,09:48:43,129.11,451884,35,买盘
376,09:48:46,129.11,542255,42,买盘
377,09:48:49,129.11,348599,27,买盘
378,09:48:52,129.11,167843,13,卖盘
379,09:48:55,129.11,296959,23,卖盘
380,09:48:58,129.12,1575153,122,中性盘
381,09:49:01,129.13,994217,77,买盘
382,09:49:04,129.13,193691,15,买盘
383,09:49:07,129.11,645614,50,卖盘
384,09:49:10,129.12,335710,26,中性盘
385,09:49:13,129.12,284053,22,卖盘
386,09:49:16,129.11,14197055,1100,卖盘
387,09:49:19,129.11,1239463,96,买盘
388,09:49:22,129.12,723024,56,买盘
389,09:49:25,129.11,154941,12,卖盘
390,09:49:28,129.12,206588,16,买盘
391,09:49:31,129.12,284054,22,买盘
392,09:49:34,129.12,374445,29,买盘
393,09:49:37,129.12,1213651,94,买盘
394,09:49:40,129.12,51648,4,卖盘
395,09:49:43,129.13,90389,7,买盘
396,09:49:46,129.14,439038,34,买盘
397,09:49:49,129.13,51653,4,卖盘
398,09:49:52,129.13,77482,6,卖盘
399,09:49:55,129.15,464893,36,买盘
400,09:49:58,129.15,284093,22,买盘
401,09:50:01,129.15,142061,11,买盘
402,09:50:04,129.16,90407,7,买盘
403,09:50:07,129.17,258305,20,买盘
404,09:50:10,129.17,90415,7,买盘
405,09:50:13,129.17,129172,10,买盘
406,09:50:16,129.2,258391,20,买盘
407,09:50:19,129.2,477980,37,买盘
408,09:50:22,129.18,232548,18,卖盘
409,09:50:25,129.2,852715,66,买盘
410,09:50:28,129.2,206720,16,买盘
411,09:50:31,129.18,647483,50,卖盘
412,09:50:34,129.19,335885,26,买盘
413,09:50:37,129.19,594230,46,买盘
414,09:50:40,129.19,271294,21,买盘
415,09:50:43,129.19,129190,10,卖盘
416,09:50:46,129.2,852676,66,买盘
417,09:50:49,129.2,206720,16,卖盘
418,09:50:52,129.21,284244,22,买盘
419,09:50:55,129.21,38763,3,买盘
420,09:50:58,129.21,387644,30,卖盘
421,09:51:01,129.2,684767,53,卖盘
422,09:51:04,129.1,10201488,790,卖盘
423,09:51:07,129.14,826364,64,买盘
424,09:51:10,129.14,406830,32,买盘
425,09:51:13,129.13,426127,33,中性盘
426,09:51:16,129.13,167859,13,买盘
427,09:51:19,129.13,206601,16,买盘
428,09:51:22,129.12,813473,63,卖盘
429,09:51:25,129.14,354965,27,买盘
430,09:51:28,129.13,309888,24,买盘
431,09:51:31,129.1,103284,8,卖盘
432,09:51:34,129.09,1045722,81,卖盘
433,09:51:37,129.08,684154,53,卖盘
434,09:51:40,129.08,309790,24,卖盘
435,09:51:43,129.08,503428,39,买盘
436,09:51:46,129.08,774449,60,卖盘
437,09:51:49,129.08,645403,50,买盘
438,09:51:52,129.09,890629,69,买盘
439,09:51:55,129.08,296887,23,卖盘
440,09:51:58,129.09,206523,16,买盘
441,09:52:01,129.08,38725,3,卖盘
442,09:52:04,129.08,154897,12,卖盘
443,09:52:07,129.08,219442,17,卖盘
444,09:52:10,129.08,735772,57,卖盘
445,09:52:13,129.08,503422,39,卖盘
446,09:52:16,129.09,180717,14,中性盘
447,09:52:19,129.1,167813,13,买盘
448,09:52:22,129.08,709958,55,卖盘
449,09:52:25,129.08,684160,53,卖盘
450,09:52:28,129.09,839046,65,买盘
451,09:52:31,129.08,2400937,186,卖盘
452,09:52:34,129.08,77446,6,买盘
453,09:52:37,129.08,13237105,1026,卖盘
454,09:52:40,129.09,258179,20,买盘
455,09:52:43,129.07,761576,59,卖盘
456,09:52:46,129.08,838984,65,买盘
457,09:52:49,129.06,167786,13,卖盘
458,09:52:52,129.06,90346,7,卖盘
459,09:52:55,129.06,477507,37,买盘
460,09:52:58,129.05,154858,12,买盘
461,09:53:01,129.02,451629,35,卖盘
462,09:53:04,129.02,309648,24,买盘
463,09:53:07,129.0,1973833,153,卖盘
464,09:53:10,129.02,709615,55,买盘
465,09:53:13,129.02,580549,45,卖盘
466,09:53:16,129.02,645089,50,买盘
467,09:53:19,129.01,1019213,79,卖盘
468,09:53:22,129.01,1354591,105,买盘
469,09:53:25,129.03,683740,53,买盘
470,09:53:28,129.04,786935,61,买盘
471,09:53:31,129.02,180623,14,卖盘
472,09:53:34,129.01,1057908,82,卖盘
473,09:53:37,129.01,503138,39,买盘
474,09:53:40,129.01,554739,43,买盘
475,09:53:43,129.01,1922208,149,买盘
476,09:53:46,129.01,528942,41,卖盘
477,09:53:49,129.01,399934,31,卖盘
478,09:53:52,129.03,670920,52,买盘
479,09:53:55,129.04,232259,18,买盘
480,09:53:58,129.05,154851,12,买盘
481,09:54:01,129.04,283908,22,卖盘
482,09:54:04,129.05,193575,15,买盘
483,09:54:07,129.05,387158,30,卖盘
484,09:54:10,129.06,503302,39,中性盘
485,09:54:13,129.08,38720,3,买盘
486,09:54:16,129.08,219442,17,买盘
487,09:54:19,129.08,245265,19,卖盘
488,09:54:22,129.09,141994,11,中性盘
489,09:54:25,129.08,606742,47,卖盘
490,09:54:28,129.1,142006,11,买盘
491,09:54:31,129.09,322729,25,卖盘
492,09:54:34,129.11,245282,19,买盘
493,09:54:37,129.11,167838,13,买盘
494,09:54:40,129.11,800386,62,买盘
495,09:54:43,129.11,361484,28,买盘
496,09:54:46,129.11,193665,15,买盘
497,09:54:49,129.12,361510,28,买盘
498,09:54:52,129.12,374437,29,买盘
499,09:54:55,129.13,374448,29,买盘
500,09:54:58,129.15,361558,28,买盘
501,09:55:01,129.16,490729,38,买盘
502,09:55:04,129.14,232441,18,中性盘
503,09:55:07,129.18,361591,28,买盘
504,09:55:10,129.15,142067,11,卖盘
505,09:55:13,129.18,38754,3,买盘
506,09:55:16,129.18,529659,41,买盘
507,09:55:19,129.18,839651,65,买盘
508,09:55:22,129.2,387534,30,买盘
509,09:55:25,129.18,142098,11,卖盘
510,09:55:28,129.18,6725680,521,卖盘
511,09:55:31,129.18,1033443,80,买盘
512,09:55:34,129.18,762122,59,买盘
513,09:55:37,129.18,142096,11,买盘
514,09:55:40,129.19,917231,71,买盘
515,09:55:43,129.2,1150004,89,买盘
516,09:55:46,129.2,12920,1,卖盘
517,09:55:49,129.2,413468,32,卖盘
518,09:55:52,129.2,542645,42,买盘
519,09:55:55,129.24,310176,24,买盘
520,09:55:58,129.24,271405,21,卖盘
521,09:56:01,129.24,64612,5,买盘
522,09:56:04,129.3,530024,41,买盘
523,09:56:07,129.28,258564,20,卖盘
524,09:56:10,129.31,271541,21,买盘
525,09:56:13,129.31,90517,7,卖盘
526,09:56:16,129.3,258623,20,卖盘
527,09:56:19,129.3,155171,12,买盘
528,09:56:22,129.29,193952,15,中性盘
529,09:56:25,129.3,206897,16,卖盘
530,09:56:28,129.3,452561,35,卖盘
531,09:56:31,129.29,219802,17,卖盘
532,09:56:34,129.31,7502569,580,买盘
533,09:56:37,129.31,258606,20,买盘
534,09:56:40,129.28,426683,33,卖盘
535,09:56:43,129.28,866223,67,卖盘
536,09:56:46,129.29,180998,14,买盘
537,09:56:49,129.28,452515,35,中性盘
538,09:56:52,129.29,271512,21,卖盘
539,09:56:55,129.28,400805,31,中性盘
540,09:56:58,129.25,2326552,180,卖盘
541,09:57:01,129.25,917699,71,卖盘
542,09:57:04,129.24,465292,36,卖盘
543,09:57:07,129.24,90471,7,中性盘
544,09:57:10,129.19,490981,38,卖盘
545,09:57:13,129.18,310054,24,卖盘
546,09:57:16,129.17,64581,5,中性盘
547,09:57:19,129.15,77493,6,卖盘
548,09:57:22,129.15,258299,20,卖盘
549,09:57:25,129.15,154976,12,买盘
550,09:57:28,129.15,322867,25,买盘
551,09:57:31,129.13,645663,50,卖盘
552,09:57:34,129.11,387354,30,卖盘
553,09:57:37,129.26,4871592,377,买盘
554,09:57:40,129.26,142186,11,卖盘
555,09:57:43,129.26,206817,16,卖盘
556,09:57:46,129.26,361733,28,买盘
557,09:57:49,129.26,659210,51,买盘
558,09:57:52,129.25,155104,12,中性盘
559,09:57:55,129.23,180940,14,中性盘
560,09:57:58,129.21,38765,3,卖盘
561,09:58:01,129.21,116290,9,中性盘
562,09:58:04,129.18,155026,12,卖盘
563,09:58:07,129.2,155031,12,买盘
564,09:58:10,129.21,348831,27,买盘
565,09:58:13,129.2,206726,16,中性盘
566,09:58:16,129.2,167962,13,中性盘
567,09:58:19,129.18,465054,36,卖盘
568,09:58:22,129.18,361661,28,中性盘
569,09:58:25,129.18,25836,2,中性盘
570,09:58:28,129.18,38752,3,买盘
571,09:58:31,129.13,154971,12,卖盘
572,09:58:34,129.18,710490,55,买盘
573,09:58:37,129.19,90428,7,买盘
574,09:58:40,129.18,6621194,513,卖盘
575,09:58:43,129.17,193752,15,中性盘
576,09:58:46,129.16,387310,30,中性盘
577,09:58:49,129.16,426186,33,买盘
578,09:58:52,129.17,206593,16,买盘
579,09:58:55,129.17,90419,7,卖盘
580,09:58:58,129.16,477905,37,卖盘
581,09:59:01,129.17,206667,16,中性盘
582,09:59:04,129.17,232506,18,卖盘
583,09:59:07,129.17,632885,49,买盘
584,09:59:10,129.16,645831,50,卖盘
585,09:59:13,129.16,142079,11,卖盘
586,09:59:16,129.16,568274,44,买盘
587,09:59:19,129.15,3987048,309,中性盘
588,09:59:22,129.13,180784,14,中性盘
589,09:59:25,129.01,103244,8,卖盘
590,09:59:28,129.15,335744,26,买盘
591,09:59:31,129.14,64567,5,中性盘
592,09:59:34,129.13,116217,9,卖盘
593,09:59:37,129.12,296997,23,卖盘
594,09:59:40,129.12,51648,4,中性盘
595,09:59:43,129.12,245321,19,卖盘
596,09:59:46,129.05,296915,23,卖盘
597,09:59:49,129.11,335679,26,买盘
598,09:59:52,129.1,90373,7,卖盘
599,09:59:55,129.09,593800,46,卖盘
600,09:59:58,129.1,206509,16,买盘
601,10:00:01,129.09,25819,2,中性盘
602,10:00:04,129.06,735767,57,卖盘
603,10:00:07,129.06,335562,26,卖盘
604,10:00:10,129.06,348453,27,买盘
605,10:00:13,129.05,167772,13,卖盘
606,10:00:16,129.05,206484,16,买盘
607,10:00:19,129.05,529069,41,买盘
608,10:00:22,129.06,683939,53,买盘
609,10:00:25,129.06,1651784,128,买盘
610,10:00:28,129.06,567853,44,卖盘
611,10:00:31,129.05,412988,32,卖盘
612,10:00:34,129.05,348444,27,卖盘
613,10:00:37,129.06,103243,8,买盘
614,10:00:40,129.06,219410,17,卖盘
615,10:00:43,129.06,232308,18,卖盘
616,10:00:46,129.06,167779,13,卖盘
617,10:00:49,129.06,245218,19,卖盘
618,10:00:52,129.07,206502,16,买盘
619,10:00:55,129.07,400109,31,买盘
620,10:00:58,129.08,180700,14,买盘
621,10:01:01,129.07,348481,27,卖盘
622,10:01:04,129.07,283951,22,买盘
623,10:01:07,129.07,335579,26,买盘
624,10:01:10,129.07,438827,34,买盘
625,10:01:13,129.09,658308,51,买盘
626,10:01:16,129.09,167817,13,中性盘
627,10:01:19,129.1,387281,30,买盘
628,10:01:22,129.09,258171,20,卖盘
629,10:01:25,129.09,503434,39,买盘
630,10:01:28,129.09,129090,10,买盘
631,10:01:31,129.09,748725,58,买盘
632,10:01:34,129.09,116188,9,卖盘
633,10:01:37,129.09,580907,45,卖盘
634,10:01:40,129.09,180737,14,卖盘
635,10:01:43,129.09,361464,28,卖盘
636,10:01:46,129.08,1368261,106,卖盘
637,10:01:49,129.08,826059,64,买盘
638,10:01:52,129.07,619515,48,中性盘
639,10:01:55,129.07,141980,11,中性盘
640,10:01:58,129.08,1884255,146,买盘
641,10:02:01,129.07,180700,14,中性盘
642,10:02:04,129.07,103256,8,买盘
643,10:02:07,129.08,193612,15,买盘
644,10:02:10,129.08,1019742,79,买盘
645,10:02:13,129.08,116171,9,卖盘
646,10:02:16,129.09,90359,7,买盘
647,10:02:19,129.08,90358,7,卖盘
648,10:02:22,129.08,180713,14,卖盘
649,10:02:25,129.09,167819,13,卖盘
650,10:02:28,129.09,1406957,109,卖盘
651,10:02:31,129.09,335635,26,卖盘
652,10:02:34,129.09,141999,11,买盘
653,10:02:37,129.09,387262,30,买盘
654,10:02:40,129.09,464710,36,买盘
655,10:02:43,129.09,180726,14,买盘
656,10:02:46,129.09,180726,14,卖盘
657,10:02:49,129.13,271111,21,买盘
658,10:02:52,129.09,361475,28,卖盘
659,10:02:55,129.1,38733,3,卖盘
660,10:02:58,129.13,116209,9,买盘
661,10:03:01,129.14,25827,2,买盘
662,10:03:04,129.14,77474,6,买盘
663,10:03:07,129.15,335703,26,买盘
664,10:03:10,129.17,103323,8,买盘
665,10:03:13,129.17,38749,3,买盘
666,10:03:16,129.16,51666,4,卖盘
667,10:03:19,129.17,193733,15,买盘
668,10:03:22,129.16,12916,1,中性盘
669,10:03:25,129.17,322913,25,买盘
670,10:03:28,129.19,116266,9,买盘
671,10:03:31,129.17,38751,3,卖盘
672,10:03:34,129.19,167932,13,买盘
673,10:03:37,129.21,452175,35,买盘
674,10:03:40,129.2,90440,7,卖盘
675,10:03:43,129.21,90444,7,买盘
676,10:03:46,129.22,116292,9,买盘
677,10:03:49,129.22,64610,5,买盘
678,10:03:52,129.22,38767,3,卖盘
679,10:03:55,129.25,452302,35,买盘
680,10:03:58,129.22,206755,16,卖盘
681,10:04:01,129.22,167986,13,买盘
682,10:04:04,129.24,38772,3,买盘
683,10:04:07,129.26,206781,16,买盘
684,10:04:10,129.26,77548,6,中性盘
685,10:04:13,129.27,155116,12,买盘
686,10:04:16,129.27,116340,9,买盘
687,10:04:19,129.27,168047,13,买盘
688,10:04:22,129.27,193900,15,买盘
689,10:04:25,129.27,297315,23,买盘
690,10:04:28,129.27,232677,18,买盘
691,10:04:31,129.27,310250,24,卖盘
692,10:04:34,129.27,361956,28,卖盘
693,10:04:37,129.27,711000,55,买盘
694,10:04:40,129.26,155127,12,中性盘
695,10:04:43,129.25,103406,8,卖盘
696,10:04:46,129.26,258516,20,买盘
697,10:04:49,129.26,142185,11,买盘
698,10:04:52,129.27,374835,29,买盘
699,10:04:55,129.26,51704,4,买盘
700,10:04:58,129.26,361928,28,买盘
701,10:05:01,129.27,555702,43,买盘
702,10:05:04,129.17,1951079,151,卖盘
703,10:05:07,129.2,155022,12,买盘
704,10:05:10,129.2,90440,7,买盘
705,10:05:13,129.17,90431,7,卖盘
706,10:05:16,129.17,245457,19,卖盘
707,10:05:19,129.2,51671,4,中性盘
708,10:05:22,129.16,271269,21,卖盘
709,10:05:25,129.17,206683,16,卖盘
710,10:05:28,129.17,142087,11,买盘
711,10:05:31,129.16,180830,14,卖盘
712,10:05:34,129.16,490815,38,卖盘
713,10:05:37,129.15,361648,28,卖盘
714,10:05:40,129.17,38750,3,买盘
715,10:05:43,129.17,103337,8,卖盘
716,10:05:46,129.17,51668,4,卖盘
717,10:05:49,129.17,232516,18,卖盘
718,10:05:52,129.18,64587,5,买盘
719,10:05:55,129.17,155000,12,买盘
720,10:05:58,129.16,90415,7,卖盘
721,10:06:01,129.16,232499,18,卖盘
722,10:06:04,129.15,452062,35,卖盘
723,10:06:07,129.16,142093,11,卖盘
724,10:06:10,129.18,38750,3,买盘
725,10:06:13,129.17,129167,10,中性盘
726,10:06:16,129.19,90428,7,买盘
727,10:06:19,129.19,64594,5,买盘
728,10:06:22,129.17,90425,7,卖盘
729,10:06:25,129.18,12918,1,买盘
730,10:06:28,129.18,12918,1,买盘
731,10:06:31,129.18,413371,32,卖盘
732,10:06:34,129.17,348772,27,卖盘
733,10:06:37,129.18,77507,6,买盘
734,10:06:40,129.17,374593,29,卖盘
735,10:06:43,129.17,129168,10,买盘
736,10:06:46,129.18,129173,10,买盘
737,10:06:49,129.17,155003,12,卖盘
738,10:06:52,129.17,64584,5,买盘
739,10:06:55,129.18,297093,23,买盘
740,10:06:58,129.17,477941,37,卖盘
741,10:07:01,129.17,180840,14,卖盘
742,10:07:04,129.17,736281,57,买盘
743,10:07:07,129.17,387566,30,卖盘
744,10:07:10,129.19,64595,5,买盘
745,10:07:13,129.2,90434,7,买盘
746,10:07:16,129.19,387571,30,卖盘
747,10:07:19,129.2,956072,74,买盘
748,10:07:22,129.21,51681,4,中性盘
749,10:07:25,129.21,64602,5,买盘
750,10:07:28,129.22,51685,4,买盘
751,10:07:31,129.21,1408395,109,卖盘
752,10:07:34,129.22,206760,16,卖盘
753,10:07:37,129.23,245529,19,买盘
754,10:07:40,129.27,219728,17,买盘
755,10:07:43,129.27,116350,9,卖盘
756,10:07:46,129.28,193908,15,买盘
757,10:07:49,129.28,103427,8,卖盘
758,10:07:52,129.29,155145,12,买盘
759,10:07:55,129.3,155142,12,买盘
760,10:07:58,129.32,918082,71,买盘
761,10:08:01,129.33,103464,8,卖盘
762,10:08:04,129.35,51738,4,买盘
763,10:08:07,129.33,168146,13,卖盘
764,10:08:10,129.33,155198,12,卖盘
765,10:08:13,129.36,129338,10,买盘
766,10:08:16,129.32,51728,4,中性盘
767,10:08:19,129.31,594930,46,卖盘
768,10:08:22,129.33,77594,6,中性盘
769,10:08:25,129.34,194020,15,买盘
770,10:08:28,129.33,168129,13,卖盘
771,10:08:31,129.36,271641,21,买盘
772,10:08:34,129.38,219914,17,买盘
773,10:08:37,129.36,38810,3,卖盘
774,10:08:40,129.38,245822,19,买盘
775,10:08:43,129.39,77632,6,买盘
776,10:08:46,129.38,129386,10,卖盘
777,10:08:49,129.39,207034,16,中性盘
778,10:08:52,129.38,271738,21,卖盘
779,10:08:55,129.38,12938,1,卖盘
780,10:08:58,129.39,375218,29,买盘
781,10:09:01,129.39,116455,9,卖盘
782,10:09:04,129.4,142339,11,买盘
783,10:09:07,129.4,504660,39,卖盘
784,10:09:10,129.44,194123,15,买盘
785,10:09:13,129.45,142386,11,买盘
786,10:09:16,129.46,90622,7,买盘
787,10:09:19,129.46,284811,22,买盘
788,10:09:22,129.46,479009,37,卖盘
789,10:09:25,129.48,38843,3,买盘
790,10:09:28,129.48,543745,42,买盘
791,10:09:31,129.48,427283,33,买盘
792,10:09:34,129.48,90627,7,买盘
793,10:09:37,129.45,310691,24,卖盘
794,10:09:40,129.44,310670,24,卖盘
795,10:09:43,129.44,129429,10,买盘
796,10:09:46,129.4,1242246,96,卖盘
797,10:09:49,129.4,142348,11,买盘
798,10:09:52,129.4,452876,35,买盘
799,10:09:55,129.4,427026,33,卖盘
800,10:09:58,129.39,388205,30,卖盘
801,10:10:01,129.38,439947,34,卖盘
802,10:10:04,129.38,142318,11,卖盘
803,10:10:07,129.38,116442,9,买盘
804,10:10:10,129.37,310508,24,卖盘
805,10:10:13,129.36,155241,12,卖盘
806,10:10:16,129.36,530378,41,卖盘
807,10:10:19,129.36,853860,66,卖盘
808,10:10:22,129.36,323404,25,卖盘
809,10:10:25,129.36,142308,11,买盘
810,10:10:28,129.36,51744,4,买盘
811,10:10:31,129.35,64677,5,卖盘
812,10:10:34,129.37,77617,6,买盘
813,10:10:37,129.37,103496,8,卖盘
814,10:10:40,129.42,349419,27,买盘
815,10:10:43,129.43,129404,10,买盘
816,10:10:46,129.44,90602,7,买盘
817,10:10:49,129.44,155265,12,买盘
818,10:10:52,129.44,297722,23,买盘
819,10:10:58,129.46,77674,6,买盘
820,10:11:01,129.47,194193,15,买盘
821,10:11:04,129.46,867510,67,卖盘
822,10:11:07,129.47,414288,32,买盘
823,10:11:10,129.46,233033,18,中性盘
824,10:11:13,129.43,64726,5,卖盘
825,10:11:16,129.46,232996,18,买盘
826,10:11:19,129.46,142408,11,卖盘
827,10:11:22,129.45,323639,25,中性盘
828,10:11:25,129.43,51778,4,卖盘
829,10:11:28,129.45,142395,11,买盘
830,10:11:31,129.43,64715,5,卖盘
831,10:11:34,129.43,64716,5,卖盘
832,10:11:37,129.4,258806,20,卖盘
833,10:11:40,129.42,297628,23,买盘
834,10:11:43,129.41,116447,9,买盘
835,10:11:46,129.4,310566,24,卖盘
836,10:11:49,129.45,621227,48,买盘
837,10:11:52,129.4,271708,21,买盘
838,10:11:55,129.37,168187,13,卖盘
839,10:11:58,129.37,155237,12,买盘
840,10:12:01,129.37,336364,26,买盘
841,10:12:04,129.37,400987,31,买盘
842,10:12:07,129.37,401015,31,买盘
843,10:12:10,129.37,25874,2,买盘
844,10:12:13,129.35,181114,14,中性盘
845,10:12:16,129.36,439846,34,中性盘
846,10:12:19,129.39,12939,1,中性盘
847,10:12:22,129.4,77628,6,买盘
848,10:12:25,129.36,310468,24,卖盘
849,10:12:28,129.4,38813,3,买盘
850,10:12:31,129.39,64694,5,中性盘
851,10:12:34,129.35,310444,24,卖盘
852,10:12:37,129.36,51747,4,中性盘
853,10:12:40,129.36,38806,3,买盘
854,10:12:43,129.36,12936,1,卖盘
855,10:12:46,129.36,12936,1,卖盘
856,10:12:49,129.38,129366,10,买盘
857,10:12:52,129.38,38814,3,卖盘
858,10:12:55,129.38,155256,12,卖盘
859,10:12:58,129.36,38810,3,卖盘
860,10:13:01,129.36,245830,19,卖盘
861,10:13:04,129.36,90573,7,卖盘
862,10:13:07,129.39,129386,10,买盘
863,10:13:10,129.38,64690,5,卖盘
864,10:13:13,129.37,155260,12,卖盘
865,10:13:16,129.39,64693,5,买盘
866,10:13:19,129.39,51756,4,中性盘
867,10:13:22,129.38,116448,9,卖盘
868,10:13:25,129.4,142333,11,买盘
869,10:13:28,129.38,763452,59,卖盘
870,10:13:31,129.38,90566,7,买盘
871,10:13:34,129.38,64694,5,卖盘
872,10:13:37,129.38,103506,8,卖盘
873,10:13:40,129.38,336395,26,卖盘
874,10:13:43,129.38,90566,7,买盘
875,10:13:46,129.37,64688,5,卖盘
876,10:13:49,129.38,595148,46,买盘
877,10:13:52,129.38,38814,3,卖盘
878,10:13:55,129.38,77630,6,卖盘
879,10:13:58,129.39,103517,8,中性盘
880,10:14:04,129.39,219978,17,卖盘
881,10:14:07,129.39,12939,1,卖盘
882,10:14:10,129.4,116453,9,买盘
883,10:14:13,129.39,90578,7,卖盘
884,10:14:16,129.39,401079,31,卖盘
885,10:14:19,129.37,258774,20,卖盘
886,10:14:22,129.36,556269,43,卖盘
887,10:14:25,129.37,129385,10,买盘
888,10:14:28,129.37,51750,4,买盘
889,10:14:31,129.37,25874,2,卖盘
890,10:14:34,129.37,206996,16,卖盘
891,10:14:37,129.36,426916,33,卖盘
892,10:14:40,129.4,64696,5,买盘
893,10:14:43,129.36,116429,9,卖盘
894,10:14:46,129.4,38819,3,买盘
895,10:14:49,129.39,25878,2,中性盘
896,10:14:52,129.39,116451,9,中性盘
897,10:14:55,129.37,271697,21,卖盘
898,10:14:58,129.37,103496,8,买盘
899,10:15:01,129.37,103498,8,中性盘
900,10:15:04,129.37,401044,31,买盘
901,10:15:07,129.36,413978,32,卖盘
902,10:15:10,129.36,116432,9,卖盘
903,10:15:13,129.36,439831,34,卖盘
904,10:15:16,129.36,168174,13,卖盘
905,10:15:19,129.36,90552,7,买盘
906,10:15:22,129.35,90547,7,卖盘
907,10:15:25,129.35,64677,5,卖盘
908,10:15:28,129.36,38808,3,买盘
909,10:15:31,129.35,672626,52,卖盘
910,10:15:34,129.35,103480,8,买盘
911,10:15:37,129.35,181090,14,买盘
912,10:15:40,129.37,504501,39,买盘
913,10:15:43,129.35,362191,28,卖盘
914,10:15:46,129.36,103489,8,买盘
915,10:15:49,129.35,77608,6,买盘
916,10:15:52,129.34,284554,22,卖盘
917,10:15:55,129.35,620857,48,买盘
918,10:15:58,129.33,245745,19,卖盘
919,10:16:01,129.33,129332,10,卖盘
920,10:16:04,129.33,193995,15,卖盘
921,10:16:07,129.32,336252,26,卖盘
922,10:16:10,129.35,284553,22,买盘
923,10:16:13,129.36,25872,2,买盘
924,10:16:16,129.31,620804,48,卖盘
925,10:16:19,129.31,90517,7,买盘
926,10:16:22,129.3,1137922,88,卖盘
927,10:16:25,129.37,3407625,264,买盘
928,10:16:28,129.37,1617113,125,买盘
929,10:16:31,129.37,206985,16,买盘
930,10:16:34,129.37,310487,24,买盘
931,10:16:37,129.37,181118,14,买盘
932,10:16:40,129.37,90558,7,卖盘
933,10:16:43,129.4,659904,51,买盘
934,10:16:46,129.4,362201,28,买盘
935,10:16:49,129.4,362318,28,买盘
936,10:16:55,129.4,51757,4,买盘
937,10:16:58,129.4,323494,25,买盘
938,10:17:01,129.4,414078,32,买盘
939,10:17:04,129.4,129397,10,买盘
940,10:17:07,129.4,38820,3,买盘
941,10:17:10,129.4,90580,7,买盘
942,10:17:13,129.4,38820,3,买盘
943,10:17:16,129.41,427017,33,买盘
944,10:17:19,129.41,38820,3,买盘
945,10:17:22,129.41,51764,4,卖盘
946,10:17:25,129.43,77657,6,买盘
947,10:17:28,129.41,38823,3,卖盘
948,10:17:31,129.43,168245,13,买盘
949,10:17:34,129.41,232927,18,卖盘
950,10:17:37,129.41,129410,10,买盘
951,10:17:40,129.42,271746,21,中性盘
952,10:17:43,129.41,103529,8,买盘
953,10:17:46,129.4,25880,2,卖盘
954,10:17:49,129.42,64707,5,买盘
955,10:17:52,129.43,258853,20,买盘
956,10:17:55,129.42,530594,41,中性盘
957,10:17:58,129.42,323550,25,中性盘
958,10:18:01,129.42,401199,31,买盘
959,10:18:04,129.42,207066,16,买盘
960,10:18:07,129.43,103540,8,买盘
961,10:18:10,129.42,103536,8,卖盘
962,10:18:13,129.42,698876,54,卖盘
963,10:18:16,129.42,116478,9,买盘
964,10:18:19,129.42,181188,14,买盘
965,10:18:22,129.43,168258,13,买盘
966,10:18:25,129.43,103542,8,买盘
967,10:18:28,129.43,64715,5,买盘
968,10:18:31,129.43,25886,2,卖盘
969,10:18:34,129.43,388275,30,卖盘
970,10:18:37,129.41,258831,20,卖盘
971,10:18:40,129.44,181200,14,买盘
972,10:18:43,129.44,155318,12,买盘
973,10:18:46,129.44,207096,16,买盘
974,10:18:49,129.44,168272,13,买盘
975,10:18:52,129.42,207089,16,卖盘
976,10:18:55,129.42,90602,7,卖盘
977,10:18:58,129.42,155304,12,卖盘
978,10:19:01,129.42,414144,32,卖盘
979,10:19:04,129.41,854140,66,卖盘
980,10:19:07,129.42,220008,17,中性盘
981,10:19:10,129.42,90588,7,买盘
982,10:19:13,129.41,181178,14,卖盘
983,10:19:16,129.41,181170,14,买盘
984,10:19:19,129.41,1138734,88,买盘
985,10:19:22,129.41,103528,8,买盘
986,10:19:25,129.4,155280,12,卖盘
987,10:19:28,129.4,142344,11,卖盘
988,10:19:31,129.39,401125,31,卖盘
989,10:19:34,129.39,530500,41,卖盘
990,10:19:37,129.38,181131,14,卖盘
991,10:19:40,129.35,401031,31,卖盘
992,10:19:43,129.35,155219,12,买盘
993,10:19:46,129.35,12935,1,卖盘
994,10:19:49,129.37,297515,23,买盘
995,10:19:52,129.35,219921,17,卖盘
996,10:19:55,129.37,543355,42,卖盘
997,10:19:58,129.35,181100,14,卖盘
998,10:20:01,129.35,181115,14,卖盘
999,10:20:04,129.38,103502,8,买盘
1000,10:20:07,129.37,155251,12,卖盘
1001,10:20:10,129.39,155260,12,买盘
1002,10:20:13,129.39,297560,23,买盘
1003,10:20:16,129.38,103501,8,中性盘
1004,10:20:19,129.39,388124,30,买盘
1005,10:20:22,129.38,77628,6,买盘
1006,10:20:25,129.37,129378,10,卖盘
1007,10:20:28,129.37,155251,12,卖盘
1008,10:20:31,129.37,116437,9,卖盘
1009,10:20:34,129.37,103496,8,卖盘
1010,10:20:37,129.38,25876,2,买盘
1011,10:20:40,129.38,12938,1,买盘
1012,10:20:43,129.38,90564,7,买盘
1013,10:20:46,129.37,194065,15,卖盘
1014,10:20:49,129.37,90559,7,卖盘
1015,10:20:52,129.37,414006,32,卖盘
1016,10:20:55,129.37,51747,4,买盘
1017,10:20:58,129.37,103496,8,买盘
1018,10:21:01,129.37,90556,7,买盘
1019,10:21:04,129.36,258738,20,卖盘
1020,10:21:07,129.36,284579,22,卖盘
1021,10:21:10,129.36,284592,22,买盘
1022,10:21:13,129.37,375151,29,买盘
1023,10:21:16,129.36,310462,24,卖盘
1024,10:21:19,129.35,38807,3,卖盘
1025,10:21:22,129.36,413921,32,中性盘
1026,10:21:25,129.35,232834,18,卖盘
1027,10:21:28,129.35,142291,11,卖盘
1028,10:21:31,129.35,206961,16,卖盘
1029,10:21:34,129.35,206973,16,卖盘
1030,10:21:37,129.36,12936,1,买盘
1031,10:21:40,129.36,413946,32,买盘
1032,10:21:43,129.35,271647,21,卖盘
1033,10:21:46,129.35,388092,30,卖盘
1034,10:21:49,129.35,1164307,90,卖盘
1035,10:21:52,129.35,129355,10,卖盘
1036,10:21:55,129.35,103480,8,卖盘
1037,10:21:58,129.34,7883892,610,卖盘
1038,10:22:01,129.35,64673,5,买盘
1039,10:22:04,129.3,219861,17,中性盘
1040,10:22:07,129.3,77581,6,卖盘
1041,10:22:10,129.34,90535,7,买盘
1042,10:22:13,129.3,323252,25,卖盘
1043,10:22:16,129.29,38789,3,卖盘
1044,10:22:19,129.3,711142,55,买盘
1045,10:22:22,129.3,142179,11,买盘
1046,10:22:25,129.2,25849,2,卖盘
1047,10:22:28,129.29,193901,15,买盘
1048,10:22:31,129.29,2480323,192,买盘
1049,10:22:34,129.27,6766112,524,中性盘
1050,10:22:37,129.2,387705,30,中性盘
1051,10:22:40,129.3,400560,31,买盘
1052,10:22:43,129.2,129230,10,卖盘
1053,10:22:46,129.2,348900,27,卖盘
1054,10:22:49,129.2,25840,2,卖盘
1055,10:22:52,129.28,116347,9,买盘
1056,10:22:55,129.28,323053,25,买盘
1057,10:22:58,129.29,38786,3,买盘
1058,10:23:01,129.21,51691,4,卖盘
1059,10:23:04,129.29,142220,11,中性盘
1060,10:23:07,129.28,142216,11,卖盘
1061,10:23:10,129.29,25858,2,买盘
1062,10:23:13,129.28,206854,16,卖盘
1063,10:23:16,129.28,465409,36,卖盘
1064,10:23:19,129.28,129282,10,卖盘
1065,10:23:22,129.28,530051,41,卖盘
1066,10:23:25,129.29,168064,13,买盘
1067,10:23:28,129.29,116356,9,买盘
1068,10:23:31,129.29,413725,32,买盘
1069,10:23:34,129.29,168067,13,买盘
1070,10:23:37,129.31,2495461,193,买盘
1071,10:23:40,129.34,6523180,505,中性盘
1072,10:23:43,129.32,25867,2,中性盘
1073,10:23:46,129.35,607930,47,买盘
1074,10:23:49,129.35,155211,12,买盘
1075,10:23:52,129.36,1176674,91,买盘
1076,10:23:58,129.36,64681,5,卖盘
1077,10:24:01,129.36,194042,15,卖盘
1078,10:24:04,129.36,64682,5,卖盘
1079,10:24:07,129.36,168168,13,买盘
1080,10:24:10,129.36,116424,9,买盘
1081,10:24:13,129.36,51744,4,买盘
1082,10:24:16,129.37,77617,6,买盘
1083,10:24:19,129.37,90558,7,买盘
1084,10:24:22,129.35,439809,34,卖盘
1085,10:24:25,129.33,181084,14,中性盘
1086,10:24:28,129.34,77601,6,买盘
1087,10:24:31,129.33,51728,4,中性盘
1088,10:24:34,129.34,116411,9,中性盘
1089,10:24:37,129.33,90531,7,卖盘
1090,10:24:40,129.33,25866,2,卖盘
1091,10:24:43,129.3,6475519,501,卖盘
1092,10:24:46,129.29,90506,7,买盘
1093,10:24:49,129.15,38767,3,卖盘
1094,10:24:52,129.26,64630,5,买盘
1095,10:24:55,129.2,51691,4,卖盘
1096,10:24:58,129.24,25847,2,中性盘
1097,10:25:01,129.2,155017,12,中性盘
1098,10:25:04,129.26,245577,19,买盘
1099,10:25:07,129.26,90489,7,中性盘
1100,10:25:10,129.29,840145,65,买盘
1101,10:25:13,129.28,206845,16,买盘
1102,10:25:16,129.27,116335,9,中性盘
1103,10:25:19,129.25,297307,23,卖盘
1104,10:25:22,129.27,64629,5,买盘
1105,10:25:25,129.25,116335,9,卖盘
1106,10:25:28,129.25,64626,5,卖盘
1107,10:25:31,129.24,180896,14,卖盘
1108,10:25:34,129.25,956129,74,买盘
1109,10:25:37,129.16,697601,54,卖盘
1110,10:25:40,129.16,503638,39,买盘
1111,10:25:43,129.16,116244,9,买盘
1112,10:25:46,129.15,297057,23,买盘
1113,10:25:49,129.16,555388,43,买盘
1114,10:25:52,129.14,387394,30,卖盘
1115,10:25:55,129.1,929596,72,卖盘
1116,10:25:58,129.14,38742,3,买盘
1117,10:26:01,129.14,232426,18,买盘
1118,10:26:04,129.1,426103,33,卖盘
1119,10:26:07,129.14,77469,6,买盘
1120,10:26:10,129.11,542269,42,卖盘
1121,10:26:13,129.11,90387,7,卖盘
1122,10:26:16,129.11,116202,9,买盘
1123,10:26:19,129.11,103290,8,中性盘
1124,10:26:22,129.1,6803183,527,卖盘
1125,10:26:25,129.16,219536,17,买盘
1126,10:26:28,129.13,271117,21,中性盘
1127,10:26:31,129.16,129133,10,买盘
1128,10:26:34,129.27,801132,62,买盘
1129,10:26:37,129.18,142082,11,中性盘
1130,10:26:40,129.18,51663,4,买盘
1131,10:26:46,129.16,103367,8,卖盘
1132,10:26:49,129.16,103327,8,卖盘
1133,10:26:52,129.23,51685,4,中性盘
1134,10:26:55,129.23,284175,22,买盘
1135,10:26:58,129.24,129231,10,买盘
1136,10:27:01,129.23,439257,34,卖盘
1137,10:27:04,129.18,116282,9,中性盘
1138,10:27:07,129.26,206728,16,买盘
1139,10:27:10,129.25,180888,14,中性盘
1140,10:27:13,129.16,6520292,505,卖盘
1141,10:27:16,129.18,103362,8,中性盘
1142,10:27:19,129.16,142003,11,中性盘
1143,10:27:22,129.16,103323,8,卖盘
1144,10:27:25,129.21,116290,9,买盘
1145,10:27:28,129.22,180875,14,买盘
1146,10:27:31,129.22,167981,13,中性盘
1147,10:27:34,129.22,51691,4,中性盘
1148,10:27:37,129.23,90461,7,卖盘
1149,10:27:40,129.25,206780,16,买盘
1150,10:27:43,129.25,142155,11,买盘
1151,10:27:46,129.23,155076,12,中性盘
1152,10:27:49,129.22,51689,4,卖盘
1153,10:27:52,129.23,51691,4,买盘
1154,10:27:55,129.22,77534,6,卖盘
1155,10:27:58,129.23,193841,15,买盘
1156,10:28:04,129.21,206753,16,卖盘
1157,10:28:07,129.21,103370,8,卖盘
1158,10:28:10,129.21,90451,7,卖盘
1159,10:28:13,129.21,38763,3,卖盘
1160,10:28:16,129.21,90447,7,买盘
1161,10:28:19,129.19,1291999,100,卖盘
1162,10:28:22,129.2,335915,26,买盘
1163,10:28:25,129.21,64601,5,买盘
1164,10:28:28,129.2,193791,15,卖盘
1165,10:28:31,129.2,64600,5,买盘
1166,10:28:34,129.19,90437,7,卖盘
1167,10:28:37,129.2,64599,5,买盘
1168,10:28:40,129.2,142106,11,买盘
1169,10:28:43,129.21,219638,17,买盘
1170,10:28:46,129.2,12920,1,卖盘
1171,10:28:49,129.2,245482,19,卖盘
1172,10:28:52,129.21,142122,11,买盘
1173,10:28:55,129.2,77521,6,卖盘
1174,10:29:01,129.19,90433,7,卖盘
1175,10:29:04,129.19,38757,3,买盘
1176,10:29:07,129.19,103351,8,买盘
1177,10:29:10,129.19,51679,4,卖盘
1178,10:29:13,129.19,490893,38,卖盘
1179,10:29:16,129.19,103352,8,卖盘
1180,10:29:19,129.19,51676,4,买盘
1181,10:29:22,129.19,1381992,107,买盘
1182,10:29:25,129.19,51676,4,买盘
1183,10:29:28,129.18,271279,21,买盘
1184,10:29:31,129.18,465022,36,买盘
1185,10:29:34,129.18,477939,37,买盘
1186,10:29:37,129.17,129178,10,卖盘
1187,10:29:40,129.18,64590,5,买盘
1188,10:29:43,129.18,25836,2,买盘
1189,10:29:46,129.18,103343,8,买盘
1190,10:29:49,129.17,335848,26,卖盘
1191,10:29:52,129.17,12917,1,买盘
1192,10:29:55,129.17,180838,14,买盘
1193,10:29:58,129.17,155003,12,买盘
1194,10:30:01,129.17,142089,11,卖盘
1195,10:30:04,129.16,271261,21,卖盘
1196,10:30:07,129.19,25835,2,买盘
1197,10:30:10,129.18,284192,22,中性盘
1198,10:30:13,129.19,400393,31,买盘
1199,10:30:16,129.18,12918,1,卖盘
1200,10:30:19,129.18,232514,18,中性盘
1201,10:30:22,129.17,103336,8,中性盘
1202,10:30:25,129.16,284159,22,卖盘
1203,10:30:28,129.17,129169,10,买盘
1204,10:30:31,129.17,452070,35,卖盘
1205,10:30:34,129.17,891316,69,买盘
1206,10:30:37,129.16,51667,4,卖盘
1207,10:30:40,129.16,90413,7,卖盘
1208,10:30:43,129.16,51664,4,卖盘
1209,10:30:46,129.16,180824,14,买盘
1210,10:30:49,129.16,232477,18,买盘
1211,10:30:52,129.15,1614649,125,卖盘
1212,10:30:55,129.15,322881,25,卖盘
1213,10:30:58,129.16,103335,8,卖盘
1214,10:31:01,129.16,142072,11,卖盘
1215,10:31:04,129.19,154995,12,买盘
1216,10:31:07,129.16,503695,39,买盘
1217,10:31:10,129.16,2415228,187,买盘
1218,10:31:13,129.16,271227,21,卖盘
1219,10:31:16,129.19,348735,27,买盘
1220,10:31:19,129.16,219610,17,卖盘
1221,10:31:22,129.16,12916,1,卖盘
1222,10:31:25,129.2,38760,3,买盘
1223,10:31:28,129.16,1382348,107,卖盘
1224,10:31:31,129.2,103344,8,中性盘
1225,10:31:34,129.16,1627384,126,卖盘
1226,10:31:37,129.16,142091,11,中性盘
1227,10:31:40,129.16,64588,5,买盘
1228,10:31:43,129.16,142076,11,买盘
1229,10:31:46,129.15,1291522,100,卖盘
1230,10:31:49,129.15,129150,10,买盘
1231,10:31:52,129.14,154975,12,卖盘
1232,10:31:55,129.14,116231,9,卖盘
1233,10:32:01,129.14,271195,21,卖盘
1234,10:32:04,129.16,632837,49,买盘
1235,10:32:07,129.14,839443,65,卖盘
1236,10:32:10,129.13,90396,7,卖盘
1237,10:32:13,129.14,219536,17,买盘
1238,10:32:16,129.16,309955,24,买盘
1239,10:32:19,129.14,90400,7,卖盘
1240,10:32:22,129.15,51663,4,中性盘
1241,10:32:25,129.16,387480,30,买盘
1242,10:32:28,129.18,167895,13,买盘
1243,10:32:31,129.18,193736,15,买盘
1244,10:32:34,129.18,154984,12,买盘
1245,10:32:37,129.18,167928,13,买盘
1246,10:32:40,129.16,193764,15,中性盘
1247,10:32:43,129.16,297066,23,买盘
1248,10:32:46,129.15,387476,30,卖盘
1249,10:32:49,129.15,206641,16,卖盘
1250,10:32:52,129.16,167904,13,买盘
1251,10:32:55,129.16,129154,10,买盘
1252,10:32:58,129.16,309968,24,买盘
1253,10:33:01,129.16,180823,14,买盘
1254,10:33:04,129.15,51661,4,卖盘
1255,10:33:07,129.16,142073,11,买盘
1256,10:33:10,129.15,116243,9,卖盘
1257,10:33:16,129.2,762172,59,买盘
1258,10:33:19,129.2,607237,47,买盘
1259,10:33:22,129.21,206709,16,买盘
1260,10:33:25,129.21,116289,9,买盘
1261,10:33:28,129.21,400524,31,买盘
1262,10:33:31,129.21,129195,10,买盘
1263,10:33:34,129.2,25840,2,买盘
1264,10:33:37,129.2,77516,6,买盘
1265,10:33:40,129.21,374702,29,买盘
1266,10:33:43,129.21,12921,1,卖盘
1267,10:33:46,129.21,6768270,524,卖盘
1268,10:33:49,129.22,116296,9,买盘
1269,10:33:52,129.22,38766,3,卖盘
1270,10:33:55,129.22,103378,8,卖盘
1271,10:33:58,129.22,167996,13,卖盘
1272,10:34:01,129.22,167989,13,中性盘
1273,10:34:04,129.22,38764,3,买盘
1274,10:34:07,129.22,193823,15,买盘
1275,10:34:10,129.22,129220,10,买盘
1276,10:34:13,129.21,129214,10,卖盘
1277,10:34:16,129.22,103370,8,买盘
1278,10:34:19,129.2,64604,5,卖盘
1279,10:34:22,129.21,77524,6,买盘
1280,10:34:25,129.2,297161,23,卖盘
1281,10:34:28,129.2,38759,3,买盘
1282,10:34:31,129.18,77513,6,卖盘
1283,10:34:34,129.2,581403,45,买盘
1284,10:34:37,129.21,64605,5,买盘
1285,10:34:40,129.22,116296,9,买盘
1286,10:34:43,129.21,193814,15,卖盘
1287,10:34:46,129.21,12921,1,买盘
1288,10:34:49,129.21,103367,8,买盘
1289,10:34:52,129.2,284244,22,卖盘
1290,10:34:55,129.21,12921,1,卖盘
1291,10:34:58,129.21,64606,5,卖盘
1292,10:35:01,129.21,38764,3,卖盘
1293,10:35:04,129.22,2649587,205,买盘
1294,10:35:07,129.22,284341,22,卖盘
1295,10:35:10,129.24,103386,8,中性盘
1296,10:35:13,129.24,38773,3,卖盘
1297,10:35:16,129.24,12924,1,中性盘
1298,10:35:19,129.24,25848,2,卖盘
1299,10:35:22,129.25,168015,13,买盘
1300,10:35:25,129.25,90475,7,买盘
1301,10:35:28,129.25,38775,3,卖盘
1302,10:35:31,129.26,38778,3,买盘
1303,10:35:34,129.25,116326,9,卖盘
1304,10:35:37,129.25,116329,9,卖盘
1305,10:35:40,129.27,374877,29,买盘
1306,10:35:43,129.26,180965,14,买盘
1307,10:35:46,129.26,38778,3,中性盘
1308,10:35:49,129.27,64633,5,买盘
1309,10:35:52,129.26,103407,8,卖盘
1310,10:35:55,129.26,116333,9,买盘
1311,10:35:58,129.26,245591,19,买盘
1312,10:36:01,129.26,116332,9,买盘
1313,10:36:04,129.25,504084,39,卖盘
1314,10:36:07,129.24,129248,10,卖盘
1315,10:36:10,129.25,38775,3,买盘
1316,10:36:13,129.24,103392,8,卖盘
1317,10:36:16,129.24,168007,13,买盘
1318,10:36:19,129.25,64623,5,买盘
1319,10:36:22,129.25,90474,7,买盘
1320,10:36:25,129.25,12925,1,买盘
1321,10:36:28,129.25,297275,23,买盘
1322,10:36:31,129.24,64623,5,卖盘
1323,10:36:34,129.25,193886,15,卖盘
1324,10:36:37,129.25,116331,9,卖盘
1325,10:36:43,129.27,90484,7,买盘
1326,10:36:46,129.27,1060009,82,买盘
1327,10:36:49,129.25,206803,16,卖盘
1328,10:36:52,129.24,168034,13,卖盘
1329,10:36:58,129.27,64632,5,买盘
1330,10:37:01,129.27,38779,3,买盘
1331,10:37:04,129.26,168038,13,卖盘
1332,10:37:07,129.26,258522,20,中性盘
1333,10:37:10,129.26,64630,5,中性盘
1334,10:37:13,129.27,297321,23,买盘
1335,10:37:16,129.26,129268,10,卖盘
1336,10:37:19,129.27,12927,1,买盘
1337,10:37:22,129.27,245604,19,买盘
1338,10:37:25,129.26,245583,19,中性盘
1339,10:37:28,129.25,12925,1,卖盘
1340,10:37:31,129.25,155109,12,卖盘
1341,10:37:34,129.26,323149,25,买盘
1342,10:37:37,129.26,51704,4,卖盘
1343,10:37:40,129.27,90484,7,买盘
1344,10:37:43,129.27,64632,5,买盘
1345,10:37:46,129.27,12927,1,买盘
1346,10:37:49,129.26,310247,24,卖盘
1347,10:37:52,129.28,1680508,130,买盘
1348,10:37:55,129.27,232697,18,卖盘
1349,10:37:58,129.27,284394,22,卖盘
1350,10:38:01,129.3,271529,21,买盘
1351,10:38:04,129.27,38781,3,卖盘
1352,10:38:07,129.3,336147,26,买盘
1353,10:38:10,129.26,12926,1,卖盘
1354,10:38:13,129.29,38786,3,买盘
1355,10:38:16,129.27,180983,14,卖盘
1356,10:38:19,129.26,258529,20,卖盘
1357,10:38:22,129.26,180969,14,卖盘
1358,10:38:25,129.27,64636,5,买盘
1359,10:38:31,129.26,323151,25,卖盘
1360,10:38:34,129.27,51706,4,买盘
1361,10:38:37,129.27,51705,4,买盘
1362,10:38:40,129.25,297293,23,卖盘
1363,10:38:43,129.26,64630,5,买盘
1364,10:38:46,129.27,517020,40,买盘
1365,10:38:49,129.25,478259,37,卖盘
1366,10:38:52,129.28,51708,4,买盘
1367,10:38:55,129.27,38781,3,中性盘
1368,10:38:58,129.26,38778,3,卖盘
1369,10:39:01,129.26,517017,40,买盘
1370,10:39:04,129.26,77556,6,买盘
1371,10:39:07,129.26,1641504,127,买盘
1372,10:39:10,129.25,77555,6,卖盘
1373,10:39:13,129.26,142182,11,买盘
1374,10:39:16,129.25,297276,23,卖盘
1375,10:39:19,129.27,103412,8,买盘
1376,10:39:22,129.24,465317,36,卖盘
1377,10:39:25,129.27,271463,21,买盘
1378,10:39:28,129.27,51708,4,卖盘
1379,10:39:31,129.27,51709,4,卖盘
1380,10:39:34,129.27,142197,11,卖盘
1381,10:39:37,129.27,38781,3,卖盘
1382,10:39:40,129.27,698058,54,卖盘
1383,10:39:43,129.26,116339,9,卖盘
1384,10:39:46,129.26,12926,1,买盘
1385,10:39:49,129.26,103408,8,买盘
1386,10:39:52,129.24,646227,50,卖盘
1387,10:39:55,129.26,90476,7,中性盘
1388,10:40:01,129.26,25853,2,卖盘
1389,10:40:04,129.26,12926,1,买盘
1390,10:40:07,129.26,142180,11,买盘
1391,10:40:10,129.25,336053,26,卖盘
1392,10:40:13,129.25,956380,74,中性盘
1393,10:40:16,129.24,517011,40,卖盘
1394,10:40:19,129.25,77551,6,中性盘
1395,10:40:22,129.26,245581,19,买盘
1396,10:40:25,129.24,129244,10,卖盘
1397,10:40:28,129.24,2830923,219,卖盘
1398,10:40:31,129.24,478255,37,卖盘
1399,10:40:34,129.26,38776,3,买盘
1400,10:40:37,129.25,51701,4,中性盘
1401,10:40:40,129.26,465316,36,买盘
1402,10:40:43,129.23,12923,1,卖盘
1403,10:40:46,129.28,297332,23,买盘
1404,10:40:49,129.28,206849,16,卖盘
1405,10:40:52,129.29,478338,37,买盘
1406,10:40:55,129.28,297364,23,卖盘
1407,10:40:58,129.28,206858,16,卖盘
1408,10:41:01,129.28,90497,7,卖盘
1409,10:41:04,129.28,116352,9,卖盘
1410,10:41:07,129.28,659351,51,卖盘
1411,10:41:10,129.29,38785,3,买盘
1412,10:41:13,129.28,142208,11,买盘
1413,10:41:16,129.28,155132,12,买盘
1414,10:41:19,129.27,297342,23,卖盘
1415,10:41:22,129.27,38781,3,买盘
1416,10:41:25,129.26,90484,7,卖盘
1417,10:41:28,129.26,90485,7,卖盘
1418,10:41:31,129.28,38782,3,买盘
1419,10:41:34,129.28,51708,4,买盘
1420,10:41:37,129.28,607555,47,买盘
1421,10:41:40,129.26,77564,6,卖盘
1422,10:41:43,129.26,90482,7,买盘
1423,10:41:46,129.25,426545,33,卖盘
1424,10:41:49,129.26,90479,7,中性盘
1425,10:41:52,129.28,90496,7,买盘
1426,10:41:55,129.25,542923,42,卖盘
1427,10:41:58,129.25,38775,3,买盘
1428,10:42:01,129.24,51698,4,卖盘
1429,10:42:04,129.25,25850,2,买盘
1430,10:42:07,129.25,374809,29,买盘
1431,10:42:10,129.25,387705,30,买盘
1432,10:42:13,129.25,103400,8,买盘
1433,10:42:16,129.25,155089,12,买盘
1434,10:42:19,129.25,8235245,637,买盘
1435,10:42:22,129.3,193903,15,买盘
1436,10:42:28,129.3,116340,9,买盘
1437,10:42:31,129.3,258594,20,买盘
1438,10:42:34,129.33,103434,8,买盘
1439,10:42:37,129.33,258676,20,中性盘
1440,10:42:40,129.34,90538,7,中性盘
1441,10:42:43,129.34,491567,38,卖盘
1442,10:42:46,129.31,478541,37,卖盘
1443,10:42:49,129.31,64655,5,买盘
1444,10:42:52,129.31,374999,29,买盘
1445,10:42:55,129.31,193963,15,买盘
1446,10:42:58,129.31,530144,41,买盘
1447,10:43:01,129.3,64651,5,卖盘
1448,10:43:04,129.31,90520,7,买盘
1449,10:43:07,129.34,38799,3,买盘
1450,10:43:10,129.33,64668,5,中性盘
1451,10:43:13,129.36,116408,9,买盘
1452,10:43:16,129.37,64679,5,买盘
1453,10:43:19,129.37,38808,3,买盘
1454,10:43:22,129.34,194045,15,卖盘
1455,10:43:25,129.32,375083,29,卖盘
1456,10:43:28,129.37,77622,6,买盘
1457,10:43:31,129.34,90553,7,卖盘
1458,10:43:34,129.34,77619,6,卖盘
1459,10:43:37,129.37,129370,10,买盘
1460,10:43:40,129.36,206987,16,中性盘
1461,10:43:43,129.37,77613,6,买盘
1462,10:43:46,129.35,194041,15,卖盘
1463,10:43:49,129.35,90551,7,卖盘
1464,10:43:52,129.36,90554,7,卖盘
1465,10:43:55,129.36,77618,6,卖盘
1466,10:43:58,129.37,219927,17,买盘
1467,10:44:01,129.37,258729,20,买盘
1468,10:44:04,129.36,388072,30,卖盘
1469,10:44:07,129.3,1396620,108,卖盘
1470,10:44:10,129.31,400853,31,买盘
1471,10:44:13,129.28,25856,2,卖盘
1472,10:44:16,129.27,193908,15,卖盘
1473,10:44:19,129.29,116353,9,买盘
1474,10:44:22,129.28,64640,5,卖盘
1475,10:44:25,129.29,51715,4,买盘
1476,10:44:28,129.29,25857,2,买盘
1477,10:44:31,129.27,374908,29,卖盘
1478,10:44:34,129.29,168051,13,买盘
1479,10:44:37,129.25,439460,34,卖盘
1480,10:44:40,129.28,245599,19,买盘
1481,10:44:43,129.28,25855,2,买盘
1482,10:44:46,129.28,64640,5,卖盘
1483,10:44:49,129.27,258559,20,卖盘
1484,10:44:52,129.28,193900,15,买盘
1485,10:44:55,129.27,12927,1,中性盘
1486,10:44:58,129.27,38781,3,中性盘
1487,10:45:01,129.27,25854,2,卖盘
1488,10:45:04,129.28,219764,17,买盘
1489,10:45:07,129.27,840285,65,卖盘
1490,10:45:10,129.27,129269,10,买盘
1491,10:45:13,129.27,12927,1,买盘
1492,10:45:16,129.26,103413,8,卖盘
1493,10:45:19,129.26,168050,13,卖盘
1494,10:45:22,129.27,1253921,97,买盘
1495,10:45:25,129.29,374867,29,买盘
1496,10:45:28,129.27,116336,9,中性盘
1497,10:45:31,129.27,25855,2,卖盘
1498,10:45:34,129.29,478338,37,买盘
1499,10:45:37,129.25,1357273,105,卖盘
1500,10:45:40,129.27,77570,6,中性盘
1501,10:45:43,129.26,426667,33,卖盘
1502,10:45:46,129.26,129266,10,卖盘
1503,10:45:49,129.27,168050,13,买盘
1504,10:45:52,129.27,25854,2,卖盘
1505,10:45:55,129.3,25860,2,买盘
1506,10:45:58,129.28,12928,1,卖盘
1507,10:46:01,129.28,116358,9,卖盘
1508,10:46:04,129.3,193936,15,买盘
1509,10:46:07,129.3,116370,9,买盘
1510,10:46:10,129.28,38788,3,卖盘
1511,10:46:13,129.28,38786,3,卖盘
1512,10:46:16,129.28,271489,21,卖盘
1513,10:46:19,129.3,38788,3,买盘
1514,10:46:22,129.28,64640,5,卖盘
1515,10:46:25,129.28,64644,5,卖盘
1516,10:46:28,129.3,90500,7,买盘
1517,10:46:31,129.3,168074,13,买盘
1518,10:46:34,129.3,51714,4,买盘
1519,10:46:37,129.3,90510,7,买盘
1520,10:46:40,129.28,51715,4,卖盘
1521,10:46:43,129.29,38787,3,买盘
1522,10:46:46,129.28,1732139,134,卖盘
1523,10:46:49,129.28,103424,8,卖盘
1524,10:46:52,129.28,12928,1,中性盘
1525,10:46:55,129.29,116359,9,买盘
1526,10:46:58,129.25,297347,23,卖盘
1527,10:47:01,129.28,452481,35,卖盘
1528,10:47:04,129.26,168062,13,卖盘
1529,10:47:07,129.25,168025,13,卖盘
1530,10:47:10,129.26,64626,5,买盘
1531,10:47:13,129.26,51701,4,中性盘
1532,10:47:16,129.25,51700,4,买盘
1533,10:47:19,129.25,51700,4,买盘
1534,10:47:22,129.28,155109,12,买盘
1535,10:47:25,129.28,232689,18,买盘
1536,10:47:28,129.24,439435,34,卖盘
1537,10:47:31,129.25,155091,12,买盘
1538,10:47:34,129.25,116324,9,买盘
1539,10:47:40,129.28,77558,6,买盘
1540,10:47:43,129.26,25853,2,卖盘
1541,10:47:46,129.28,25855,2,买盘
1542,10:47:49,129.26,51707,4,卖盘
1543,10:47:52,129.28,64635,5,买盘
1544,10:47:55,129.27,129260,10,买盘
1545,10:47:58,129.27,64635,5,买盘
1546,10:48:01,129.26,77559,6,卖盘
1547,10:48:04,129.25,180966,14,卖盘
1548,10:48:07,129.25,38775,3,卖盘
1549,10:48:10,129.26,878906,68,买盘
1550,10:48:16,129.25,12925,1,卖盘
1551,10:48:19,129.25,64626,5,卖盘
1552,10:48:22,129.26,25852,2,买盘
1553,10:48:25,129.25,258510,20,卖盘
1554,10:48:28,129.25,103395,8,买盘
1555,10:48:31,129.25,103400,8,买盘
1556,10:48:34,129.25,374815,29,买盘
1557,10:48:37,129.25,64624,5,买盘
1558,10:48:40,129.24,64624,5,卖盘
1559,10:48:43,129.26,90481,7,买盘
1560,10:48:46,129.26,12926,1,卖盘
1561,10:48:49,129.27,51705,4,买盘
1562,10:48:52,129.26,25852,2,中性盘
1563,10:48:58,129.26,129260,10,买盘
1564,10:49:01,129.26,3954778,306,卖盘
1565,10:49:04,129.26,168030,13,中性盘
1566,10:49:07,129.25,25851,2,中性盘
1567,10:49:10,129.23,51696,4,卖盘
1568,10:49:13,129.23,25846,2,卖盘
1569,10:49:16,129.25,38772,3,买盘
1570,10:49:19,129.23,297229,23,卖盘
1571,10:49:22,129.23,103384,8,买盘
1572,10:49:25,129.22,116298,9,卖盘
1573,10:49:28,129.23,180915,14,买盘
1574,10:49:31,129.22,206753,16,卖盘
1575,10:49:34,129.25,77543,6,买盘
1576,10:49:37,129.23,77534,6,中性盘
1577,10:49:40,129.23,258448,20,买盘
1578,10:49:43,129.22,77533,6,卖盘
1579,10:49:46,129.23,232606,18,买盘
1580,10:49:49,129.23,12923,1,卖盘
1581,10:49:52,129.25,77550,6,买盘
1582,10:49:55,129.24,271395,21,卖盘
1583,10:49:58,129.26,219705,17,买盘
1584,10:50:01,129.28,2662026,206,买盘
1585,10:50:04,129.29,90503,7,买盘
1586,10:50:07,129.29,38785,3,买盘
1587,10:50:10,129.23,297349,23,卖盘
1588,10:50:13,129.26,245619,19,买盘
1589,10:50:19,129.28,77567,6,买盘
1590,10:50:25,129.27,64637,5,卖盘
1591,10:50:28,129.28,103421,8,买盘
1592,10:50:31,129.27,361973,28,买盘
1593,10:50:34,129.27,491084,38,买盘
1594,10:50:37,129.27,25853,2,买盘
1595,10:50:40,129.23,64626,5,卖盘
1596,10:50:43,129.27,168047,13,买盘
1597,10:50:46,129.23,77546,6,卖盘
1598,10:50:49,129.23,245609,19,中性盘
1599,10:50:52,129.25,38775,3,中性盘
1600,10:50:55,129.27,103402,8,买盘
1601,10:50:58,129.25,38778,3,中性盘
1602,10:51:01,129.25,64618,5,买盘
1603,10:51:04,129.22,77532,6,卖盘
1604,10:51:07,129.22,258444,20,卖盘
1605,10:51:10,129.22,25843,2,买盘
1606,10:51:13,129.21,1434182,111,卖盘
1607,10:51:16,129.21,155055,12,卖盘
1608,10:51:19,129.21,64605,5,买盘
1609,10:51:22,129.2,12920,1,卖盘
1610,10:51:25,129.2,232563,18,卖盘
1611,10:51:28,129.2,155051,12,卖盘
1612,10:51:31,129.21,64601,5,买盘
1613,10:51:34,129.21,400527,31,买盘
1614,10:51:37,129.2,1227435,95,卖盘
1615,10:51:40,129.22,374695,29,买盘
1616,10:51:43,129.2,13249590,1026,卖盘
1617,10:51:46,129.2,297067,23,买盘
1618,10:51:49,129.14,258335,20,中性盘
1619,10:51:52,129.1,25820,2,买盘
1620,10:51:55,129.06,142025,11,卖盘
1621,10:51:58,129.07,38721,3,中性盘
1622,10:52:01,129.06,2968324,230,卖盘
1623,10:52:04,129.07,245214,19,买盘
1624,10:52:07,129.1,64535,5,买盘
1625,10:52:10,129.1,167829,13,买盘
1626,10:52:16,129.15,568304,44,中性盘
1627,10:52:19,129.15,142070,11,卖盘
1628,10:52:22,129.15,271157,21,卖盘
1629,10:52:25,129.15,25830,2,中性盘
1630,10:52:28,129.15,12915,1,中性盘
1631,10:52:31,129.15,90425,7,卖盘
1632,10:52:34,129.15,142115,11,卖盘
1633,10:52:37,129.11,555372,43,卖盘
1634,10:52:40,129.15,25835,2,卖盘
1635,10:52:43,129.16,13667012,1059,买盘
1636,10:52:46,129.16,154978,12,买盘
1637,10:52:49,129.16,335838,26,卖盘
1638,10:52:55,129.17,271257,21,卖盘
1639,10:52:58,129.19,155008,12,买盘
1640,10:53:01,129.17,90431,7,中性盘
1641,10:53:04,129.19,12919,1,卖盘
1642,10:53:07,129.21,206697,16,买盘
1643,10:53:10,129.18,25838,2,卖盘
1644,10:53:13,129.21,142117,11,买盘
1645,10:53:16,129.22,323007,25,买盘
1646,10:53:19,129.22,77527,6,买盘
1647,10:53:22,129.25,284290,22,买盘
1648,10:53:25,129.21,103368,8,卖盘
1649,10:53:28,129.25,168010,13,买盘
1650,10:53:31,129.25,12925,1,买盘
1651,10:53:34,129.25,452303,35,买盘
1652,10:53:37,129.24,64624,5,中性盘
1653,10:53:40,129.24,51697,4,中性盘
1654,10:53:43,129.24,258476,20,买盘
1655,10:53:46,129.25,90470,7,买盘
1656,10:53:49,129.25,310169,24,买盘
1657,10:53:52,129.25,12925,1,买盘
1658,10:53:55,129.22,13425269,1040,卖盘
1659,10:53:58,129.14,64570,5,卖盘
1660,10:54:01,129.21,12921,1,买盘
1661,10:54:04,129.14,90410,7,卖盘
1662,10:54:07,129.13,129106,10,中性盘
1663,10:54:10,129.14,116224,9,买盘
1664,10:54:13,129.19,348743,27,买盘
1665,10:54:16,129.16,25832,2,卖盘
1666,10:54:19,129.16,38746,3,中性盘
1667,10:54:22,129.14,154972,12,卖盘
1668,10:54:28,129.17,426258,33,买盘
1669,10:54:31,129.16,64576,5,中性盘
1670,10:54:34,129.16,12916,1,买盘
1671,10:54:37,129.17,167912,13,买盘
1672,10:54:40,129.16,64580,5,卖盘
1673,10:54:43,129.17,477897,37,中性盘
1674,10:54:46,129.17,129165,10,买盘
1675,10:54:49,129.17,12917,1,买盘
1676,10:54:52,129.16,116250,9,卖盘
1677,10:54:55,129.16,90410,7,买盘
1678,10:55:01,129.16,452061,35,卖盘
1679,10:55:04,129.16,206661,16,卖盘
1680,10:55:07,129.16,116247,9,卖盘
1681,10:55:10,129.15,1136646,88,卖盘
1682,10:55:13,129.14,774866,60,卖盘
1683,10:55:16,129.14,335740,26,中性盘
1684,10:55:19,129.12,309905,24,卖盘
1685,10:55:22,129.12,77471,6,买盘
1686,10:55:25,129.12,51647,4,买盘
1687,10:55:28,129.12,400256,31,买盘
1688,10:55:31,129.12,335706,26,买盘
1689,10:55:34,129.11,77471,6,卖盘
1690,10:55:37,129.12,219502,17,买盘
1691,10:55:40,129.11,271135,21,卖盘
1692,10:55:43,129.12,180756,14,买盘
1693,10:55:46,129.11,77466,6,卖盘
1694,10:55:49,129.11,438958,34,卖盘
1695,10:55:52,129.12,77467,6,买盘
1696,10:55:55,129.11,77466,6,卖盘
1697,10:55:58,129.11,580993,45,卖盘
1698,10:56:01,129.11,1110346,86,买盘
1699,10:56:04,129.11,697189,54,卖盘
1700,10:56:07,129.11,90377,7,买盘
1701,10:56:10,129.11,64557,5,卖盘
1702,10:56:13,129.12,167845,13,买盘
1703,10:56:16,129.12,387336,30,买盘
1704,10:56:19,129.15,581043,45,买盘
1705,10:56:22,129.12,129129,10,卖盘
1706,10:56:25,129.15,206605,16,买盘
1707,10:56:28,129.14,64574,5,中性盘
1708,10:56:31,129.15,271213,21,买盘
1709,10:56:34,129.15,116243,9,中性盘
1710,10:56:37,129.16,51662,4,买盘
1711,10:56:40,129.15,206636,16,卖盘
1712,10:56:43,129.16,38747,3,买盘
1713,10:56:46,129.15,180812,14,卖盘
1714,10:56:49,129.15,1394923,108,卖盘
1715,10:56:52,129.16,142074,11,买盘
1716,10:56:55,129.16,64579,5,买盘
1717,10:56:58,129.15,904082,70,卖盘
1718,10:57:01,129.15,297045,23,买盘
1719,10:57:04,129.15,710288,55,买盘
1720,10:57:07,129.15,1343142,104,买盘
1721,10:57:10,129.14,38744,3,卖盘
1722,10:57:13,129.14,25829,2,卖盘
1723,10:57:16,129.15,90401,7,买盘
1724,10:57:19,129.14,154970,12,卖盘
1725,10:57:22,129.12,13163369,1020,卖盘
1726,10:57:25,129.12,335691,26,中性盘
1727,10:57:28,129.11,25819,2,中性盘
1728,10:57:31,129.12,12912,1,买盘
1729,10:57:34,129.12,142024,11,买盘
1730,10:57:37,129.14,1188055,92,买盘
1731,10:57:40,129.11,116204,9,卖盘
1732,10:57:43,129.14,77478,6,买盘
1733,10:57:46,129.12,271157,21,卖盘
1734,10:57:49,129.12,77472,6,卖盘
1735,10:57:52,129.13,77474,6,中性盘
1736,10:57:55,129.12,632815,49,卖盘
1737,10:57:58,129.15,154980,12,买盘
1738,10:58:01,129.14,129140,10,中性盘
1739,10:58:04,129.14,90398,7,买盘
1740,10:58:07,129.15,77486,6,买盘
1741,10:58:10,129.14,90399,7,卖盘
1742,10:58:13,129.13,219527,17,卖盘
1743,10:58:16,129.15,309927,24,买盘
1744,10:58:19,129.15,180808,14,买盘
1745,10:58:22,129.14,206619,16,卖盘
1746,10:58:25,129.13,154972,12,卖盘
1747,10:58:28,129.13,284089,22,卖盘
1748,10:58:31,129.12,219515,17,卖盘
1749,10:58:34,129.12,193690,15,卖盘
1750,10:58:37,129.12,464838,36,卖盘
1751,10:58:40,129.13,1226757,95,买盘
1752,10:58:43,129.12,568199,44,卖盘
1753,10:58:46,129.15,77482,6,买盘
1754,10:58:49,129.13,38739,3,卖盘
1755,10:58:52,129.13,38743,3,卖盘
1756,10:58:55,129.13,51656,4,卖盘
1757,10:58:58,129.15,77490,6,买盘
1758,10:59:01,129.13,219523,17,卖盘
1759,10:59:04,129.15,245381,19,买盘
1760,10:59:07,129.15,103318,8,买盘
1761,10:59:10,129.15,77487,6,买盘
1762,10:59:13,129.15,180805,14,买盘
1763,10:59:16,129.14,258291,20,卖盘
1764,10:59:19,129.14,452004,35,卖盘
1765,10:59:22,129.15,335777,26,买盘
1766,10:59:25,129.18,14069586,1090,买盘
1767,10:59:28,129.2,529734,41,买盘
1768,10:59:31,129.22,155064,12,买盘
1769,10:59:34,129.25,167971,13,买盘
1770,10:59:37,129.22,155094,12,卖盘
1771,10:59:40,129.24,64624,5,中性盘
1772,10:59:43,129.25,116317,9,买盘
1773,10:59:46,129.26,245577,19,买盘
1774,10:59:49,129.26,25852,2,买盘
1775,10:59:52,129.25,38777,3,卖盘
1776,10:59:55,129.26,64630,5,买盘
1777,10:59:58,129.25,659153,51,卖盘
1778,11:00:01,129.24,180932,14,中性盘
1779,11:00:04,129.24,258477,20,买盘
1780,11:00:07,129.26,116311,9,买盘
1781,11:00:10,129.24,103398,8,卖盘
1782,11:00:13,129.24,77544,6,买盘
1783,11:00:16,129.23,77539,6,卖盘
1784,11:00:19,129.23,116307,9,买盘
1785,11:00:22,129.23,51691,4,买盘
1786,11:00:25,129.23,607268,47,买盘
1787,11:00:28,129.25,155068,12,买盘
1788,11:00:31,129.22,400583,31,卖盘
1789,11:00:34,129.22,38764,3,买盘
1790,11:00:37,129.21,310106,24,卖盘
1791,11:00:40,129.2,25841,2,卖盘
1792,11:00:43,129.19,348846,27,卖盘
1793,11:00:46,129.2,12920,1,中性盘
1794,11:00:49,129.19,90433,7,买盘
1795,11:00:52,129.18,90432,7,卖盘
1796,11:00:55,129.19,155032,12,中性盘
1797,11:00:58,129.18,129185,10,卖盘
1798,11:01:01,129.21,12921,1,买盘
1799,11:01:04,129.19,90434,7,中性盘
1800,11:01:07,129.21,258384,20,买盘
1801,11:01:10,129.18,232526,18,卖盘
1802,11:01:13,129.18,284196,22,买盘
1803,11:01:16,129.19,426292,33,买盘
1804,11:01:19,129.18,25836,2,卖盘
1805,11:01:22,129.22,167969,13,买盘
1806,11:01:25,129.21,64605,5,卖盘
1807,11:01:28,129.21,167973,13,卖盘
1808,11:01:31,129.2,64602,5,卖盘
1809,11:01:34,129.2,129200,10,买盘
1810,11:01:37,129.2,129199,10,买盘
1811,11:01:40,129.21,258394,20,买盘
1812,11:01:46,129.2,671840,52,卖盘
1813,11:01:49,129.2,116283,9,卖盘
1814,11:01:52,129.2,193800,15,买盘
1815,11:01:55,129.21,1188531,92,买盘
1816,11:01:58,129.2,232579,18,中性盘
1817,11:02:01,129.2,103359,8,买盘
1818,11:02:04,129.2,116279,9,买盘
1819,11:02:07,129.2,129198,10,买盘
1820,11:02:10,129.2,64598,5,买盘
1821,11:02:13,129.21,25842,2,卖盘
1822,11:02:16,129.22,90447,7,买盘
1823,11:02:19,129.22,12922,1,买盘
1824,11:02:22,129.21,129212,10,卖盘
1825,11:02:25,129.2,77527,6,卖盘
1826,11:02:28,129.2,77522,6,卖盘
1827,11:02:31,129.2,51680,4,卖盘
1828,11:02:34,129.22,64608,5,买盘
1829,11:02:37,129.2,284244,22,卖盘
1830,11:02:40,129.2,167954,13,买盘
1831,11:02:43,129.2,180881,14,卖盘
1832,11:02:46,129.2,129200,10,卖盘
1833,11:02:49,129.2,64602,5,卖盘
1834,11:02:52,129.2,245492,19,卖盘
1835,11:02:55,129.2,103360,8,卖盘
1836,11:02:58,129.19,51679,4,卖盘
1837,11:03:01,129.2,12920,1,买盘
1838,11:03:07,129.2,155033,12,买盘
1839,11:03:10,129.19,180866,14,卖盘
1840,11:03:13,129.19,322966,25,买盘
1841,11:03:16,129.19,51678,4,买盘
1842,11:03:19,129.18,38754,3,卖盘
1843,11:03:22,129.2,90430,7,买盘
1844,11:03:25,129.19,51677,4,中性盘
1845,11:03:28,129.19,64592,5,买盘
1846,11:03:31,129.2,465091,36,买盘
1847,11:03:34,129.18,25836,2,买盘
1848,11:03:37,129.18,103341,8,买盘
1849,11:03:40,129.18,193764,15,买盘
1850,11:03:43,129.2,142101,11,买盘
1851,11:03:46,129.2,103347,8,买盘
1852,11:03:49,129.18,12918,1,卖盘
1853,11:03:52,129.18,103352,8,卖盘
1854,11:03:55,129.18,116263,9,卖盘
1855,11:03:58,129.18,167938,13,卖盘
1856,11:04:04,129.18,51675,4,卖盘
1857,11:04:07,129.18,64590,5,卖盘
1858,11:04:10,129.19,64595,5,买盘
1859,11:04:13,129.19,12919,1,买盘
1860,11:04:16,129.2,129200,10,买盘
1861,11:04:19,129.2,167958,13,买盘
1862,11:04:22,129.19,77518,6,卖盘
1863,11:04:25,129.19,25839,2,中性盘
1864,11:04:28,129.19,64595,5,卖盘
1865,11:04:31,129.19,38757,3,卖盘
1866,11:04:34,129.2,12920,1,买盘
1867,11:04:37,129.19,180875,14,卖盘
1868,11:04:40,129.2,51679,4,买盘
1869,11:04:43,129.2,38759,3,买盘
1870,11:04:46,129.19,193797,15,卖盘
1871,11:04:49,129.2,142117,11,买盘
1872,11:04:52,129.19,167958,13,卖盘
1873,11:04:55,129.19,193790,15,卖盘
1874,11:04:58,129.19,180866,14,卖盘
1875,11:05:01,129.2,51678,4,买盘
1876,11:05:04,129.2,322997,25,买盘
1877,11:05:07,129.19,103355,8,卖盘
1878,11:05:10,129.19,258384,20,卖盘
1879,11:05:16,129.21,426361,33,买盘
1880,11:05:19,129.2,38759,3,卖盘
1881,11:05:22,129.2,64600,5,卖盘
1882,11:05:25,129.21,25841,2,买盘
1883,11:05:28,129.21,142123,11,买盘
1884,11:05:31,129.21,762322,59,买盘
1885,11:05:34,129.21,25842,2,卖盘
1886,11:05:37,129.22,64607,5,买盘
1887,11:05:40,129.21,25842,2,卖盘
1888,11:05:43,129.22,852851,66,买盘
1889,11:05:46,129.23,465227,36,买盘
1890,11:05:52,129.24,64621,5,卖盘
1891,11:05:55,129.25,310200,24,买盘
1892,11:05:58,129.25,258500,20,买盘
1893,11:06:01,129.26,25851,2,买盘
1894,11:06:07,129.25,116332,9,卖盘
1895,11:06:10,129.25,568700,44,卖盘
1896,11:06:13,129.24,25849,2,卖盘
1897,11:06:16,129.24,103397,8,卖盘
1898,11:06:19,129.25,258484,20,买盘
1899,11:06:22,129.24,116316,9,中性盘
1900,11:06:25,129.25,710847,55,买盘
1901,11:06:28,129.25,310201,24,卖盘
1902,11:06:31,129.23,865991,67,卖盘
1903,11:06:34,129.24,12924,1,中性盘
1904,11:06:37,129.24,51698,4,卖盘
1905,11:06:40,129.25,77548,6,中性盘
1906,11:06:43,129.26,77551,6,买盘
1907,11:06:46,129.25,38775,3,卖盘
1908,11:06:49,129.26,25852,2,买盘
1909,11:06:52,129.25,336050,26,卖盘
1910,11:06:55,129.26,245592,19,买盘
1911,11:06:58,129.27,348998,27,买盘
1912,11:07:01,129.26,25853,2,卖盘
1913,11:07:04,129.27,129268,10,买盘
1914,11:07:07,129.26,77561,6,卖盘
1915,11:07:10,129.27,452443,35,买盘
1916,11:07:13,129.27,38781,3,卖盘
1917,11:07:16,129.27,25854,2,卖盘
1918,11:07:19,129.28,168060,13,买盘
1919,11:07:22,129.28,142207,11,买盘
1920,11:07:25,129.26,866075,67,卖盘
1921,11:07:28,129.26,64630,5,买盘
1922,11:07:31,129.26,25852,2,买盘
1923,11:07:34,129.25,142184,11,卖盘
1924,11:07:37,129.25,103406,8,卖盘
1925,11:07:40,129.26,374837,29,买盘
1926,11:07:43,129.26,38777,3,买盘
1927,11:07:46,129.25,116327,9,卖盘
1928,11:07:49,129.26,142182,11,买盘
1929,11:07:52,129.26,155101,12,买盘
1930,11:07:55,129.25,64625,5,卖盘
1931,11:07:58,129.25,193874,15,买盘
1932,11:08:01,129.25,90473,7,买盘
1933,11:08:04,129.24,12924,1,卖盘
1934,11:08:07,129.24,387720,30,卖盘
1935,11:08:10,129.23,51694,4,卖盘
1936,11:08:13,129.24,77541,6,买盘
1937,11:08:16,129.24,38772,3,买盘
1938,11:08:19,129.23,1085535,84,卖盘
1939,11:08:25,129.24,1305292,101,买盘
1940,11:08:28,129.22,90455,7,卖盘
1941,11:08:31,129.22,129222,10,卖盘
1942,11:08:34,129.21,38765,3,卖盘
1943,11:08:37,129.22,25843,2,买盘
1944,11:08:40,129.21,142132,11,卖盘
1945,11:08:43,129.22,193819,15,买盘
1946,11:08:46,129.22,90453,7,买盘
1947,11:08:49,129.21,400549,31,卖盘
1948,11:08:52,129.2,2454688,190,卖盘
1949,11:08:55,129.2,103354,8,买盘
1950,11:08:58,129.2,64600,5,买盘
1951,11:09:01,129.19,77516,6,卖盘
1952,11:09:04,129.2,129194,10,买盘
1953,11:09:07,129.2,155038,12,买盘
1954,11:09:10,129.2,155037,12,买盘
1955,11:09:13,129.2,77521,6,买盘
1956,11:09:16,129.2,13182205,1021,买盘
1957,11:09:19,129.2,142117,11,买盘
1958,11:09:25,129.2,38760,3,卖盘
1959,11:09:28,129.21,129201,10,买盘
1960,11:09:31,129.19,555539,43,卖盘
1961,11:09:34,129.21,219644,17,买盘
1962,11:09:37,129.19,103363,8,卖盘
1963,11:09:40,129.19,930179,72,卖盘
1964,11:09:43,129.19,206692,16,卖盘
1965,11:09:46,129.19,12919,1,买盘
1966,11:09:52,129.19,193770,15,买盘
1967,11:09:55,129.16,12916,1,卖盘
1968,11:09:58,129.16,12916,1,买盘
1969,11:10:01,129.16,64579,5,买盘
1970,11:10:04,129.14,12914,1,卖盘
1971,11:10:07,129.14,12914,1,中性盘
1972,11:10:10,129.14,103311,8,买盘
1973,11:10:13,129.06,1613487,125,卖盘
1974,11:10:16,129.06,322648,25,买盘
1975,11:10:19,129.06,361362,28,买盘
1976,11:10:22,129.06,464610,36,买盘
1977,11:10:25,129.11,116164,9,买盘
1978,11:10:28,129.11,51629,4,买盘
1979,11:10:31,129.11,25817,2,中性盘
1980,11:10:34,129.12,826034,64,买盘
1981,11:10:37,129.11,193657,15,买盘
1982,11:10:40,129.1,232365,18,中性盘
1983,11:10:43,129.11,167843,13,买盘
1984,11:10:46,129.08,141988,11,卖盘
1985,11:10:49,129.1,77460,6,卖盘
1986,11:10:52,129.09,38728,3,卖盘
1987,11:10:55,129.08,219462,17,卖盘
1988,11:10:58,129.11,374383,29,买盘
1989,11:11:01,129.1,1032800,80,卖盘
1990,11:11:04,129.11,51641,4,买盘
1991,11:11:07,129.11,25820,2,买盘
1992,11:11:10,129.11,103287,8,买盘
1993,11:11:13,129.11,77461,6,买盘
1994,11:11:16,129.1,438936,34,卖盘
1995,11:11:19,129.12,25824,2,买盘
1996,11:11:22,129.12,90381,7,中性盘
1997,11:11:25,129.11,167865,13,卖盘
1998,11:11:28,129.15,38744,3,买盘
1999,11:11:31,129.14,271147,21,中性盘
2000,11:11:34,129.12,64565,5,卖盘
2001,11:11:37,129.14,103312,8,买盘
2002,11:11:40,129.13,116219,9,卖盘
2003,11:11:43,129.14,64569,5,买盘
2004,11:11:46,129.15,154970,12,买盘
2005,11:11:49,129.13,142049,11,卖盘
2006,11:11:52,129.14,77484,6,中性盘
2007,11:11:55,129.14,77485,6,卖盘
2008,11:11:58,129.14,116233,9,卖盘
2009,11:12:01,129.14,38742,3,卖盘
2010,11:12:04,129.14,309940,24,卖盘
2011,11:12:07,129.14,116221,9,买盘
2012,11:12:10,129.1,2685613,208,卖盘
2013,11:12:13,129.13,90383,7,中性盘
2014,11:12:16,129.15,645672,50,买盘
2015,11:12:19,129.16,116230,9,买盘
2016,11:12:22,129.16,12916,1,买盘
2017,11:12:25,129.16,142073,11,买盘
2018,11:12:28,129.11,25822,2,卖盘
2019,11:12:31,129.15,51649,4,买盘
2020,11:12:37,129.13,77476,6,买盘
2021,11:12:40,129.15,154973,12,买盘
2022,11:12:43,129.15,51659,4,买盘
2023,11:12:46,129.13,103308,8,卖盘
2024,11:12:49,129.13,38743,3,卖盘
2025,11:12:52,129.14,64569,5,买盘
2026,11:12:55,129.14,25828,2,卖盘
2027,11:12:58,129.14,51659,4,卖盘
2028,11:13:01,129.14,103315,8,中性盘
2029,11:13:04,129.14,64569,5,买盘
2030,11:13:07,129.14,77484,6,买盘
2031,11:13:10,129.11,2375800,184,卖盘
2032,11:13:13,129.13,490659,38,买盘
2033,11:13:16,129.11,568111,44,卖盘
2034,11:13:22,129.14,25826,2,买盘
2035,11:13:25,129.12,258242,20,卖盘
2036,11:13:28,129.12,38734,3,买盘
2037,11:13:31,129.11,116202,9,卖盘
2038,11:13:34,129.12,632670,49,买盘
2039,11:13:37,129.12,348619,27,买盘
2040,11:13:40,129.12,154943,12,卖盘
2041,11:13:43,129.12,12912,1,卖盘
2042,11:13:46,129.12,477749,37,卖盘
2043,11:13:49,129.14,710112,55,买盘
2044,11:13:52,129.12,64560,5,买盘
2045,11:13:55,129.12,25824,2,卖盘
2046,11:14:01,129.14,142050,11,买盘
2047,11:14:04,129.14,116231,9,中性盘
2048,11:14:07,129.14,25829,2,卖盘
2049,11:14:10,129.14,129146,10,卖盘
2050,11:14:13,129.14,12914,1,买盘
2051,11:14:16,129.16,38748,3,买盘
2052,11:14:19,129.14,167886,13,卖盘
2053,11:14:22,129.13,167877,13,卖盘
2054,11:14:25,129.16,116242,9,买盘
2055,11:14:28,129.16,38748,3,买盘
2056,11:14:31,129.17,25833,2,买盘
2057,11:14:34,129.16,64581,5,卖盘
2058,11:14:37,129.18,90426,7,买盘
2059,11:14:40,129.16,335837,26,卖盘
2060,11:14:43,129.19,155025,12,买盘
2061,11:14:46,129.18,1395072,108,卖盘
2062,11:14:49,129.18,206660,16,买盘
2063,11:14:52,129.2,335894,26,买盘
2064,11:14:55,129.17,51671,4,卖盘
2065,11:14:58,129.19,271291,21,买盘
2066,11:15:01,129.19,64595,5,买盘
2067,11:15:04,129.19,77514,6,买盘
2068,11:15:10,129.19,129194,10,卖盘
2069,11:15:13,129.19,167948,13,卖盘
2070,11:15:16,129.19,38755,3,中性盘
2071,11:15:19,129.19,206705,16,卖盘
2072,11:15:22,129.19,51676,4,中性盘
2073,11:15:25,129.19,155024,12,卖盘
2074,11:15:28,129.2,38762,3,卖盘
2075,11:15:31,129.23,51689,4,中性盘
2076,11:15:34,129.23,64610,5,买盘
2077,11:15:37,129.2,206733,16,卖盘
2078,11:15:40,129.23,38763,3,中性盘
2079,11:15:43,129.22,103381,8,中性盘
2080,11:15:46,129.23,77534,6,买盘
2081,11:15:49,129.23,64617,5,卖盘
2082,11:15:52,129.24,38771,3,买盘
2083,11:15:55,129.23,142153,11,卖盘
2084,11:15:58,129.26,840122,65,买盘
2085,11:16:01,129.27,129269,10,买盘
2086,11:16:04,129.26,12926,1,卖盘
2087,11:16:07,129.21,116309,9,卖盘
2088,11:16:10,129.26,193874,15,买盘
2089,11:16:13,129.22,12922,1,中性盘
2090,11:16:16,129.2,51684,4,卖盘
2091,11:16:19,129.23,12923,1,中性盘
2092,11:16:22,129.22,90444,7,买盘
2093,11:16:25,129.2,103365,8,卖盘
2094,11:16:28,129.22,25844,2,中性盘
2095,11:16:31,129.23,38768,3,买盘
2096,11:16:34,129.22,38769,3,卖盘
2097,11:16:37,129.22,51689,4,卖盘
2098,11:16:40,129.21,77530,6,卖盘
2099,11:16:43,129.22,116295,9,买盘
2100,11:16:46,129.22,323018,25,买盘
2101,11:16:49,129.22,25844,2,买盘
2102,11:16:52,129.23,25844,2,买盘
2103,11:16:55,129.22,142146,11,卖盘
2104,11:16:58,129.23,25846,2,买盘
2105,11:17:01,129.24,361833,28,买盘
2106,11:17:04,129.23,64615,5,卖盘
2107,11:17:07,129.24,38772,3,买盘
2108,11:17:10,129.23,387692,30,卖盘
2109,11:17:13,129.23,77538,6,买盘
2110,11:17:16,129.22,25844,2,卖盘
2111,11:17:19,129.22,77532,6,卖盘
2112,11:17:22,129.22,64611,5,卖盘
2113,11:17:25,129.22,90454,7,买盘
2114,11:17:28,129.22,219670,17,买盘
2115,11:17:31,129.22,142148,11,买盘
2116,11:17:34,129.21,116295,9,卖盘
2117,11:17:37,129.21,865719,67,卖盘
2118,11:17:40,129.21,129217,10,卖盘
2119,11:17:43,129.22,297172,23,买盘
2120,11:17:46,129.2,284252,22,卖盘
2121,11:17:49,129.2,1459967,113,卖盘
2122,11:17:52,129.2,77520,6,卖盘
2123,11:17:55,129.19,90433,7,卖盘
2124,11:17:58,129.2,103356,8,买盘
2125,11:18:01,129.19,142115,11,卖盘
2126,11:18:04,129.19,180869,14,卖盘
2127,11:18:07,129.2,116288,9,中性盘
2128,11:18:10,129.2,77530,6,卖盘
2129,11:18:13,129.2,77520,6,卖盘
2130,11:18:16,129.2,297164,23,卖盘
2131,11:18:19,129.21,529726,41,买盘
2132,11:18:22,129.22,103376,8,买盘
2133,11:18:25,129.23,77538,6,买盘
2134,11:18:28,129.23,90458,7,买盘
2135,11:18:31,129.23,490997,38,卖盘
2136,11:18:34,129.23,297219,23,卖盘
2137,11:18:37,129.23,142154,11,中性盘
2138,11:18:40,129.23,271381,21,买盘
2139,11:18:43,129.22,142147,11,卖盘
2140,11:18:46,129.22,129220,10,买盘
2141,11:18:49,129.22,77533,6,买盘
2142,11:18:55,129.23,64614,5,买盘
2143,11:18:58,129.21,348869,27,卖盘
2144,11:19:01,129.22,478142,37,买盘
2145,11:19:04,129.23,12923,1,买盘
2146,11:19:07,129.22,206758,16,卖盘
2147,11:19:10,129.23,271379,21,卖盘
2148,11:19:13,129.23,193848,15,买盘
2149,11:19:16,129.23,25846,2,卖盘
2150,11:19:19,129.23,1007973,78,卖盘
2151,11:19:22,129.23,90464,7,买盘
2152,11:19:25,129.23,90461,7,买盘
2153,11:19:28,129.23,142143,11,买盘
2154,11:19:31,129.23,478098,37,买盘
2155,11:19:34,129.2,38762,3,卖盘
2156,11:19:37,129.21,51684,4,买盘
2157,11:19:40,129.21,38762,3,买盘
2158,11:19:43,129.22,90449,7,买盘
2159,11:19:46,129.21,219660,17,卖盘
2160,11:19:49,129.22,64606,5,买盘
2161,11:19:52,129.21,129210,10,卖盘
2162,11:19:55,129.22,51685,4,买盘
2163,11:19:58,129.2,1085333,84,卖盘
2164,11:20:01,129.2,478065,37,卖盘
2165,11:20:04,129.2,129200,10,卖盘
2166,11:20:07,129.2,193806,15,卖盘
2167,11:20:10,129.21,142125,11,买盘
2168,11:20:13,129.21,103361,8,买盘
2169,11:20:16,129.2,90435,7,卖盘
2170,11:20:19,129.19,77518,6,卖盘
2171,11:20:22,129.2,167960,13,买盘
2172,11:20:25,129.2,38760,3,买盘
2173,11:20:28,129.19,51678,4,卖盘
2174,11:20:31,129.2,180875,14,买盘
2175,11:20:34,129.19,64596,5,卖盘
2176,11:20:37,129.2,12920,1,买盘
2177,11:20:40,129.2,245470,19,买盘
2178,11:20:43,129.19,116273,9,卖盘
2179,11:20:46,129.2,51680,4,买盘
2180,11:20:49,129.2,361751,28,买盘
2181,11:20:52,129.2,852660,66,买盘
2182,11:20:55,129.19,297149,23,卖盘
2183,11:20:58,129.19,490922,38,卖盘
2184,11:21:01,129.19,116272,9,卖盘
2185,11:21:04,129.2,206709,16,买盘
2186,11:21:07,129.2,64597,5,买盘
2187,11:21:10,129.19,167949,13,卖盘
2188,11:21:13,129.18,1395152,108,卖盘
2189,11:21:16,129.19,64591,5,买盘
2190,11:21:19,129.18,51673,4,卖盘
2191,11:21:22,129.19,90428,7,买盘
2192,11:21:25,129.19,167938,13,买盘
2193,11:21:28,129.18,943014,73,卖盘
2194,11:21:31,129.18,348769,27,买盘
2195,11:21:34,129.17,103340,8,卖盘
2196,11:21:37,129.18,90422,7,买盘
2197,11:21:40,129.18,193767,15,买盘
2198,11:21:43,129.18,206688,16,买盘
2199,11:21:46,129.2,322948,25,买盘
2200,11:21:49,129.2,206709,16,买盘
2201,11:21:52,129.2,103360,8,买盘
2202,11:21:55,129.2,38760,3,买盘
2203,11:21:58,129.19,361756,28,卖盘
2204,11:22:01,129.19,25838,2,卖盘
2205,11:22:04,129.19,633069,49,卖盘
2206,11:22:07,129.2,77520,6,买盘
2207,11:22:10,129.19,167954,13,卖盘
2208,11:22:13,129.2,38760,3,买盘
2209,11:22:16,129.2,25840,2,买盘
2210,11:22:19,129.2,116277,9,买盘
2211,11:22:22,129.2,426362,33,买盘
2212,11:22:25,129.2,142127,11,卖盘
2213,11:22:28,129.2,129201,10,买盘
2214,11:22:31,129.2,116280,9,买盘
2215,11:22:34,129.2,90438,7,卖盘
2216,11:22:37,129.2,206722,16,买盘
2217,11:22:40,129.2,25840,2,卖盘
2218,11:22:43,129.21,167973,13,买盘
2219,11:22:49,129.2,51681,4,卖盘
2220,11:22:58,129.2,710605,55,卖盘
2221,11:23:01,129.21,64604,5,买盘
2222,11:23:04,129.2,64601,5,卖盘
2223,11:23:07,129.21,12921,1,买盘
2224,11:23:10,129.2,51681,4,卖盘
2225,11:23:13,129.21,25842,2,买盘
2226,11:23:16,129.21,129209,10,买盘
2227,11:23:19,129.2,271342,21,卖盘
2228,11:23:25,129.2,77525,6,卖盘
2229,11:23:28,129.21,142134,11,买盘
2230,11:23:31,129.21,103375,8,卖盘
2231,11:23:34,129.21,219658,17,卖盘
2232,11:23:37,129.22,129214,10,买盘
2233,11:23:40,129.21,129218,10,卖盘
2234,11:23:43,129.2,1395413,108,卖盘
2235,11:23:46,129.21,103371,8,中性盘
2236,11:23:49,129.2,503880,39,卖盘
2237,11:23:55,129.21,12921,1,买盘
2238,11:23:58,129.2,219650,17,卖盘
2239,11:24:01,129.21,77526,6,中性盘
2240,11:24:04,129.2,155043,12,卖盘
2241,11:24:07,129.21,25842,2,中性盘
2242,11:24:13,129.21,245504,19,卖盘
2243,11:24:16,129.23,90451,7,买盘
2244,11:24:19,129.22,64610,5,中性盘
2245,11:24:22,129.21,25842,2,卖盘
2246,11:24:25,129.21,180902,14,卖盘
2247,11:24:28,129.23,12923,1,买盘
2248,11:24:31,129.23,64614,5,买盘
2249,11:24:34,129.22,594412,46,卖盘
2250,11:24:37,129.22,51687,4,买盘
2251,11:24:40,129.21,51686,4,卖盘
2252,11:24:43,129.19,2338546,181,卖盘
2253,11:24:46,129.22,348887,27,买盘
2254,11:24:49,129.21,167980,13,卖盘
2255,11:24:52,129.21,219672,17,卖盘
2256,11:24:55,129.22,245514,19,买盘
2257,11:24:58,129.22,12922,1,卖盘
2258,11:25:01,129.22,90454,7,卖盘
2259,11:25:04,129.22,348902,27,卖盘
2260,11:25:07,129.22,12922,1,买盘
2261,11:25:10,129.22,25844,2,买盘
2262,11:25:13,129.22,38766,3,买盘
2263,11:25:16,129.22,297206,23,买盘
2264,11:25:19,129.22,90450,7,买盘
2265,11:25:22,129.22,90450,7,买盘
2266,11:25:25,129.21,426394,33,卖盘
2267,11:25:28,129.21,51684,4,买盘
2268,11:25:31,129.21,12921,1,买盘
2269,11:25:34,129.2,142127,11,卖盘
2270,11:25:37,129.21,51684,4,买盘
2271,11:25:40,129.2,51681,4,卖盘
2272,11:25:43,129.2,167964,13,卖盘
2273,11:25:46,129.2,116287,9,卖盘
2274,11:25:49,129.2,826880,64,卖盘
2275,11:25:52,129.21,155048,12,买盘
2276,11:25:55,129.2,167962,13,卖盘
2277,11:25:58,129.21,25842,2,买盘
2278,11:26:01,129.21,310091,24,买盘
2279,11:26:04,129.2,1537495,119,卖盘
2280,11:26:07,129.2,193799,15,买盘
2281,11:26:10,129.2,25840,2,卖盘
2282,11:26:13,129.21,25842,2,中性盘
2283,11:26:16,129.21,51682,4,卖盘
2284,11:26:19,129.2,581400,45,卖盘
2285,11:26:22,129.19,12919,1,卖盘
2286,11:26:25,129.2,51677,4,买盘
2287,11:26:28,129.2,51680,4,买盘
2288,11:26:31,129.2,503879,39,买盘
2289,11:26:34,129.19,361748,28,卖盘
2290,11:26:37,129.19,129191,10,卖盘
2291,11:26:40,129.2,555552,43,买盘
2292,11:26:43,129.2,348836,27,买盘
2293,11:26:46,129.2,25840,2,卖盘
2294,11:26:49,129.2,38760,3,卖盘
2295,11:26:52,129.2,142125,11,卖盘
2296,11:26:55,129.2,142122,11,卖盘
2297,11:26:58,129.21,90441,7,买盘
2298,11:27:01,129.21,129201,10,买盘
2299,11:27:04,129.2,581403,45,卖盘
2300,11:27:07,129.2,322998,25,买盘
2301,11:27:10,129.2,77520,6,买盘
2302,11:27:13,129.2,180872,14,买盘
2303,11:27:16,129.19,90434,7,卖盘
2304,11:27:19,129.19,206704,16,卖盘
2305,11:27:22,129.2,103355,8,买盘
2306,11:27:25,129.2,12920,1,买盘
2307,11:27:28,129.2,620139,48,买盘
2308,11:27:31,129.2,167949,13,买盘
2309,11:27:34,129.19,38757,3,卖盘
2310,11:27:37,129.19,2222068,172,卖盘
2311,11:27:40,129.19,529640,41,买盘
2312,11:27:43,129.19,142109,11,买盘
2313,11:27:46,129.19,64592,5,买盘
2314,11:27:49,129.18,155024,12,卖盘
2315,11:27:52,129.18,142103,11,卖盘
2316,11:27:55,129.19,503806,39,买盘
2317,11:27:58,129.18,142098,11,卖盘
2318,11:28:01,129.19,594233,46,买盘
2319,11:28:04,129.18,839670,65,卖盘
2320,11:28:07,129.18,671729,52,买盘
2321,11:28:10,129.17,103343,8,卖盘
2322,11:28:13,129.17,77503,6,卖盘
2323,11:28:16,129.18,12918,1,中性盘
2324,11:28:19,129.18,38753,3,买盘
2325,11:28:22,129.17,129176,10,卖盘
2326,11:28:25,129.19,180857,14,买盘
2327,11:28:28,129.19,697530,54,买盘
2328,11:28:31,129.19,206675,16,买盘
2329,11:28:34,129.18,38755,3,卖盘
2330,11:28:37,129.19,25838,2,买盘
2331,11:28:40,129.18,155017,12,卖盘
2332,11:28:43,129.18,129186,10,卖盘
2333,11:28:46,129.19,25838,2,买盘
2334,11:28:49,129.18,206700,16,卖盘
2335,11:28:52,129.18,25836,2,卖盘
2336,11:28:55,129.19,555507,43,买盘
2337,11:28:58,129.19,155019,12,买盘
2338,11:29:01,129.18,310033,24,卖盘
2339,11:29:04,129.19,555513,43,买盘
2340,11:29:07,129.17,658802,51,卖盘
2341,11:29:10,129.19,12919,1,买盘
2342,11:29:13,129.18,516721,40,卖盘
2343,11:29:16,129.17,658773,51,卖盘
2344,11:29:19,129.18,167928,13,买盘
2345,11:29:22,129.18,516718,40,买盘
2346,11:29:25,129.17,284186,22,卖盘
2347,11:29:28,129.17,77504,6,卖盘
2348,11:29:31,129.18,167931,13,买盘
2349,11:29:34,129.17,116254,9,卖盘
2350,11:29:37,129.18,400454,31,买盘
2351,11:29:40,129.18,374620,29,买盘
2352,11:29:43,129.18,749244,58,买盘
2353,11:29:46,129.18,1550042,120,中性盘
2354,11:29:49,129.18,64594,5,中性盘
2355,11:29:52,129.19,167943,13,买盘
2356,11:29:55,129.18,607195,47,中性盘
2357,11:29:58,129.19,103350,8,中性盘
2358,11:30:01,129.18,180868,14,卖盘
2359,13:00:01,129.17,762122,59,卖盘
2360,13:00:04,129.21,3578268,277,买盘
2361,13:00:07,129.21,3139401,243,买盘
2362,13:00:10,129.22,2842411,220,买盘
2363,13:00:13,129.22,1589134,123,买盘
2364,13:00:16,129.22,1111101,86,买盘
2365,13:00:19,129.23,801005,62,买盘
2366,13:00:22,129.22,1743952,135,中性盘
2367,13:00:25,129.18,193788,15,卖盘
2368,13:00:28,129.15,5967321,462,卖盘
2369,13:00:31,129.14,671546,52,卖盘
2370,13:00:34,129.15,219550,17,买盘
2371,13:00:37,129.14,1381830,107,卖盘
2372,13:00:40,129.14,219593,17,中性盘
2373,13:00:43,129.15,452051,35,卖盘
2374,13:00:46,129.13,90402,7,卖盘
2375,13:00:49,129.13,309935,24,卖盘
2376,13:00:52,129.13,361597,28,卖盘
2377,13:00:55,129.15,2040209,158,买盘
2378,13:00:58,129.15,206640,16,卖盘
2379,13:01:01,129.15,180820,14,卖盘
2380,13:01:04,129.15,309960,24,卖盘
2381,13:01:07,129.17,64577,5,买盘
2382,13:01:10,129.17,232481,18,买盘
2383,13:01:13,129.16,116243,9,中性盘
2384,13:01:16,129.15,232471,18,卖盘
2385,13:01:19,129.17,477913,37,买盘
2386,13:01:22,129.22,193776,15,买盘
2387,13:01:25,129.18,64590,5,卖盘
2388,13:01:28,129.17,348763,27,卖盘
2389,13:01:31,129.17,167931,13,卖盘
2390,13:01:34,129.17,232529,18,卖盘
2391,13:01:37,129.17,219592,17,卖盘
2392,13:01:40,129.17,568365,44,卖盘
2393,13:01:43,129.17,710368,55,买盘
2394,13:01:46,129.16,64580,5,卖盘
2395,13:01:49,129.16,1691820,131,买盘
2396,13:01:52,129.15,206644,16,中性盘
2397,13:01:55,129.13,219548,17,卖盘
2398,13:01:58,129.13,284074,22,中性盘
2399,13:02:01,129.12,154951,12,卖盘
2400,13:02:04,129.12,374448,29,卖盘
2401,13:02:07,129.12,296976,23,买盘
2402,13:02:10,129.12,426078,33,买盘
2403,13:02:13,129.12,839290,65,卖盘
2404,13:02:16,129.12,761882,59,卖盘
2405,13:02:19,129.13,1472110,114,中性盘
2406,13:02:22,129.14,154983,12,中性盘
2407,13:02:25,129.14,38742,3,卖盘
2408,13:02:28,129.13,142055,11,卖盘
2409,13:02:31,129.13,309930,24,卖盘
2410,13:02:34,129.13,193696,15,卖盘
2411,13:02:37,129.14,942656,73,买盘
2412,13:02:40,129.14,374496,29,卖盘
2413,13:02:43,129.14,400316,31,卖盘
2414,13:02:46,129.13,116233,9,卖盘
2415,13:02:49,129.14,245354,19,卖盘
2416,13:02:52,129.14,309917,24,买盘
2417,13:02:55,129.13,748932,58,卖盘
2418,13:02:58,129.12,361542,28,卖盘
2419,13:03:01,129.14,180789,14,买盘
2420,13:03:04,129.13,723097,56,卖盘
2421,13:03:07,129.14,232442,18,买盘
2422,13:03:10,129.14,38741,3,买盘
2423,13:03:13,129.14,258266,20,买盘
2424,13:03:16,129.12,477765,37,卖盘
2425,13:03:19,129.13,284105,22,买盘
2426,13:03:22,129.13,361564,28,买盘
2427,13:03:25,129.13,309902,24,买盘
2428,13:03:28,129.14,826437,64,买盘
2429,13:03:31,129.12,1872250,145,卖盘
2430,13:03:34,129.14,193699,15,买盘
2431,13:03:37,129.13,193693,15,中性盘
2432,13:03:40,129.13,477754,37,买盘
2433,13:03:43,129.14,77477,6,买盘
2434,13:03:46,129.13,697297,54,卖盘
2435,13:03:49,129.13,284082,22,买盘
2436,13:03:52,129.13,12913,1,卖盘
2437,13:03:55,129.14,12914,1,买盘
2438,13:03:58,129.13,632738,49,卖盘
2439,13:04:01,129.13,245347,19,卖盘
2440,13:04:04,129.13,400309,31,买盘
2441,13:04:10,129.13,671475,52,买盘
2442,13:04:13,129.13,774804,60,卖盘
2443,13:04:16,129.13,38740,3,卖盘
2444,13:04:19,129.14,129131,10,买盘
2445,13:04:22,129.13,361578,28,卖盘
2446,13:04:25,129.13,387414,30,卖盘
2447,13:04:28,129.13,723168,56,卖盘
2448,13:04:31,129.14,154968,12,买盘
2449,13:04:34,129.14,25828,2,卖盘
2450,13:04:37,129.15,90403,7,买盘
2451,13:04:40,129.14,452001,35,卖盘
2452,13:04:43,129.14,219545,17,卖盘
2453,13:04:46,129.14,206629,16,卖盘
2454,13:04:49,129.15,64575,5,买盘
2455,13:04:52,129.14,167885,13,卖盘
2456,13:04:55,129.14,77486,6,卖盘
2457,13:04:58,129.15,142063,11,买盘
2458,13:05:01,129.15,38745,3,买盘
2459,13:05:04,129.15,180807,14,买盘
2460,13:05:07,129.15,232470,18,卖盘
2461,13:05:10,129.17,129157,10,买盘
2462,13:05:13,129.15,852430,66,卖盘
2463,13:05:16,129.15,180810,14,买盘
2464,13:05:19,129.18,348717,27,买盘
2465,13:05:22,129.16,1071924,83,卖盘
2466,13:05:25,129.17,38755,3,中性盘
2467,13:05:28,129.2,348795,27,买盘
2468,13:05:34,129.19,219620,17,卖盘
2469,13:05:37,129.2,516774,40,买盘
2470,13:05:40,129.2,64594,5,买盘
2471,13:05:43,129.2,232550,18,买盘
2472,13:05:46,129.19,258394,20,卖盘
2473,13:05:49,129.2,219642,17,买盘
2474,13:05:52,129.19,116271,9,买盘
2475,13:05:55,129.16,465020,36,卖盘
2476,13:05:58,129.16,38749,3,卖盘
2477,13:06:01,129.18,180841,14,买盘
2478,13:06:04,129.17,38751,3,卖盘
2479,13:06:10,129.18,116262,9,买盘
2480,13:06:13,129.17,51668,4,卖盘
2481,13:06:16,129.18,297106,23,买盘
2482,13:06:19,129.17,348767,27,卖盘
2483,13:06:22,129.18,103338,8,买盘
2484,13:06:25,129.18,426277,33,买盘
2485,13:06:28,129.17,64588,5,卖盘
2486,13:06:31,129.17,77502,6,卖盘
2487,13:06:34,129.18,671728,52,买盘
2488,13:06:37,129.18,426268,33,买盘
2489,13:06:40,129.18,167934,13,卖盘
2490,13:06:43,129.19,77512,6,买盘
2491,13:06:46,129.18,103345,8,卖盘
2492,13:06:49,129.18,90432,7,卖盘
2493,13:06:52,129.19,374649,29,买盘
2494,13:06:55,129.19,77513,6,买盘
2495,13:06:58,129.19,206691,16,买盘
2496,13:07:01,129.19,1085114,84,买盘
2497,13:07:04,129.18,452188,35,卖盘
2498,13:07:07,129.18,310027,24,买盘
2499,13:07:10,129.18,1110827,86,买盘
2500,13:07:13,129.18,64592,5,卖盘
2501,13:07:16,129.18,155016,12,卖盘
2502,13:07:19,129.18,90435,7,卖盘
2503,13:07:22,129.18,503822,39,卖盘
2504,13:07:25,129.19,167947,13,买盘
2505,13:07:28,129.2,90435,7,买盘
2506,13:07:31,129.2,90446,7,卖盘
2507,13:07:34,129.19,1201514,93,卖盘
2508,13:07:37,129.19,180862,14,买盘
2509,13:07:40,129.19,90431,7,买盘
2510,13:07:43,129.19,310034,24,买盘
2511,13:07:46,129.19,219621,17,买盘
2512,13:07:49,129.19,439222,34,买盘
2513,13:07:52,129.18,103350,8,中性盘
2514,13:07:55,129.18,103344,8,买盘
2515,13:07:58,129.17,245436,19,卖盘
2516,13:08:01,129.17,477938,37,卖盘
2517,13:08:04,129.16,439145,34,卖盘
2518,13:08:07,129.17,245397,19,买盘
2519,13:08:10,129.16,116243,9,中性盘
2520,13:08:13,129.16,271241,21,卖盘
2521,13:08:16,129.16,400408,31,卖盘
2522,13:08:19,129.16,762052,59,卖盘
2523,13:08:22,129.16,568302,44,买盘
2524,13:08:25,129.16,322891,25,买盘
2525,13:08:28,129.16,1226938,95,买盘
2526,13:08:31,129.16,271235,21,买盘
2527,13:08:34,129.16,413296,32,买盘
2528,13:08:37,129.16,142069,11,买盘
2529,13:08:40,129.16,477855,37,买盘
2530,13:08:43,129.15,206637,16,中性盘
2531,13:08:46,129.16,361632,28,买盘
2532,13:08:49,129.16,64576,5,买盘
2533,13:08:52,129.15,1265622,98,中性盘
2534,13:08:55,129.16,167902,13,买盘
2535,13:08:58,129.15,154980,12,卖盘
2536,13:09:01,129.16,77496,6,买盘
2537,13:09:04,129.15,1536758,119,卖盘
2538,13:09:07,129.14,361581,28,卖盘
2539,13:09:10,129.14,90398,7,买盘
2540,13:09:13,129.14,103308,8,买盘
2541,13:09:16,129.14,271189,21,买盘
2542,13:09:19,129.14,103307,8,买盘
2543,13:09:22,129.13,232442,18,卖盘
2544,13:09:25,129.14,2595440,201,买盘
2545,13:09:28,129.11,3240736,251,卖盘
2546,13:09:31,129.11,568049,44,买盘
2547,13:09:34,129.11,116199,9,卖盘
2548,13:09:37,129.11,90377,7,中性盘
2549,13:09:40,129.11,361520,28,买盘
2550,13:09:43,129.11,555181,43,卖盘
2551,13:09:46,129.11,348582,27,买盘
2552,13:09:49,129.11,1381432,107,买盘
2553,13:09:52,129.11,129109,10,买盘
2554,13:09:55,129.1,219481,17,卖盘
2555,13:09:58,129.1,387320,30,卖盘
2556,13:10:01,129.1,438948,34,卖盘
2557,13:10:04,129.11,206572,16,买盘
2558,13:10:07,129.11,839161,65,买盘
2559,13:10:10,129.11,1368465,106,买盘
2560,13:10:13,129.11,658456,51,买盘
2561,13:10:16,129.12,219488,17,买盘
2562,13:10:19,129.12,335691,26,买盘
2563,13:10:22,129.12,581002,45,买盘
2564,13:10:25,129.12,142031,11,买盘
2565,13:10:28,129.12,90381,7,买盘
2566,13:10:31,129.12,116207,9,买盘
2567,13:10:34,129.12,503568,39,买盘
2568,13:10:37,129.11,400259,31,卖盘
2569,13:10:40,129.12,167854,13,买盘
2570,13:10:43,129.11,154942,12,卖盘
2571,13:10:46,129.12,90384,7,中性盘
2572,13:10:49,129.12,439008,34,卖盘
2573,13:10:52,129.13,490626,38,买盘
2574,13:10:55,129.11,309880,24,卖盘
2575,13:10:58,129.13,77473,6,买盘
2576,13:11:01,129.12,38737,3,卖盘
2577,13:11:04,129.12,516465,40,卖盘
2578,13:11:07,129.13,451952,35,买盘
2579,13:11:10,129.13,193698,15,卖盘
2580,13:11:13,129.13,142043,11,卖盘
2581,13:11:16,129.14,1394611,108,买盘
2582,13:11:19,129.14,154968,12,买盘
2583,13:11:22,129.14,129138,10,买盘
2584,13:11:25,129.14,219538,17,卖盘
2585,13:11:28,129.15,452000,35,买盘
2586,13:11:31,129.15,206639,16,买盘
2587,13:11:34,129.15,322875,25,卖盘
2588,13:11:37,129.15,129151,10,卖盘
2589,13:11:40,129.15,51662,4,卖盘
2590,13:11:43,129.15,219562,17,卖盘
2591,13:11:46,129.16,219556,17,买盘
2592,13:11:49,129.13,1485051,115,卖盘
2593,13:11:52,129.14,64571,5,卖盘
2594,13:11:55,129.15,245384,19,买盘
2595,13:11:58,129.14,90403,7,中性盘
2596,13:12:01,129.15,142064,11,买盘
2597,13:12:04,129.15,12915,1,买盘
2598,13:12:07,129.15,154974,12,买盘
2599,13:12:10,129.14,167887,13,卖盘
2600,13:12:13,129.14,361605,28,卖盘
2601,13:12:16,129.14,154969,12,卖盘
2602,13:12:19,129.13,18930473,1466,卖盘
2603,13:12:22,129.13,1730420,134,卖盘
2604,13:12:25,129.13,1291166,100,买盘
2605,13:12:28,129.13,154952,12,买盘
2606,13:12:31,129.12,193686,15,卖盘
2607,13:12:34,129.12,1032893,80,买盘
2608,13:12:37,129.12,90384,7,买盘
2609,13:12:40,129.12,38736,3,中性盘
2610,13:12:43,129.12,206598,16,卖盘
2611,13:12:46,129.13,12913,1,买盘
2612,13:12:49,129.13,38739,3,卖盘
2613,13:12:52,129.13,64565,5,卖盘
2614,13:12:55,129.13,258262,20,卖盘
2615,13:12:58,129.13,51652,4,卖盘
2616,13:13:01,129.14,64566,5,买盘
2617,13:13:04,129.13,167875,13,卖盘
2618,13:13:07,129.12,1162083,90,卖盘
2619,13:13:10,129.12,167861,13,卖盘
2620,13:13:13,129.12,206591,16,买盘
2621,13:13:16,129.13,426119,33,买盘
2622,13:13:19,129.13,38739,3,卖盘
2623,13:13:22,129.13,129135,10,卖盘
2624,13:13:25,129.13,116217,9,卖盘
2625,13:13:28,129.13,64562,5,买盘
2626,13:13:31,129.13,219506,17,买盘
2627,13:13:34,129.13,206597,16,买盘
2628,13:13:37,129.13,180778,14,买盘
2629,13:13:40,129.12,51648,4,卖盘
2630,13:13:43,129.11,387356,30,卖盘
2631,13:13:46,129.12,839278,65,买盘
2632,13:13:49,129.11,1523614,118,卖盘
2633,13:13:52,129.12,38736,3,中性盘
2634,13:13:55,129.13,38739,3,买盘
2635,13:13:58,129.12,90384,7,卖盘
2636,13:14:01,129.12,284069,22,卖盘
2637,13:14:04,129.12,154944,12,买盘
2638,13:14:07,129.12,180767,14,买盘
2639,13:14:10,129.12,219504,17,买盘
2640,13:14:13,129.12,284084,22,卖盘
2641,13:14:16,129.12,271177,21,卖盘
2642,13:14:19,129.12,271166,21,卖盘
2643,13:14:22,129.12,103298,8,卖盘
2644,13:14:25,129.13,232429,18,卖盘
2645,13:14:28,129.13,12913,1,买盘
2646,13:14:31,129.13,439036,34,买盘
2647,13:14:34,129.13,38738,3,买盘
2648,13:14:37,129.12,1317044,102,卖盘
2649,13:14:40,129.12,77480,6,卖盘
2650,13:14:43,129.12,723087,56,卖盘
2651,13:14:46,129.12,180768,14,卖盘
2652,13:14:49,129.13,77473,6,买盘
2653,13:14:52,129.12,77473,6,卖盘
2654,13:14:55,129.12,64561,5,卖盘
2655,13:14:58,129.13,51652,4,买盘
2656,13:15:01,129.12,90391,7,卖盘
2657,13:15:04,129.13,2608129,202,卖盘
2658,13:15:07,129.14,154962,12,买盘
2659,13:15:10,129.14,671531,52,买盘
2660,13:15:13,129.15,142058,11,买盘
2661,13:15:16,129.15,297028,23,买盘
2662,13:15:19,129.14,219550,17,卖盘
2663,13:15:22,129.16,103328,8,买盘
2664,13:15:25,129.18,12918,1,买盘
2665,13:15:28,129.18,155007,12,买盘
2666,13:15:31,129.19,129179,10,买盘
2667,13:15:34,129.19,142108,11,买盘
2668,13:15:37,129.15,723281,56,卖盘
2669,13:15:40,129.15,142065,11,买盘
2670,13:15:43,129.14,619899,48,卖盘
2671,13:15:46,129.15,258291,20,买盘
2672,13:15:49,129.15,38744,3,卖盘
2673,13:15:52,129.16,142074,11,买盘
2674,13:15:55,129.16,206641,16,买盘
2675,13:15:58,129.16,12916,1,买盘
2676,13:16:01,129.16,51664,4,卖盘
2677,13:16:04,129.19,142093,11,买盘
2678,13:16:07,129.16,77498,6,卖盘
2679,13:16:10,129.17,51669,4,买盘
2680,13:16:13,129.16,129165,10,卖盘
2681,13:16:16,129.18,64587,5,买盘
2682,13:16:19,129.18,38754,3,买盘
2683,13:16:22,129.18,142103,11,买盘
2684,13:16:28,129.19,400479,31,买盘
2685,13:16:34,129.19,129185,10,买盘
2686,13:16:37,129.18,167938,13,卖盘
2687,13:16:40,129.18,284210,22,卖盘
2688,13:16:43,129.17,310030,24,卖盘
2689,13:16:46,129.17,90427,7,卖盘
2690,13:16:49,129.19,180859,14,买盘
2691,13:16:52,129.17,103345,8,卖盘
2692,13:16:55,129.19,51672,4,买盘
2693,13:16:58,129.19,12919,1,买盘
2694,13:17:04,129.19,167945,13,买盘
2695,13:17:07,129.18,12918,1,卖盘
2696,13:17:10,129.2,1123955,87,买盘
2697,13:17:13,129.2,77519,6,买盘
2698,13:17:16,129.2,25840,2,买盘
2699,13:17:22,129.19,245467,19,卖盘
2700,13:17:25,129.19,956062,74,卖盘
2701,13:17:28,129.18,322973,25,卖盘
2702,13:17:31,129.19,64595,5,买盘
2703,13:17:34,129.18,90431,7,卖盘
2704,13:17:37,129.2,258399,20,买盘
2705,13:17:40,129.18,51675,4,卖盘
2706,13:17:43,129.2,77520,6,卖盘
2707,13:17:49,129.2,116280,9,买盘
2708,13:17:52,129.19,232547,18,卖盘
2709,13:17:55,129.21,25842,2,买盘
2710,13:17:58,129.21,116287,9,买盘
2711,13:18:01,129.21,25842,2,买盘
2712,13:18:04,129.2,258401,20,卖盘
2713,13:18:07,129.2,142118,11,买盘
2714,13:18:10,129.2,90440,7,买盘
2715,13:18:13,129.21,1408274,109,买盘
2716,13:18:16,129.21,51684,4,卖盘
2717,13:18:19,129.21,77531,6,卖盘
2718,13:18:22,129.21,77527,6,卖盘
2719,13:18:25,129.21,25842,2,卖盘
2720,13:18:28,129.22,155057,12,买盘
2721,13:18:31,129.22,348889,27,买盘
2722,13:18:34,129.22,77532,6,买盘
2723,13:18:37,129.22,77536,6,卖盘
2724,13:18:40,129.23,361820,28,买盘
2725,13:18:43,129.24,206772,16,买盘
2726,13:18:46,129.23,129231,10,卖盘
2727,13:18:49,129.23,51695,4,卖盘
2728,13:18:52,129.23,736702,57,卖盘
2729,13:18:55,129.25,38773,3,买盘
2730,13:18:58,129.23,284315,22,卖盘
2731,13:19:01,129.26,193867,15,买盘
2732,13:19:04,129.25,142176,11,卖盘
2733,13:19:07,129.26,232643,18,买盘
2734,13:19:10,129.25,168028,13,卖盘
2735,13:19:13,129.26,51702,4,买盘
2736,13:19:16,129.26,116338,9,卖盘
2737,13:19:19,129.28,64633,5,买盘
2738,13:19:22,129.28,90494,7,买盘
2739,13:19:25,129.28,168060,13,买盘
2740,13:19:28,129.27,103420,8,中性盘
2741,13:19:31,129.28,581749,45,买盘
2742,13:19:34,129.29,155140,12,买盘
2743,13:19:43,129.29,387862,30,买盘
2744,13:19:46,129.29,232722,18,买盘
2745,13:19:55,129.29,193947,15,卖盘
2746,13:19:58,129.29,646455,50,卖盘
2747,13:20:01,129.29,155148,12,买盘
2748,13:20:04,129.29,362001,28,买盘
2749,13:20:07,129.29,193934,15,买盘
2750,13:20:10,129.29,90503,7,买盘
2751,13:20:13,129.28,180998,14,卖盘
2752,13:20:16,129.29,38786,3,买盘
2753,13:20:19,129.28,168066,13,买盘
2754,13:20:22,129.28,116352,9,卖盘
2755,13:20:25,129.28,284422,22,卖盘
2756,13:20:28,129.28,180993,14,卖盘
2757,13:20:31,129.27,168061,13,卖盘
2758,13:20:34,129.27,77565,6,卖盘
2759,13:20:37,129.28,142201,11,买盘
2760,13:20:40,129.27,1034111,80,卖盘
2761,13:20:43,129.27,25854,2,买盘
2762,13:20:46,129.22,2765218,214,卖盘
2763,13:20:49,129.22,64608,5,买盘
2764,13:20:52,129.21,465158,36,卖盘
2765,13:20:55,129.22,64609,5,买盘
2766,13:20:58,129.22,180903,14,买盘
2767,13:21:01,129.22,180885,14,买盘
2768,13:21:04,129.22,64605,5,卖盘
2769,13:21:07,129.22,51690,4,卖盘
2770,13:21:10,129.23,25846,2,中性盘
2771,13:21:13,129.23,64611,5,买盘
2772,13:21:16,129.22,439381,34,卖盘
2773,13:21:19,129.24,155075,12,买盘
2774,13:21:22,129.24,64620,5,卖盘
2775,13:21:25,129.24,77544,6,卖盘
2776,13:21:28,129.24,90468,7,卖盘
2777,13:21:31,129.25,336046,26,买盘
2778,13:21:34,129.27,193883,15,买盘
2779,13:21:37,129.27,25854,2,买盘
2780,13:21:40,129.27,12927,1,中性盘
2781,13:21:43,129.27,129268,10,买盘
2782,13:21:46,129.28,129275,10,买盘
2783,13:21:49,129.28,142198,11,买盘
2784,13:21:55,129.27,168061,13,卖盘
2785,13:21:58,129.28,155127,12,买盘
2786,13:22:01,129.28,180986,14,买盘
2787,13:22:04,129.28,555902,43,买盘
2788,13:22:07,129.28,193917,15,买盘
2789,13:22:10,129.28,193920,15,买盘
2790,13:22:13,129.28,206845,16,买盘
2791,13:22:16,129.27,323198,25,卖盘
2792,13:22:19,129.28,155135,12,买盘
2793,13:22:22,129.28,25856,2,买盘
2794,13:22:25,129.28,64638,5,买盘
2795,13:22:28,129.27,77565,6,卖盘
2796,13:22:31,129.28,323197,25,买盘
2797,13:22:34,129.27,77568,6,卖盘
2798,13:22:37,129.27,672239,52,卖盘
2799,13:22:40,129.27,64635,5,买盘
2800,13:22:43,129.26,193904,15,卖盘
2801,13:22:46,129.26,374864,29,卖盘
2802,13:22:49,129.27,400707,31,买盘
2803,13:22:55,129.26,77560,6,卖盘
2804,13:22:58,129.26,90483,7,卖盘
2805,13:23:01,129.25,168035,13,卖盘
2806,13:23:04,129.26,64628,5,中性盘
2807,13:23:07,129.3,2120334,164,买盘
2808,13:23:13,129.27,193908,15,卖盘
2809,13:23:16,129.29,116359,9,买盘
2810,13:23:19,129.29,12929,1,买盘
2811,13:23:22,129.3,465479,36,买盘
2812,13:23:25,129.3,77579,6,买盘
2813,13:23:28,129.3,103436,8,买盘
2814,13:23:31,129.29,90503,7,卖盘
2815,13:23:34,129.29,982670,76,卖盘
2816,13:23:37,129.28,879136,68,卖盘
2817,13:23:40,129.28,491264,38,买盘
2818,13:23:43,129.27,827333,64,卖盘
2819,13:23:46,129.27,219749,17,买盘
2820,13:23:49,129.26,232672,18,卖盘
2821,13:23:52,129.25,116333,9,卖盘
2822,13:23:55,129.26,426553,33,买盘
2823,13:23:58,129.25,465321,36,卖盘
2824,13:24:01,129.26,426550,33,买盘
2825,13:24:04,129.26,736837,57,卖盘
2826,13:24:07,129.27,25854,2,买盘
2827,13:24:10,129.26,155113,12,卖盘
2828,13:24:13,129.27,116343,9,卖盘
2829,13:24:16,129.28,762750,59,买盘
2830,13:24:19,129.29,12929,1,买盘
2831,13:24:22,129.29,25858,2,买盘
2832,13:24:25,129.29,12929,1,买盘
2833,13:24:28,129.29,129290,10,买盘
2834,13:24:34,129.3,103438,8,买盘
2835,13:24:40,129.32,245692,19,买盘
2836,13:24:43,129.31,64657,5,卖盘
2837,13:24:46,129.33,142255,11,买盘
2838,13:24:49,129.34,297472,23,买盘
2839,13:24:52,129.33,25866,2,卖盘
2840,13:24:55,129.34,155208,12,买盘
2841,13:24:58,129.35,155211,12,买盘
2842,13:25:01,129.35,258689,20,买盘
2843,13:25:04,129.35,155220,12,买盘
2844,13:25:07,129.35,194025,15,买盘
2845,13:25:10,129.36,90550,7,买盘
2846,13:25:13,129.36,116419,9,买盘
2847,13:25:16,129.37,206992,16,买盘
2848,13:25:19,129.38,207001,16,买盘
2849,13:25:22,129.37,168183,13,卖盘
2850,13:25:25,129.38,129379,10,买盘
2851,13:25:28,129.38,349324,27,买盘
2852,13:25:31,129.39,103510,8,买盘
2853,13:25:34,129.38,64690,5,卖盘
2854,13:25:37,129.39,155268,12,买盘
2855,13:25:40,129.4,711686,55,买盘
2856,13:25:43,129.41,232934,18,买盘
2857,13:25:46,129.41,569451,44,买盘
2858,13:25:49,129.41,25882,2,卖盘
2859,13:25:52,129.41,90590,7,卖盘
2860,13:25:55,129.42,297686,23,中性盘
2861,13:25:58,129.42,349474,27,卖盘
2862,13:26:01,129.45,388303,30,买盘
2863,13:26:04,129.42,362428,28,卖盘
2864,13:26:07,129.41,1255344,97,卖盘
2865,13:26:10,129.35,4541675,351,卖盘
2866,13:26:13,129.37,1009010,78,买盘
2867,13:26:16,129.37,129359,10,买盘
2868,13:26:19,129.36,77616,6,买盘
2869,13:26:22,129.36,310516,24,中性盘
2870,13:26:25,129.37,207002,16,中性盘
2871,13:26:28,129.36,323411,25,卖盘
2872,13:26:31,129.38,245812,19,买盘
2873,13:26:34,129.4,349368,27,买盘
2874,13:26:37,129.4,439840,34,买盘
2875,13:26:40,129.4,310558,24,买盘
2876,13:26:43,129.41,426991,33,买盘
2877,13:26:46,129.39,181159,14,中性盘
2878,13:26:49,129.4,116449,9,买盘
2879,13:26:52,129.39,530537,41,中性盘
2880,13:26:55,129.4,582341,45,买盘
2881,13:26:58,129.42,232929,18,买盘
2882,13:27:01,129.4,232906,18,卖盘
2883,13:27:04,129.42,51768,4,买盘
2884,13:27:07,129.42,310581,24,买盘
2885,13:27:10,129.43,336499,26,买盘
2886,13:27:13,129.42,181184,14,卖盘
2887,13:27:16,129.42,232958,18,买盘
2888,13:27:19,129.42,142362,11,买盘
2889,13:27:22,129.42,181195,14,卖盘
2890,13:27:25,129.42,232956,18,买盘
2891,13:27:28,129.42,491781,38,买盘
2892,13:27:31,129.41,284702,22,卖盘
2893,13:27:34,129.41,310584,24,买盘
2894,13:27:37,129.41,440004,34,买盘
2895,13:27:40,129.41,38823,3,买盘
2896,13:27:43,129.41,103528,8,卖盘
2897,13:27:46,129.41,38823,3,卖盘
2898,13:27:49,129.42,194117,15,买盘
2899,13:27:52,129.41,51764,4,卖盘
2900,13:27:55,129.41,232949,18,卖盘
2901,13:27:58,129.42,129416,10,买盘
2902,13:28:01,129.4,737634,57,卖盘
2903,13:28:04,129.41,12941,1,买盘
2904,13:28:07,129.41,142351,11,买盘
2905,13:28:10,129.4,789340,61,卖盘
2906,13:28:13,129.4,232927,18,卖盘
2907,13:28:16,129.4,815181,63,卖盘
2908,13:28:19,129.4,271739,21,买盘
2909,13:28:22,129.39,129390,10,卖盘
2910,13:28:25,129.4,245854,19,买盘
2911,13:28:28,129.4,582291,45,买盘
2912,13:28:31,129.4,336414,26,买盘
2913,13:28:34,129.4,271729,21,买盘
2914,13:28:37,129.39,323482,25,卖盘
2915,13:28:40,129.4,271728,21,买盘
2916,13:28:43,129.4,142335,11,买盘
2917,13:28:46,129.39,375247,29,卖盘
2918,13:28:49,129.42,2885711,223,买盘
2919,13:28:52,129.4,1177657,91,卖盘
2920,13:28:55,129.44,1514399,117,买盘
2921,13:28:58,129.45,1139159,88,买盘
2922,13:29:01,129.5,2252844,174,买盘
2923,13:29:04,129.49,1359720,105,中性盘
2924,13:29:07,129.5,1735279,134,买盘
2925,13:29:10,129.49,505042,39,卖盘
2926,13:29:13,129.54,1204425,93,买盘
2927,13:29:16,129.53,544061,42,卖盘
2928,13:29:19,129.54,518227,40,中性盘
2929,13:29:22,129.55,194331,15,卖盘
2930,13:29:25,129.54,233187,18,卖盘
2931,13:29:28,129.55,401604,31,买盘
2932,13:29:31,129.55,233189,18,卖盘
2933,13:29:34,129.57,855104,66,买盘
2934,13:29:37,129.56,194341,15,卖盘
2935,13:29:40,129.56,1010576,78,卖盘
2936,13:29:43,129.58,272092,21,买盘
2937,13:29:46,129.58,362809,28,买盘
2938,13:29:49,129.58,168450,13,买盘
2939,13:29:52,129.58,868190,67,买盘
2940,13:29:55,129.58,272126,21,卖盘
2941,13:29:58,129.58,609041,47,卖盘
2942,13:30:01,129.59,894178,69,买盘
2943,13:30:04,129.6,194395,15,买盘
2944,13:30:07,129.6,375826,29,买盘
2945,13:30:10,129.59,2242002,173,卖盘
2946,13:30:13,129.58,1101505,85,卖盘
2947,13:30:16,129.58,907071,70,卖盘
2948,13:30:19,129.57,725625,56,卖盘
2949,13:30:22,129.57,479370,37,买盘
2950,13:30:25,129.54,155460,12,卖盘
2951,13:30:28,129.54,259098,20,卖盘
2952,13:30:31,129.54,297970,23,卖盘
2953,13:30:34,129.54,401556,31,买盘
2954,13:30:37,129.54,556945,43,买盘
2955,13:30:40,129.5,466234,36,卖盘
2956,13:30:43,129.5,129499,10,买盘
2957,13:30:46,129.54,1372889,106,买盘
2958,13:30:49,129.48,867748,67,卖盘
2959,13:30:52,129.47,427277,33,中性盘
2960,13:30:55,129.48,388455,30,买盘
2961,13:30:58,129.48,103594,8,卖盘
2962,13:31:01,129.48,220107,17,买盘
2963,13:31:04,129.48,77688,6,买盘
2964,13:31:07,129.47,116528,9,卖盘
2965,13:31:10,129.47,142424,11,买盘
2966,13:31:13,129.48,517878,40,买盘
2967,13:31:16,129.47,297779,23,中性盘
2968,13:31:19,129.47,323656,25,买盘
2969,13:31:22,129.46,245987,19,卖盘
2970,13:31:25,129.47,51789,4,卖盘
2971,13:31:28,129.46,310719,24,卖盘
2972,13:31:31,129.48,336624,26,买盘
2973,13:31:34,129.48,51792,4,卖盘
2974,13:31:37,129.48,129483,10,卖盘
2975,13:31:40,129.48,284863,22,卖盘
2976,13:31:43,129.51,492034,38,买盘
2977,13:31:46,129.53,634688,49,买盘
2978,13:31:49,129.53,867894,67,卖盘
2979,13:31:52,129.53,116581,9,卖盘
2980,13:31:55,129.56,246157,19,买盘
2981,13:31:58,129.56,712550,55,卖盘
2982,13:32:01,129.57,427570,33,买盘
2983,13:32:04,129.57,738479,57,买盘
2984,13:32:07,129.57,233225,18,买盘
2985,13:32:10,129.57,246190,19,卖盘
2986,13:32:13,129.57,958868,74,卖盘
2987,13:32:16,129.58,842231,65,买盘
2988,13:32:19,129.59,414659,32,买盘
2989,13:32:22,129.58,414666,32,卖盘
2990,13:32:25,129.6,8903141,687,买盘
2991,13:32:28,129.61,2268194,175,买盘
2992,13:32:31,129.62,168506,13,中性盘
2993,13:32:34,129.62,518468,40,中性盘
2994,13:32:37,129.65,816841,63,买盘
2995,13:32:40,129.69,816974,63,买盘
2996,13:32:43,129.66,1102328,85,卖盘
2997,13:32:46,129.7,531760,41,买盘
2998,13:32:49,129.74,765339,59,买盘
2999,13:32:52,129.72,1206222,93,中性盘
3000,13:32:55,129.74,869283,67,买盘
3001,13:32:58,129.76,1102730,85,卖盘
3002,13:33:01,129.77,1012144,78,买盘
3003,13:33:04,129.78,194657,15,买盘
3004,13:33:07,129.78,648882,50,买盘
3005,13:33:10,129.77,4555175,351,卖盘
3006,13:33:13,129.77,4489303,346,中性盘
3007,13:33:16,129.76,661652,51,中性盘
3008,13:33:19,129.75,1012162,78,中性盘
3009,13:33:22,129.7,791382,61,卖盘
3010,13:33:25,129.74,492955,38,买盘
3011,13:33:28,129.7,869275,67,卖盘
3012,13:33:31,129.7,596668,46,卖盘
3013,13:33:34,129.69,2801525,216,卖盘
3014,13:33:37,129.69,168582,13,中性盘
3015,13:33:40,129.67,2295644,177,中性盘
