,成交时间,成交价格,成交金额,成交量,性质
0,09:25:03,129.43,12438223,961,卖盘
1,09:30:03,129.43,2278118,176,买盘
2,09:30:06,129.49,1397895,108,中性盘
3,09:30:09,129.55,5527493,427,买盘
4,09:30:12,129.5,453272,35,卖盘
5,09:30:15,129.45,4790332,370,卖盘
6,09:30:18,129.43,880172,68,卖盘
7,09:30:21,129.44,2498305,193,中性盘
8,09:30:24,129.43,1540340,119,卖盘
9,09:30:27,129.44,2576190,199,中性盘
10,09:30:30,129.44,1903667,147,卖盘
11,09:30:33,129.43,2356223,182,卖盘
12,09:30:36,129.43,1669701,129,卖盘
13,09:30:39,129.38,1229152,95,卖盘
14,09:30:42,129.39,802107,62,买盘
15,09:30:45,129.38,659778,51,买盘
16,09:30:48,129.35,530403,41,卖盘
17,09:30:51,129.31,659583,51,卖盘
18,09:30:54,129.31,568937,44,买盘
19,09:30:57,129.3,1073098,83,卖盘
20,09:31:00,129.21,581568,45,卖盘
21,09:31:03,129.2,361841,28,卖盘
22,09:31:06,129.2,684775,53,卖盘
23,09:31:09,129.18,1201548,93,卖盘
24,09:31:12,129.17,387591,30,卖盘
25,09:31:15,129.15,3435532,266,卖盘
26,09:31:18,129.16,1304423,101,中性盘
27,09:31:21,129.15,1782309,138,买盘
28,09:31:24,129.13,774730,60,卖盘
29,09:31:27,129.1,813470,63,卖盘
30,09:31:30,129.1,1291300,100,卖盘
31,09:31:33,129.15,1871683,145,买盘
32,09:31:36,129.13,1032992,80,买盘
33,09:31:39,129.13,1149231,89,买盘
34,09:31:42,129.1,1885062,146,卖盘
35,09:31:45,129.13,878054,68,买盘
36,09:31:48,129.14,2699497,209,买盘
37,09:31:51,129.13,1713279,133,卖盘
38,09:31:54,129.19,1059022,82,买盘
39,09:31:57,129.28,866138,67,买盘
40,09:32:00,129.3,2300381,178,买盘
41,09:32:03,129.33,181046,14,买盘
42,09:32:06,129.35,646751,50,买盘
43,09:32:09,129.36,375125,29,买盘
44,09:32:12,129.39,375068,29,买盘
45,09:32:15,129.39,181125,14,买盘
46,09:32:18,129.39,1345670,104,卖盘
47,09:32:21,129.44,828362,64,买盘
48,09:32:24,129.51,284918,22,买盘
49,09:32:27,129.47,543891,42,卖盘
50,09:32:30,129.5,621419,48,买盘
51,09:32:33,129.5,349651,27,买盘
52,09:32:36,129.51,3107363,240,买盘
53,09:32:39,129.5,1735539,134,卖盘
54,09:32:42,129.51,841802,65,卖盘
55,09:32:45,129.53,1412063,109,中性盘
56,09:32:48,129.55,647726,50,买盘
57,09:32:51,129.58,233211,18,买盘
58,09:32:54,129.59,453472,35,买盘
59,09:32:57,129.58,4559784,352,卖盘
60,09:33:00,129.59,1283058,99,买盘
61,09:33:03,129.6,1438441,111,中性盘
62,09:33:06,129.53,1891750,146,卖盘
63,09:33:09,129.5,906524,70,卖盘
64,09:33:12,129.5,660572,51,买盘
65,09:33:15,129.53,712444,55,中性盘
66,09:33:18,129.5,3974932,307,卖盘
67,09:33:21,129.5,4442260,343,买盘
68,09:33:24,129.36,828680,64,卖盘
69,09:33:27,129.48,220105,17,中性盘
70,09:33:30,129.46,207041,16,中性盘
71,09:33:33,129.47,621163,48,买盘
72,09:33:36,129.46,1165197,90,中性盘
73,09:33:39,129.37,815225,63,卖盘
74,09:33:42,129.46,258825,20,买盘
75,09:33:45,129.41,543517,42,卖盘
76,09:33:48,129.41,1151833,89,卖盘
77,09:33:51,129.38,711690,55,中性盘
78,09:33:54,129.4,219970,17,中性盘
79,09:33:57,129.37,543395,42,卖盘
80,09:34:00,129.32,2289543,177,卖盘
81,09:34:03,129.32,206909,16,买盘
82,09:34:06,129.32,1551836,120,买盘
83,09:34:09,129.32,1189758,92,卖盘
84,09:34:12,129.32,762983,59,买盘
85,09:34:15,129.3,827616,64,卖盘
86,09:34:18,129.3,814604,63,卖盘
87,09:34:21,129.3,594782,46,卖盘
88,09:34:24,129.3,2314417,179,买盘
89,09:34:27,129.37,6157519,476,买盘
90,09:34:30,129.37,258741,20,卖盘
91,09:34:33,129.4,1061045,82,买盘
92,09:34:36,129.48,543516,42,买盘
93,09:34:39,129.45,310689,24,卖盘
94,09:34:42,129.45,181221,14,买盘
95,09:34:45,129.45,1942112,150,买盘
96,09:34:48,129.45,297698,23,中性盘
97,09:34:51,129.4,556445,43,卖盘
98,09:34:54,129.4,789426,61,买盘
99,09:34:57,129.4,957565,74,卖盘
100,09:35:00,129.45,401190,31,买盘
101,09:35:03,129.4,2368030,183,卖盘
102,09:35:06,129.4,401139,31,买盘
103,09:35:09,129.31,5575330,431,卖盘
104,09:35:12,129.38,1371175,106,买盘
105,09:35:15,129.31,77603,6,卖盘
106,09:35:18,129.31,465534,36,卖盘
107,09:35:21,129.31,504304,39,买盘
108,09:35:24,129.3,788850,61,卖盘
109,09:35:27,129.3,400853,31,卖盘
110,09:35:30,129.34,2547361,197,买盘
111,09:35:33,129.34,258627,20,卖盘
112,09:35:36,129.37,672719,52,买盘
113,09:35:39,129.34,530418,41,卖盘
114,09:35:42,129.37,1086457,84,买盘
115,09:35:45,129.37,103470,8,买盘
116,09:35:48,129.34,181076,14,卖盘
117,09:35:51,129.34,491479,38,买盘
118,09:35:54,129.34,232812,18,卖盘
119,09:35:57,129.46,2471560,191,买盘
120,09:36:00,129.46,1074527,83,卖盘
121,09:36:03,129.49,491986,38,买盘
122,09:36:06,129.5,349611,27,买盘
123,09:36:09,129.5,1994153,154,买盘
124,09:36:12,129.5,3482027,269,买盘
125,09:36:15,129.5,1580015,122,买盘
126,09:36:18,129.5,543893,42,买盘
127,09:36:21,129.5,660440,51,买盘
128,09:36:24,129.46,220134,17,卖盘
129,09:36:27,129.49,479086,37,买盘
130,09:36:30,129.49,1281883,99,买盘
131,09:36:33,129.45,1320814,102,卖盘
132,09:36:36,129.46,427156,33,中性盘
133,09:36:39,129.4,841577,65,卖盘
134,09:36:42,129.4,582308,45,卖盘
135,09:36:45,129.44,698804,54,买盘
136,09:36:48,129.49,8152424,630,买盘
137,09:36:51,129.49,220117,17,买盘
138,09:36:54,129.45,1126198,87,卖盘
139,09:36:57,129.55,1372952,106,买盘
140,09:37:00,129.55,220220,17,买盘
141,09:37:03,129.45,7327896,566,卖盘
142,09:37:06,129.45,569708,44,买盘
143,09:37:09,129.52,1075056,83,中性盘
144,09:37:12,129.45,245980,19,卖盘
145,09:37:15,129.5,970909,75,买盘
146,09:37:18,129.45,1009766,78,卖盘
147,09:37:21,129.44,517789,40,中性盘
148,09:37:24,129.5,2071361,160,买盘
149,09:37:27,129.5,90646,7,中性盘
150,09:37:30,129.45,207199,16,卖盘
151,09:37:33,129.49,997299,77,买盘
152,09:37:36,129.49,233084,18,中性盘
153,09:37:39,129.49,271925,21,中性盘
154,09:37:42,129.53,1489527,115,买盘
155,09:37:45,129.53,259063,20,卖盘
156,09:37:48,129.53,1165785,90,卖盘
157,09:37:51,129.53,1774561,137,卖盘
158,09:37:54,129.53,181339,14,买盘
159,09:37:57,129.51,466271,36,卖盘
160,09:38:00,129.5,1217324,94,卖盘
161,09:38:03,129.45,1113615,86,卖盘
162,09:38:06,129.49,971129,75,买盘
163,09:38:09,129.49,349621,27,买盘
164,09:38:12,129.48,207168,16,卖盘
165,09:38:15,129.48,297787,23,买盘
166,09:38:18,129.47,1255787,97,买盘
167,09:38:21,129.47,776852,60,买盘
168,09:38:24,129.46,297744,23,卖盘
169,09:38:27,129.45,530727,41,卖盘
170,09:38:30,129.44,207100,16,中性盘
171,09:38:33,129.45,271800,21,买盘
172,09:38:36,129.45,220050,17,买盘
173,09:38:39,129.44,1009641,78,卖盘
174,09:38:42,129.43,815474,63,卖盘
175,09:38:45,129.43,142370,11,中性盘
176,09:38:48,129.43,271785,21,中性盘
177,09:38:51,129.42,232963,18,卖盘
178,09:38:54,129.42,401214,31,买盘
179,09:38:57,129.4,685863,53,卖盘
180,09:39:00,129.39,1086951,84,卖盘
181,09:39:03,129.39,401131,31,卖盘
182,09:39:06,129.39,491688,38,卖盘
183,09:39:09,129.39,2807964,217,卖盘
184,09:39:12,129.39,271715,21,中性盘
185,09:39:15,129.38,336362,26,买盘
186,09:39:18,129.37,116440,9,中性盘
187,09:39:21,129.35,400987,31,卖盘
188,09:39:24,129.35,90547,7,卖盘
189,09:39:27,129.34,504425,39,卖盘
190,09:39:30,129.33,77597,6,中性盘
191,09:39:33,129.31,310360,24,卖盘
192,09:39:36,129.31,801801,62,卖盘
193,09:39:39,129.33,698351,54,买盘
194,09:39:42,129.31,478438,37,买盘
195,09:39:45,129.31,711302,55,中性盘
196,09:39:48,129.3,2146433,166,卖盘
197,09:39:51,129.32,1668337,129,买盘
198,09:39:54,129.32,116407,9,卖盘
199,09:39:57,129.35,1047549,81,买盘
200,09:40:00,129.32,387967,30,卖盘
201,09:40:03,129.32,672470,52,卖盘
202,09:40:06,129.35,801870,62,买盘
203,09:40:09,129.33,155205,12,卖盘
204,09:40:12,129.32,375064,29,卖盘
205,09:40:15,129.32,879390,68,卖盘
206,09:40:18,129.32,1112191,86,买盘
207,09:40:21,129.32,336223,26,买盘
208,09:40:24,129.32,116390,9,卖盘
209,09:40:27,129.33,465581,36,买盘
210,09:40:30,129.32,569019,44,卖盘
211,09:40:33,129.33,969916,75,买盘
212,09:40:36,129.31,3543146,274,卖盘
213,09:40:39,129.31,2017382,156,买盘
214,09:40:42,129.32,116383,9,买盘
215,09:40:45,129.32,38796,3,买盘
216,09:40:48,129.31,400886,31,卖盘
217,09:40:51,129.31,116380,9,卖盘
218,09:40:54,129.32,245704,19,买盘
219,09:40:57,129.32,581922,45,买盘
220,09:41:00,129.32,594874,46,买盘
221,09:41:03,129.31,491409,38,卖盘
222,09:41:06,129.31,245701,19,卖盘
223,09:41:09,129.31,155173,12,卖盘
224,09:41:12,129.32,116386,9,买盘
225,09:41:15,129.32,2819048,218,买盘
226,09:41:18,129.32,387960,30,卖盘
227,09:41:21,129.33,310375,24,买盘
228,09:41:24,129.33,659577,51,买盘
229,09:41:27,129.32,517302,40,卖盘
230,09:41:30,129.32,646626,50,卖盘
231,09:41:33,129.33,1293248,100,买盘
232,09:41:36,129.33,1112234,86,买盘
233,09:41:39,129.33,206925,16,买盘
234,09:41:42,129.34,51735,4,买盘
235,09:41:45,129.32,310391,24,卖盘
236,09:41:48,129.32,271587,21,卖盘
237,09:41:51,129.33,116395,9,买盘
238,09:41:54,129.33,232791,18,买盘
239,09:41:57,129.32,232787,18,卖盘
240,09:42:00,129.33,310387,24,买盘
241,09:42:03,129.33,530234,41,买盘
242,09:42:06,129.32,607812,47,卖盘
243,09:42:09,129.32,155189,12,卖盘
244,09:42:12,129.33,206916,16,买盘
245,09:42:15,129.32,219845,17,卖盘
246,09:42:18,129.3,2974081,230,卖盘
247,09:42:21,129.31,284493,22,中性盘
248,09:42:24,129.29,982671,76,卖盘
249,09:42:27,129.3,646494,50,买盘
250,09:42:30,129.3,297373,23,买盘
251,09:42:33,129.28,452513,35,卖盘
252,09:42:36,129.29,323212,25,买盘
253,09:42:39,129.27,1809920,140,卖盘
254,09:42:42,129.26,297288,23,卖盘
255,09:42:45,129.24,491162,38,卖盘
256,09:42:48,129.22,245533,19,卖盘
257,09:42:51,129.26,1395764,108,买盘
258,09:42:54,129.22,1744601,135,卖盘
259,09:42:57,129.21,865799,67,卖盘
260,09:43:00,129.21,297198,23,买盘
261,09:43:03,129.21,387604,30,中性盘
262,09:43:06,129.21,465134,36,买盘
263,09:43:09,129.21,1253248,97,买盘
264,09:43:12,129.2,271331,21,卖盘
265,09:43:15,129.2,658937,51,卖盘
266,09:43:18,129.2,542641,42,卖盘
267,09:43:21,129.2,206718,16,买盘
268,09:43:24,129.2,490961,38,买盘
269,09:43:27,129.21,981900,76,买盘
270,09:43:30,129.2,736394,57,卖盘
271,09:43:33,129.2,1020623,79,买盘
272,09:43:36,129.19,335895,26,买盘
273,09:43:39,129.19,723425,56,买盘
274,09:43:42,129.18,180846,14,买盘
275,09:43:45,129.17,310012,24,卖盘
276,09:43:48,129.16,1149592,89,卖盘
277,09:43:51,129.16,180827,14,卖盘
278,09:43:54,129.16,258326,20,卖盘
279,09:43:57,129.16,2156978,167,卖盘
280,09:44:00,129.16,284147,22,买盘
281,09:44:03,129.17,1743608,135,买盘
282,09:44:06,129.17,671686,52,卖盘
283,09:44:09,129.18,361689,28,买盘
284,09:44:12,129.18,413353,32,买盘
285,09:44:15,129.18,594215,46,买盘
286,09:44:18,129.18,1253000,97,买盘
287,09:44:21,129.17,826718,64,卖盘
288,09:44:24,129.18,452124,35,买盘
289,09:44:27,129.18,736340,57,买盘
290,09:44:30,129.18,167934,13,卖盘
291,09:44:33,129.2,258385,20,买盘
292,09:44:36,129.2,193789,15,买盘
293,09:44:39,129.2,206713,16,中性盘
294,09:44:42,129.2,142134,11,卖盘
295,09:44:45,129.2,568486,44,卖盘
296,09:44:48,129.2,826822,64,卖盘
297,09:44:51,129.23,646084,50,买盘
298,09:44:54,129.21,348880,27,卖盘
299,09:44:57,129.22,129224,10,中性盘
300,09:45:00,129.21,904458,70,卖盘
301,09:45:03,129.21,155062,12,卖盘
302,09:45:06,129.22,594406,46,买盘
303,09:45:09,129.22,219659,17,买盘
304,09:45:12,129.24,1240509,96,买盘
305,09:45:15,129.21,258419,20,买盘
306,09:45:18,129.21,555589,43,买盘
307,09:45:21,129.23,917400,71,买盘
308,09:45:24,129.23,155086,12,卖盘
309,09:45:27,129.23,297266,23,卖盘
310,09:45:30,129.28,749560,58,买盘
311,09:45:33,129.28,684931,53,买盘
312,09:45:36,129.23,245541,19,卖盘
313,09:45:39,129.26,90491,7,中性盘
314,09:45:42,129.23,3154682,244,卖盘
315,09:45:45,129.33,542985,42,买盘
316,09:45:48,129.33,38783,3,买盘
317,09:45:51,129.33,375047,29,买盘
318,09:45:54,129.32,245688,19,买盘
319,09:45:57,129.28,362023,28,卖盘
320,09:46:00,129.29,245641,19,买盘
321,09:46:03,129.29,452511,35,买盘
322,09:46:06,129.29,297356,23,买盘
323,09:46:09,129.29,1344543,104,买盘
324,09:46:12,129.3,206866,16,买盘
325,09:46:15,129.29,206873,16,卖盘
326,09:46:18,129.29,2263157,175,卖盘
327,09:46:21,129.3,297390,23,买盘
328,09:46:24,129.3,956826,74,卖盘
329,09:46:27,129.3,530154,41,卖盘
330,09:46:30,129.31,271562,21,中性盘
331,09:46:33,129.33,556052,43,买盘
332,09:46:36,129.32,129327,10,中性盘
333,09:46:39,129.33,620762,48,买盘
334,09:46:42,129.33,90531,7,买盘
335,09:46:45,129.32,362117,28,卖盘
336,09:46:48,129.3,1499979,116,卖盘
337,09:46:51,129.32,310377,24,中性盘
338,09:46:54,129.32,724201,56,买盘
339,09:46:57,129.32,400894,31,中性盘
340,09:47:00,129.32,1319179,102,中性盘
341,09:47:03,129.34,2354009,182,买盘
342,09:47:06,129.45,5704421,441,买盘
343,09:47:09,129.45,1436928,111,买盘
344,09:47:12,129.44,530713,41,卖盘
345,09:47:15,129.44,103555,8,中性盘
346,09:47:18,129.38,310580,24,卖盘
347,09:47:21,129.41,271828,21,卖盘
348,09:47:24,129.43,271814,21,卖盘
349,09:47:27,129.41,90590,7,卖盘
350,09:47:30,129.38,271760,21,卖盘
351,09:47:33,129.4,375337,29,买盘
352,09:47:36,129.45,168260,13,买盘
353,09:47:39,129.41,77645,6,卖盘
354,09:47:42,129.41,245876,19,买盘
355,09:47:45,129.41,401187,31,买盘
356,09:47:48,129.42,569417,44,中性盘
357,09:47:51,129.41,996388,77,卖盘
358,09:47:54,129.4,815262,63,中性盘
359,09:47:57,129.42,310527,24,买盘
360,09:48:00,129.41,375284,29,中性盘
361,09:48:03,129.42,129411,10,买盘
362,09:48:06,129.42,608273,47,买盘
363,09:48:09,129.41,582343,45,卖盘
364,09:48:12,129.42,789403,61,买盘
365,09:48:15,129.42,517678,40,买盘
366,09:48:18,129.42,271795,21,卖盘
367,09:48:21,129.42,103538,8,卖盘
368,09:48:24,129.42,220028,17,卖盘
369,09:48:27,129.42,64710,5,买盘
370,09:48:30,129.42,168241,13,买盘
371,09:48:33,129.42,284713,22,买盘
372,09:48:36,129.42,1125952,87,买盘
373,09:48:39,129.42,375321,29,卖盘
374,09:48:42,129.43,815406,63,买盘
375,09:48:45,129.44,129433,10,买盘
376,09:48:48,129.45,491870,38,买盘
377,09:48:51,129.44,1592005,123,中性盘
378,09:48:54,129.45,414216,32,买盘
379,09:48:57,129.45,1372051,106,买盘
380,09:49:00,129.45,258900,20,买盘
381,09:49:03,129.45,271840,21,买盘
382,09:49:06,129.45,362451,28,买盘
383,09:49:09,129.45,245946,19,买盘
384,09:49:12,129.43,530713,41,买盘
385,09:49:15,129.43,802381,62,买盘
386,09:49:18,129.44,25888,2,买盘
387,09:49:21,129.44,232991,18,中性盘
388,09:49:24,129.45,478926,37,买盘
389,09:49:27,129.43,401250,31,卖盘
390,09:49:30,129.43,608314,47,买盘
391,09:49:33,129.43,155316,12,买盘
392,09:49:36,129.43,789471,61,买盘
393,09:49:39,129.43,64715,5,卖盘
394,09:49:42,129.43,660101,51,卖盘
395,09:49:45,129.47,1514553,117,买盘
396,09:49:48,129.43,478993,37,卖盘
397,09:49:51,129.48,155367,12,买盘
398,09:49:54,129.48,1424306,110,买盘
399,09:49:57,129.46,103574,8,卖盘
400,09:50:00,129.45,181246,14,卖盘
401,09:50:03,129.47,297740,23,买盘
402,09:50:06,129.47,297759,23,卖盘
403,09:50:09,129.45,595550,46,卖盘
404,09:50:12,129.48,1592501,123,买盘
405,09:50:15,129.48,336641,26,买盘
406,09:50:18,129.48,297786,23,买盘
407,09:50:21,129.47,621461,48,卖盘
408,09:50:24,129.45,996797,77,卖盘
409,09:50:27,129.44,310676,24,卖盘
410,09:50:30,129.5,1955154,151,买盘
411,09:50:33,129.45,233008,18,买盘
412,09:50:36,129.45,634278,49,买盘
413,09:50:39,129.45,1993239,154,买盘
414,09:50:42,129.41,336557,26,卖盘
415,09:50:45,129.41,595278,46,买盘
416,09:50:48,129.39,155270,12,卖盘
417,09:50:51,129.38,375210,29,卖盘
418,09:50:54,129.38,129373,10,中性盘
419,09:50:57,129.38,802198,62,买盘
420,09:51:00,129.38,1462042,113,买盘
421,09:51:03,129.38,633952,49,买盘
422,09:51:06,129.4,1863146,144,买盘
423,09:51:09,129.44,2445397,189,买盘
424,09:51:12,129.44,439998,34,卖盘
425,09:51:15,129.4,3688549,285,卖盘
426,09:51:18,129.4,310582,24,卖盘
427,09:51:21,129.4,129403,10,卖盘
428,09:51:24,129.41,271758,21,买盘
429,09:51:27,129.4,168228,13,卖盘
430,09:51:30,129.39,1035202,80,卖盘
431,09:51:33,129.39,569347,44,买盘
432,09:51:36,129.4,194092,15,中性盘
433,09:51:39,129.4,957581,74,买盘
434,09:51:42,129.41,2147914,166,买盘
435,09:51:45,129.41,38823,3,卖盘
436,09:51:48,129.41,168233,13,卖盘
437,09:51:51,129.43,478837,37,买盘
438,09:51:54,129.42,427086,33,卖盘
439,09:51:57,129.42,517695,40,卖盘
440,09:52:00,129.42,582412,45,卖盘
441,09:52:03,129.43,1125982,87,买盘
442,09:52:06,129.44,582432,45,买盘
443,09:52:09,129.45,802549,62,买盘
444,09:52:12,129.45,2291605,177,中性盘
445,09:52:15,129.49,763853,59,买盘
446,09:52:18,129.52,6112383,472,买盘
447,09:52:21,129.56,7631569,589,买盘
448,09:52:24,129.56,492505,38,卖盘
449,09:52:27,129.65,3163185,244,买盘
450,09:52:30,129.68,1584662,122,买盘
451,09:52:33,129.68,697190,54,卖盘
452,09:52:36,129.69,638488,49,买盘
453,09:52:39,129.72,2827606,218,买盘
454,09:52:42,129.74,1958808,151,买盘
455,09:52:45,129.75,687629,53,买盘
456,09:52:48,129.75,1518039,117,买盘
457,09:52:51,129.76,4542209,350,买盘
458,09:52:54,129.8,1012261,78,买盘
459,09:52:57,129.8,1181182,91,买盘
460,09:53:00,129.8,1479762,114,卖盘
461,09:53:03,129.81,2336507,180,买盘
462,09:53:06,129.81,4752327,366,买盘
463,09:53:09,129.81,1544767,119,卖盘
464,09:53:12,129.81,1518985,117,卖盘
465,09:53:15,129.81,2596195,200,卖盘
466,09:53:18,129.78,1842784,142,卖盘
467,09:53:21,129.75,2257673,174,中性盘
468,09:53:24,129.74,337331,26,买盘
469,09:53:27,129.71,830129,64,买盘
470,09:53:30,129.69,583621,45,卖盘
471,09:53:33,129.68,246400,19,卖盘
472,09:53:36,129.68,920648,71,买盘
473,09:53:39,129.64,907602,70,卖盘
474,09:53:42,129.64,1075805,83,中性盘
475,09:53:45,129.6,881368,68,卖盘
476,09:53:48,129.54,803347,62,卖盘
477,09:53:51,129.64,1374041,106,买盘
478,09:53:54,129.62,1374126,106,卖盘
479,09:53:57,129.61,440716,34,中性盘
480,09:54:00,129.68,3215397,248,买盘
481,09:54:03,129.68,1841920,142,卖盘
482,09:54:06,129.72,1258144,97,卖盘
483,09:54:09,129.68,2154135,166,卖盘
484,09:54:12,129.79,480214,37,买盘
485,09:54:15,129.8,597046,46,买盘
486,09:54:18,129.8,350450,27,买盘
487,09:54:21,129.8,2375339,183,买盘
488,09:54:24,129.81,2583170,199,买盘
489,09:54:27,129.81,532203,41,买盘
490,09:54:30,129.82,571157,44,买盘
491,09:54:33,129.82,1298123,100,买盘
492,09:54:36,129.82,688081,53,卖盘
493,09:54:39,129.83,1687714,130,买盘
494,09:54:42,129.84,662144,51,买盘
495,09:54:45,129.83,1220457,94,中性盘
496,09:54:48,129.82,636183,49,卖盘
497,09:54:51,129.82,519309,40,卖盘
498,09:54:54,129.83,2284735,176,买盘
499,09:54:57,129.81,921740,71,买盘
500,09:55:00,129.79,1700419,131,卖盘
501,09:55:03,129.8,700921,54,中性盘
502,09:55:06,129.79,610013,47,卖盘
503,09:55:09,129.79,597031,46,买盘
504,09:55:12,129.8,1544580,119,买盘
505,09:55:15,129.79,3322722,256,卖盘
506,09:55:18,129.78,1168055,90,中性盘
507,09:55:21,129.78,207623,16,买盘
508,09:55:24,129.74,493082,38,卖盘
509,09:55:27,129.78,402238,31,买盘
510,09:55:30,129.71,467008,36,卖盘
511,09:55:33,129.71,142679,11,买盘
512,09:55:36,129.7,1478370,114,卖盘
513,09:55:39,129.64,622322,48,卖盘
514,09:55:42,129.64,1049887,81,中性盘
515,09:55:45,129.6,116678,9,卖盘
516,09:55:48,129.6,207398,16,卖盘
517,09:55:51,129.6,168490,13,卖盘
518,09:55:54,129.62,1827668,141,买盘
519,09:55:57,129.62,907361,70,卖盘
520,09:56:00,129.64,155552,12,买盘
521,09:56:03,129.65,1114835,86,买盘
522,09:56:06,129.64,713064,55,中性盘
523,09:56:09,129.65,116686,9,卖盘
524,09:56:12,129.7,868803,67,买盘
525,09:56:15,129.7,25941,2,卖盘
526,09:56:18,129.7,700448,54,卖盘
527,09:56:21,129.7,1115446,86,卖盘
528,09:56:24,129.72,570699,44,买盘
529,09:56:27,129.71,1867404,144,卖盘
530,09:56:30,129.71,972836,75,买盘
531,09:56:33,129.7,804146,62,卖盘
532,09:56:36,129.7,1245176,96,买盘
533,09:56:39,129.7,518795,40,买盘
534,09:56:42,129.7,1128421,87,卖盘
535,09:56:45,129.69,1271034,98,卖盘
536,09:56:48,129.68,194533,15,卖盘
537,09:56:51,129.68,155621,12,卖盘
538,09:56:54,129.66,181546,14,卖盘
539,09:56:57,129.66,440901,34,卖盘
540,09:57:00,129.65,440866,34,卖盘
541,09:57:03,129.66,155589,12,买盘
542,09:57:06,129.66,920496,71,中性盘
543,09:57:09,129.66,285254,22,卖盘
544,09:57:12,129.66,350071,27,卖盘
545,09:57:15,129.66,401928,31,买盘
546,09:57:18,129.59,3538539,273,卖盘
547,09:57:21,129.59,220314,17,卖盘
548,09:57:24,129.55,997798,77,卖盘
549,09:57:27,129.55,362781,28,买盘
550,09:57:30,129.55,323874,25,买盘
551,09:57:33,129.55,220233,17,买盘
552,09:57:36,129.55,194325,15,卖盘
553,09:57:39,129.56,401628,31,买盘
554,09:57:42,129.56,297971,23,买盘
555,09:57:45,129.56,531176,41,买盘
556,09:57:48,129.56,285023,22,买盘
557,09:57:51,129.56,777359,60,买盘
558,09:57:54,129.56,233208,18,卖盘
559,09:57:57,129.57,155470,12,买盘
560,09:58:00,129.56,25912,2,卖盘
561,09:58:03,129.57,310967,24,买盘
562,09:58:06,129.57,583053,45,买盘
563,09:58:09,129.57,388746,30,卖盘
564,09:58:12,129.57,272098,21,卖盘
565,09:58:15,129.58,375778,29,买盘
566,09:58:18,129.59,233251,18,买盘
567,09:58:21,129.59,207342,16,买盘
568,09:58:24,129.59,401731,31,卖盘
569,09:58:27,129.6,725737,56,买盘
570,09:58:30,129.6,129598,10,买盘
571,09:58:33,129.6,90720,7,买盘
572,09:58:36,129.6,544314,42,买盘
573,09:58:39,129.6,570236,44,买盘
574,09:58:42,129.59,246235,19,卖盘
575,09:58:45,129.6,427679,33,买盘
576,09:58:48,129.6,207360,16,卖盘
577,09:58:51,129.62,116645,9,中性盘
578,09:58:54,129.61,311078,24,中性盘
579,09:58:57,129.62,77767,6,买盘
580,09:59:00,129.56,3032263,234,卖盘
581,09:59:03,129.54,1153010,89,卖盘
582,09:59:06,129.56,259104,20,买盘
583,09:59:09,129.52,1088099,84,卖盘
584,09:59:12,129.51,621643,48,卖盘
585,09:59:15,129.5,880606,68,卖盘
586,09:59:18,129.5,246068,19,卖盘
587,09:59:21,129.5,1657613,128,卖盘
588,09:59:24,129.5,686376,53,卖盘
589,09:59:27,129.51,492117,38,中性盘
590,09:59:30,129.51,77706,6,卖盘
591,09:59:33,129.51,1074871,83,买盘
592,09:59:36,129.51,116555,9,买盘
593,09:59:39,129.51,530990,41,卖盘
594,09:59:42,129.5,207210,16,卖盘
595,09:59:45,129.5,466215,36,卖盘
596,09:59:48,129.51,1281993,99,买盘
597,09:59:51,129.51,233111,18,买盘
598,09:59:54,129.51,556886,43,买盘
599,09:59:57,129.5,621606,48,卖盘
600,10:00:00,129.51,233112,18,买盘
601,10:00:03,129.51,259020,20,卖盘
602,10:00:06,129.5,401469,31,卖盘
603,10:00:09,129.5,284910,22,卖盘
604,10:00:12,129.51,103607,8,买盘
605,10:00:15,129.51,414420,32,买盘
606,10:00:18,129.54,789881,61,买盘
607,10:00:21,129.49,1592965,123,卖盘
608,10:00:24,129.49,297826,23,买盘
609,10:00:27,129.49,181283,14,买盘
610,10:00:30,129.49,427309,33,买盘
611,10:00:33,129.49,155384,12,买盘
612,10:00:36,129.49,220127,17,买盘
613,10:00:39,129.49,427307,33,买盘
614,10:00:42,129.49,103591,8,买盘
615,10:00:45,129.48,220104,17,买盘
616,10:00:48,129.46,233055,18,卖盘
617,10:00:51,129.46,1035599,80,卖盘
618,10:00:54,129.46,51784,4,买盘
619,10:00:57,129.46,660150,51,买盘
620,10:01:00,129.45,129438,10,中性盘
621,10:01:03,129.44,245913,19,中性盘
622,10:01:06,129.43,375314,29,卖盘
623,10:01:09,129.42,323536,25,中性盘
624,10:01:12,129.41,310600,24,卖盘
625,10:01:15,129.42,232957,18,买盘
626,10:01:18,129.41,129418,10,卖盘
627,10:01:21,129.4,2109270,163,卖盘
628,10:01:24,129.45,245909,19,买盘
629,10:01:27,129.43,854044,66,中性盘
630,10:01:30,129.42,181194,14,卖盘
631,10:01:33,129.45,685906,53,买盘
632,10:01:36,129.44,64718,5,中性盘
633,10:01:39,129.42,220034,17,卖盘
634,10:01:42,129.42,142372,11,卖盘
635,10:01:45,129.43,686008,53,买盘
636,10:01:48,129.43,77656,6,买盘
637,10:01:51,129.43,90597,7,买盘
638,10:01:54,129.43,310625,24,买盘
639,10:01:57,129.39,1630518,126,卖盘
640,10:02:00,129.39,168207,13,买盘
641,10:02:03,129.38,142326,11,卖盘
642,10:02:06,129.37,362269,28,卖盘
643,10:02:09,129.38,219948,17,中性盘
644,10:02:12,129.38,245817,19,买盘
645,10:02:15,129.38,957364,74,买盘
646,10:02:18,129.39,802066,62,买盘
647,10:02:21,129.39,776221,60,买盘
648,10:02:24,129.38,284642,22,卖盘
649,10:02:27,129.39,155259,12,买盘
650,10:02:30,129.39,2303118,178,买盘
651,10:02:33,129.39,414061,32,买盘
652,10:02:36,129.39,478768,37,买盘
653,10:02:39,129.39,944503,73,卖盘
654,10:02:42,129.39,1526546,118,中性盘
655,10:02:45,129.38,3393940,262,卖盘
656,10:02:48,129.39,142329,11,买盘
657,10:02:51,129.4,1138586,88,买盘
658,10:02:54,129.39,155278,12,中性盘
659,10:02:57,129.38,401090,31,卖盘
660,10:03:00,129.38,530410,41,买盘
661,10:03:03,129.38,349309,27,买盘
662,10:03:06,129.37,414011,32,卖盘
663,10:03:09,129.36,375180,29,卖盘
664,10:03:12,129.36,155246,12,卖盘
665,10:03:15,129.37,1616686,125,买盘
666,10:03:18,129.36,219897,17,买盘
667,10:03:21,129.36,258711,20,买盘
668,10:03:24,129.31,1332008,103,卖盘
669,10:03:27,129.31,310342,24,买盘
670,10:03:30,129.31,374973,29,买盘
671,10:03:33,129.31,310340,24,买盘
672,10:03:36,129.31,375000,29,卖盘
673,10:03:39,129.31,168111,13,卖盘
674,10:03:42,129.31,1318993,102,卖盘
675,10:03:45,129.31,413791,32,买盘
676,10:03:48,129.3,219816,17,卖盘
677,10:03:51,129.31,762894,59,买盘
678,10:03:54,129.31,491354,38,买盘
679,10:03:57,129.3,2094679,162,卖盘
680,10:04:00,129.3,568903,44,买盘
681,10:04:03,129.24,1926131,149,卖盘
682,10:04:06,129.24,103392,8,买盘
683,10:04:09,129.24,555694,43,买盘
684,10:04:12,129.29,1796837,139,买盘
685,10:04:15,129.25,336083,26,卖盘
686,10:04:18,129.3,258551,20,买盘
687,10:04:21,129.29,349097,27,中性盘
688,10:04:24,129.28,77562,6,中性盘
689,10:04:27,129.3,659392,51,买盘
690,10:04:30,129.31,219819,17,买盘
691,10:04:33,129.31,413789,32,买盘
692,10:04:36,129.31,853477,66,买盘
693,10:04:39,129.34,181049,14,中性盘
694,10:04:42,129.35,64669,5,买盘
695,10:04:45,129.33,155202,12,卖盘
696,10:04:48,129.33,607931,47,卖盘
697,10:04:51,129.35,336324,26,中性盘
698,10:04:54,129.36,51743,4,买盘
699,10:04:57,129.37,426892,33,买盘
700,10:05:00,129.36,297530,23,卖盘
701,10:05:03,129.37,64685,5,买盘
702,10:05:06,129.37,116435,9,卖盘
703,10:05:09,129.37,258750,20,卖盘
704,10:05:12,129.37,362251,28,卖盘
705,10:05:15,129.38,3221693,249,买盘
706,10:05:18,129.4,168207,13,买盘
707,10:05:21,129.38,828144,64,卖盘
708,10:05:24,129.39,64694,5,买盘
709,10:05:27,129.39,349336,27,买盘
710,10:05:30,129.39,90571,7,买盘
711,10:05:33,129.4,388196,30,买盘
712,10:05:36,129.41,362335,28,买盘
713,10:05:39,129.41,220000,17,中性盘
714,10:05:42,129.42,103538,8,中性盘
715,10:05:45,129.43,12943,1,买盘
716,10:05:48,129.42,207088,16,卖盘
717,10:05:51,129.44,271820,21,买盘
718,10:05:54,129.44,38832,3,卖盘
719,10:05:57,129.45,103560,8,买盘
720,10:06:00,129.45,453074,35,买盘
721,10:06:03,129.45,414222,32,买盘
722,10:06:06,129.45,375405,29,买盘
723,10:06:09,129.45,1268571,98,卖盘
724,10:06:12,129.45,116499,9,买盘
725,10:06:15,129.44,634289,49,卖盘
726,10:06:18,129.45,90614,7,买盘
727,10:06:21,129.45,517793,40,买盘
728,10:06:24,129.45,297729,23,买盘
729,10:06:27,129.44,1605171,124,卖盘
730,10:06:30,129.45,207115,16,买盘
731,10:06:33,129.44,220064,17,卖盘
732,10:06:36,129.45,194168,15,买盘
733,10:06:39,129.44,3857341,298,卖盘
734,10:06:42,129.42,880125,68,卖盘
735,10:06:45,129.4,854057,66,卖盘
736,10:06:48,129.4,1332950,103,中性盘
737,10:06:51,129.39,737547,57,中性盘
738,10:06:54,129.4,77643,6,中性盘
739,10:06:57,129.41,181166,14,买盘
740,10:07:00,129.4,336453,26,卖盘
741,10:07:03,129.4,232907,18,买盘
742,10:07:06,129.36,1630165,126,卖盘
743,10:07:09,129.36,194075,15,卖盘
744,10:07:12,129.37,232883,18,中性盘
745,10:07:15,129.37,284599,22,买盘
746,10:07:18,129.37,517443,40,买盘
747,10:07:21,129.35,931452,72,卖盘
748,10:07:24,129.35,116428,9,卖盘
749,10:07:27,129.36,181095,14,买盘
750,10:07:30,129.35,206967,16,卖盘
751,10:07:33,129.36,64679,5,买盘
752,10:07:36,129.36,336338,26,卖盘
753,10:07:39,129.36,271670,21,卖盘
754,10:07:42,129.35,64675,5,卖盘
755,10:07:45,129.35,206974,16,卖盘
756,10:07:48,129.35,194028,15,卖盘
757,10:07:51,129.36,129355,10,买盘
758,10:07:54,129.35,168155,13,卖盘
759,10:07:57,129.35,426820,33,买盘
760,10:08:00,129.33,776008,60,卖盘
761,10:08:03,129.31,349163,27,卖盘
762,10:08:06,129.31,168107,13,卖盘
763,10:08:09,129.31,491378,38,卖盘
764,10:08:12,129.32,504305,39,买盘
765,10:08:15,129.3,168096,13,卖盘
766,10:08:18,129.31,1732658,134,买盘
767,10:08:21,129.3,3413525,264,卖盘
768,10:08:24,129.3,103440,8,买盘
769,10:08:27,129.29,1823017,141,卖盘
770,10:08:30,129.29,38786,3,中性盘
771,10:08:33,129.28,1719571,133,卖盘
772,10:08:36,129.28,90500,7,卖盘
773,10:08:39,129.28,232710,18,卖盘
774,10:08:42,129.28,142216,11,卖盘
775,10:08:45,129.29,917997,71,买盘
776,10:08:48,129.28,620566,48,卖盘
777,10:08:51,129.28,491266,38,卖盘
778,10:08:54,129.28,465407,36,卖盘
779,10:08:57,129.28,620511,48,买盘
780,10:09:00,129.28,672222,52,买盘
781,10:09:03,129.26,349006,27,卖盘
782,10:09:06,129.26,1085734,84,买盘
783,10:09:09,129.27,465314,36,买盘
784,10:09:12,129.26,103405,8,卖盘
785,10:09:15,129.27,51708,4,买盘
786,10:09:18,129.27,142193,11,买盘
787,10:09:21,129.27,361940,28,买盘
788,10:09:24,129.27,180966,14,买盘
789,10:09:27,129.27,64633,5,买盘
790,10:09:30,129.26,206819,16,卖盘
791,10:09:33,129.28,542932,42,买盘
792,10:09:36,129.28,38783,3,买盘
793,10:09:39,129.28,116344,9,买盘
794,10:09:42,129.28,64640,5,买盘
795,10:09:45,129.28,1137663,88,买盘
796,10:09:48,129.28,646398,50,买盘
797,10:09:51,129.28,387838,30,买盘
798,10:09:54,129.28,336128,26,买盘
799,10:09:57,129.28,271492,21,卖盘
800,10:10:00,129.29,155140,12,买盘
801,10:10:03,129.29,38786,3,买盘
802,10:10:06,129.28,116357,9,卖盘
803,10:10:09,129.29,443834,34,买盘
804,10:10:12,129.29,38787,3,卖盘
805,10:10:15,129.31,103441,8,买盘
806,10:10:18,129.3,323250,25,卖盘
807,10:10:21,129.31,34525,3,买盘
808,10:10:24,129.31,12931,1,卖盘
809,10:10:27,129.31,51726,4,卖盘
810,10:10:30,129.31,258630,20,卖盘
811,10:10:33,129.31,64657,5,卖盘
812,10:10:36,129.33,77593,6,买盘
813,10:10:39,129.33,12933,1,买盘
814,10:10:42,129.31,1655063,128,卖盘
815,10:10:45,129.31,103445,8,卖盘
816,10:10:48,129.31,103448,8,卖盘
817,10:10:51,129.31,142241,11,买盘
818,10:10:54,129.32,413803,32,买盘
819,10:10:57,129.3,1008555,78,卖盘
820,10:11:00,129.3,426687,33,买盘
821,10:11:03,129.3,452548,35,买盘
822,10:11:06,129.3,103437,8,买盘
823,10:11:09,129.3,504264,39,买盘
824,10:11:12,129.3,543059,42,买盘
825,10:11:15,129.31,2819254,218,买盘
826,10:11:18,129.31,51728,4,卖盘
827,10:11:21,129.32,25864,2,中性盘
828,10:11:24,129.31,297417,23,卖盘
829,10:11:27,129.35,77603,6,买盘
830,10:11:30,129.36,64675,5,买盘
831,10:11:33,129.34,25870,2,卖盘
832,10:11:36,129.36,64680,5,买盘
833,10:11:39,129.36,49674,4,买盘
834,10:11:42,129.4,168201,13,买盘
835,10:11:45,129.37,25873,2,中性盘
836,10:11:48,129.42,142322,11,买盘
837,10:11:51,129.42,336487,26,买盘
838,10:11:54,129.42,38830,3,卖盘
839,10:11:57,129.43,38831,3,中性盘
840,10:12:00,129.44,129424,10,买盘
841,10:12:03,129.44,142366,11,买盘
842,10:12:06,129.47,1915894,148,买盘
843,10:12:09,129.47,1152125,89,卖盘
844,10:12:12,129.44,129440,10,中性盘
845,10:12:15,129.43,25886,2,中性盘
846,10:12:18,129.43,77650,6,买盘
847,10:12:21,129.44,77664,6,买盘
848,10:12:24,129.43,77658,6,卖盘
849,10:12:27,129.43,440077,34,卖盘
850,10:12:30,129.44,25888,2,买盘
851,10:12:33,129.43,944877,73,卖盘
852,10:12:36,129.43,103544,8,买盘
853,10:12:39,129.43,155315,12,买盘
854,10:12:42,129.4,116466,9,卖盘
855,10:12:45,129.43,297652,23,买盘
856,10:12:48,129.43,931538,72,买盘
857,10:12:51,129.44,724843,56,买盘
858,10:12:54,129.44,51774,4,买盘
859,10:12:57,129.43,90603,7,卖盘
860,10:13:00,129.43,194155,15,买盘
861,10:13:03,129.43,103541,8,买盘
862,10:13:06,129.44,116491,9,买盘
863,10:13:09,129.43,181210,14,卖盘
864,10:13:12,129.41,362375,28,卖盘
865,10:13:18,129.43,685910,53,买盘
866,10:13:21,129.44,77664,6,买盘
867,10:13:24,129.44,77661,6,买盘
868,10:13:27,129.44,181211,14,买盘
869,10:13:30,129.44,388301,30,买盘
870,10:13:33,129.44,331608,26,买盘
871,10:13:36,129.43,401257,31,中性盘
872,10:13:39,129.42,232970,18,卖盘
873,10:13:42,129.43,12943,1,买盘
874,10:13:45,129.43,336518,26,买盘
875,10:13:48,129.43,142370,11,买盘
876,10:13:51,129.43,129428,10,买盘
877,10:13:54,129.44,142374,11,买盘
878,10:13:57,129.43,38831,3,卖盘
879,10:14:00,129.46,1190954,92,买盘
880,10:14:03,129.45,634352,49,卖盘
881,10:14:06,129.51,1942385,150,买盘
882,10:14:09,129.51,600563,46,买盘
883,10:14:12,129.49,77701,6,中性盘
884,10:14:15,129.51,129497,10,买盘
885,10:14:18,129.48,556856,43,卖盘
886,10:14:21,129.58,971495,75,买盘
887,10:14:24,129.56,142516,11,卖盘
888,10:14:27,129.56,51824,4,卖盘
889,10:14:30,129.56,336870,26,卖盘
890,10:14:33,129.58,246187,19,买盘
891,10:14:36,129.58,129566,10,卖盘
892,10:14:39,129.59,272134,21,买盘
893,10:14:42,129.6,259191,20,买盘
894,10:14:45,129.62,596162,46,买盘
895,10:14:48,129.63,38889,3,买盘
896,10:14:51,129.65,544371,42,买盘
897,10:14:54,129.65,492659,38,买盘
898,10:14:57,129.65,324132,25,卖盘
899,10:15:00,129.65,1153889,89,买盘
900,10:15:03,129.67,285258,22,买盘
901,10:15:06,129.66,453810,35,卖盘
902,10:15:09,129.66,622377,48,买盘
903,10:15:12,129.67,1569075,121,买盘
904,10:15:15,129.73,2827414,218,买盘
905,10:15:18,129.73,493016,38,卖盘
906,10:15:21,129.75,843184,65,中性盘
907,10:15:24,129.78,480115,37,买盘
908,10:15:27,129.77,181679,14,卖盘
909,10:15:30,129.76,1621930,125,卖盘
910,10:15:33,129.73,895314,69,卖盘
911,10:15:36,129.76,973111,75,买盘
912,10:15:39,129.75,921202,71,买盘
913,10:15:42,129.76,596847,46,买盘
914,10:15:45,129.75,1660935,128,卖盘
915,10:15:48,129.76,1920267,148,买盘
916,10:15:51,129.75,1180738,91,买盘
917,10:15:54,129.75,1064011,82,卖盘
918,10:15:57,129.74,129738,10,卖盘
919,10:16:00,129.7,570736,44,卖盘
920,10:16:03,129.69,440967,34,卖盘
921,10:16:06,129.69,402061,31,卖盘
922,10:16:09,129.69,479858,37,卖盘
923,10:16:12,129.68,791114,61,卖盘
924,10:16:15,129.7,985658,76,买盘
925,10:16:18,129.69,3165640,244,卖盘
926,10:16:21,129.7,1089528,84,买盘
927,10:16:24,129.7,1297015,100,卖盘
928,10:16:27,129.69,1426640,110,卖盘
929,10:16:30,129.7,752258,58,买盘
930,10:16:33,129.7,661467,51,买盘
931,10:16:36,129.69,869010,67,卖盘
932,10:16:39,129.68,428015,33,卖盘
933,10:16:42,129.69,285308,22,买盘
934,10:16:45,129.68,389053,30,卖盘
935,10:16:48,129.67,376071,29,卖盘
936,10:16:51,129.67,246375,19,卖盘
937,10:16:54,129.67,246371,19,买盘
938,10:16:57,129.66,2515492,194,卖盘
939,10:17:00,129.65,1309457,101,卖盘
940,10:17:03,129.64,142614,11,卖盘
941,10:17:06,129.63,2489773,192,卖盘
942,10:17:09,129.64,337062,26,买盘
943,10:17:12,129.63,155556,12,中性盘
944,10:17:15,129.62,103701,8,中性盘
945,10:17:18,129.62,25923,2,买盘
946,10:17:21,129.62,388840,30,买盘
947,10:17:24,129.6,324001,25,卖盘
948,10:17:27,129.59,64798,5,卖盘
949,10:17:30,129.6,505413,39,买盘
950,10:17:33,129.6,116636,9,买盘
951,10:17:36,129.58,259172,20,卖盘
952,10:17:39,129.58,673888,52,中性盘
953,10:17:42,129.56,116615,9,卖盘
954,10:17:45,129.57,12957,1,买盘
955,10:17:48,129.58,323929,25,买盘
956,10:17:51,129.56,33942,3,卖盘
957,10:17:54,129.54,12954,1,中性盘
958,10:17:57,129.51,129517,10,卖盘
959,10:18:00,129.52,51808,4,买盘
960,10:18:03,129.51,246074,19,卖盘
961,10:18:06,129.52,297887,23,买盘
962,10:18:09,129.52,168374,13,买盘
963,10:18:12,129.54,492170,38,买盘
964,10:18:15,129.52,284944,22,卖盘
965,10:18:18,129.55,375648,29,买盘
966,10:18:21,129.56,64776,5,买盘
967,10:18:24,129.56,181384,14,买盘
968,10:18:27,129.56,272075,21,买盘
969,10:18:30,129.56,199268,15,买盘
970,10:18:33,129.56,362768,28,卖盘
971,10:18:36,129.59,220287,17,买盘
972,10:18:39,129.59,194385,15,卖盘
973,10:18:42,129.59,375831,29,卖盘
974,10:18:45,129.6,207360,16,买盘
975,10:18:48,129.6,323985,25,买盘
976,10:18:51,129.6,323985,25,买盘
977,10:18:54,129.6,142559,11,买盘
978,10:18:57,129.6,790563,61,买盘
979,10:19:00,129.6,25920,2,卖盘
980,10:19:03,129.59,881245,68,卖盘
981,10:19:06,129.59,103671,8,买盘
982,10:19:09,129.59,233262,18,买盘
983,10:19:12,129.59,142549,11,买盘
984,10:19:15,129.58,103665,8,卖盘
985,10:19:18,129.59,155500,12,买盘
986,10:19:21,129.58,220286,17,卖盘
987,10:19:24,129.58,609056,47,卖盘
988,10:19:27,129.58,103663,8,买盘
989,10:19:30,129.58,77747,6,买盘
990,10:19:33,129.57,233239,18,卖盘
991,10:19:36,129.58,518308,40,买盘
992,10:19:39,129.57,285057,22,卖盘
993,10:19:42,129.56,953863,74,卖盘
994,10:19:45,129.55,194326,15,卖盘
995,10:19:48,129.56,116596,9,买盘
996,10:19:51,129.55,129550,10,卖盘
997,10:19:54,129.56,375700,29,买盘
998,10:19:57,129.56,859991,66,买盘
999,10:20:00,129.56,90692,7,卖盘
1000,10:20:03,129.56,246166,19,卖盘
1001,10:20:06,129.56,280110,22,卖盘
1002,10:20:09,129.56,246155,19,买盘
1003,10:20:12,129.56,64780,5,买盘
1004,10:20:15,129.56,207294,16,买盘
1005,10:20:18,129.56,349810,27,买盘
1006,10:20:21,129.56,375713,29,买盘
1007,10:20:24,129.55,129554,10,卖盘
1008,10:20:27,129.56,453450,35,买盘
1009,10:20:30,129.56,289954,22,买盘
1010,10:20:33,129.56,46901,4,卖盘
1011,10:20:36,129.56,25912,2,买盘
1012,10:20:39,129.56,181382,14,买盘
1013,10:20:42,129.56,285017,22,买盘
1014,10:20:45,129.56,155469,12,买盘
1015,10:20:48,129.56,510204,39,买盘
1016,10:20:51,129.56,12956,1,卖盘
1017,10:20:54,129.55,409668,32,卖盘
1018,10:20:57,129.55,103642,8,卖盘
1019,10:21:00,129.55,401607,31,卖盘
1020,10:21:03,129.55,1347332,104,卖盘
1021,10:21:06,129.55,77731,6,卖盘
1022,10:21:09,129.55,194326,15,卖盘
1023,10:21:12,129.55,414560,32,卖盘
1024,10:21:15,129.4,4795155,370,卖盘
1025,10:21:18,129.39,284671,22,卖盘
1026,10:21:21,129.39,207012,16,买盘
1027,10:21:24,129.37,310516,24,卖盘
1028,10:21:27,129.38,12938,1,买盘
1029,10:21:30,129.37,232868,18,卖盘
1030,10:21:33,129.37,245819,19,卖盘
1031,10:21:36,129.38,853990,66,买盘
1032,10:21:39,129.37,245845,19,卖盘
1033,10:21:42,129.37,116440,9,卖盘
1034,10:21:45,129.38,465744,36,中性盘
1035,10:21:48,129.37,336371,26,卖盘
1036,10:21:51,129.37,25874,2,买盘
1037,10:21:54,129.37,271672,21,买盘
1038,10:21:57,129.37,219917,17,买盘
1039,10:22:00,129.37,103496,8,买盘
1040,10:22:03,129.37,413967,32,买盘
1041,10:22:06,129.36,284613,22,卖盘
1042,10:22:09,129.37,245802,19,买盘
1043,10:22:12,129.38,168184,13,买盘
1044,10:22:15,129.38,142317,11,买盘
1045,10:22:18,129.38,116441,9,卖盘
1046,10:22:21,129.4,1591603,123,买盘
1047,10:22:24,129.39,258789,20,卖盘
1048,10:22:27,129.39,608094,47,卖盘
1049,10:22:30,129.4,64696,5,买盘
1050,10:22:33,129.39,129399,10,卖盘
1051,10:22:36,129.4,375244,29,买盘
1052,10:22:39,129.4,284667,22,买盘
1053,10:22:42,129.4,271731,21,买盘
1054,10:22:45,129.39,207026,16,卖盘
1055,10:22:48,129.4,103518,8,买盘
1056,10:22:51,129.39,155271,12,卖盘
1057,10:22:54,129.39,439926,34,买盘
1058,10:22:57,129.39,64695,5,买盘
1059,10:23:00,129.38,258777,20,卖盘
1060,10:23:03,129.38,1125610,87,卖盘
1061,10:23:06,129.39,142322,11,买盘
1062,10:23:09,129.38,310520,24,卖盘
1063,10:23:12,129.38,129380,10,买盘
1064,10:23:15,129.38,77628,6,买盘
1065,10:23:18,129.38,349303,27,买盘
1066,10:23:21,129.37,349305,27,卖盘
1067,10:23:24,129.37,194047,15,买盘
1068,10:23:27,129.36,103493,8,卖盘
1069,10:23:30,129.36,582121,45,卖盘
1070,10:23:33,129.36,103487,8,买盘
1071,10:23:36,129.36,142289,11,买盘
1072,10:23:39,129.36,789040,61,买盘
1073,10:23:42,129.36,297524,23,买盘
1074,10:23:45,129.35,168159,13,卖盘
1075,10:23:48,129.35,258709,20,卖盘
1076,10:23:51,129.35,685596,53,卖盘
1077,10:23:54,129.35,297505,23,买盘
1078,10:23:57,129.34,142283,11,卖盘
1079,10:24:00,129.34,219883,17,卖盘
1080,10:24:03,129.35,1370945,106,买盘
1081,10:24:06,129.36,51741,4,买盘
1082,10:24:09,129.36,659723,51,买盘
1083,10:24:12,129.37,51745,4,买盘
1084,10:24:15,129.38,129379,10,买盘
1085,10:24:18,129.37,51748,4,中性盘
1086,10:24:21,129.36,413955,32,卖盘
1087,10:24:24,129.35,426883,33,卖盘
1088,10:24:27,129.36,103488,8,买盘
1089,10:24:33,129.37,336338,26,买盘
1090,10:24:36,129.37,323423,25,买盘
1091,10:24:39,129.37,232860,18,买盘
1092,10:24:42,129.38,12938,1,买盘
1093,10:24:45,129.38,258752,20,买盘
1094,10:24:48,129.38,116441,9,买盘
1095,10:24:54,129.39,181145,14,买盘
1096,10:24:57,129.38,103505,8,卖盘
1097,10:25:00,129.39,336414,26,买盘
1098,10:25:03,129.38,349349,27,卖盘
1099,10:25:06,129.4,116459,9,买盘
1100,10:25:09,129.39,12939,1,卖盘
1101,10:25:12,129.39,271728,21,卖盘
1102,10:25:15,129.39,194084,15,买盘
1103,10:25:18,129.39,25878,2,买盘
1104,10:25:21,129.39,38816,3,买盘
1105,10:25:24,129.38,336397,26,卖盘
1106,10:25:27,129.38,1461980,113,卖盘
1107,10:25:30,129.38,1449207,112,买盘
1108,10:25:33,129.38,77627,6,买盘
1109,10:25:36,129.38,297572,23,买盘
1110,10:25:39,129.38,129378,10,买盘
1111,10:25:42,129.38,116436,9,买盘
1112,10:25:45,129.38,77628,6,买盘
1113,10:25:48,129.38,155256,12,买盘
1114,10:25:51,129.39,51756,4,卖盘
1115,10:25:54,129.39,51756,4,卖盘
1116,10:25:57,129.4,194100,15,买盘
1117,10:26:00,129.4,90580,7,买盘
1118,10:26:03,129.4,90579,7,买盘
1119,10:26:06,129.4,168220,13,买盘
1120,10:26:09,129.4,12940,1,买盘
1121,10:26:12,129.4,219968,17,买盘
1122,10:26:15,129.39,168218,13,卖盘
1123,10:26:18,129.39,232911,18,卖盘
1124,10:26:21,129.4,207039,16,买盘
1125,10:26:27,129.4,279754,22,买盘
1126,10:26:30,129.4,25880,2,卖盘
1127,10:26:33,129.4,64710,5,卖盘
1128,10:26:36,129.4,64700,5,卖盘
1129,10:26:39,129.4,38820,3,卖盘
1130,10:26:42,129.42,310563,24,买盘
1131,10:26:45,129.4,362339,28,卖盘
1132,10:26:48,129.42,25884,2,买盘
1133,10:26:54,129.41,38823,3,买盘
1134,10:26:57,129.41,103523,8,买盘
1135,10:27:00,129.41,245877,19,买盘
1136,10:27:03,129.43,25884,2,中性盘
1137,10:27:06,129.41,38826,3,卖盘
1138,10:27:09,129.41,38824,3,卖盘
1139,10:27:12,129.41,232946,18,卖盘
1140,10:27:15,129.41,232969,18,卖盘
1141,10:27:18,129.42,232956,18,买盘
1142,10:27:21,129.42,271781,21,买盘
1143,10:27:24,129.42,25884,2,卖盘
1144,10:27:27,129.42,168247,13,买盘
1145,10:27:30,129.42,77652,6,买盘
1146,10:27:33,129.42,51766,4,买盘
1147,10:27:36,129.43,168246,13,买盘
1148,10:27:39,129.42,25884,2,卖盘
1149,10:27:45,129.43,90596,7,买盘
1150,10:27:48,129.43,64712,5,买盘
1151,10:27:51,129.43,168259,13,买盘
1152,10:27:54,129.42,38828,3,卖盘
1153,10:27:57,129.43,310611,24,买盘
1154,10:28:00,129.43,103544,8,买盘
1155,10:28:03,129.44,155322,12,买盘
1156,10:28:06,129.43,401234,31,卖盘
1157,10:28:09,129.44,155328,12,买盘
1158,10:28:12,129.44,51777,4,卖盘
1159,10:28:15,129.44,38833,3,卖盘
1160,10:28:18,129.46,271851,21,买盘
1161,10:28:21,129.45,129451,10,卖盘
1162,10:28:24,129.46,51792,4,中性盘
1163,10:28:27,129.48,38844,3,买盘
1164,10:28:30,129.47,25894,2,买盘
1165,10:28:33,129.48,517865,40,买盘
1166,10:28:36,129.49,155379,12,买盘
1167,10:28:39,129.49,375507,29,买盘
1168,10:28:42,129.47,543814,42,卖盘
1169,10:28:45,129.49,116539,9,买盘
1170,10:28:48,129.52,1023052,79,买盘
1171,10:28:51,129.53,12953,1,买盘
1172,10:28:54,129.53,38859,3,中性盘
1173,10:28:57,129.54,90674,7,买盘
1174,10:29:00,129.54,181354,14,买盘
1175,10:29:03,129.55,595865,46,买盘
1176,10:29:06,129.55,518135,40,买盘
1177,10:29:09,129.54,445374,34,卖盘
1178,10:29:12,129.55,233182,18,买盘
1179,10:29:15,129.55,401608,31,卖盘
1180,10:29:18,129.56,272058,21,买盘
1181,10:29:21,129.55,414593,32,卖盘
1182,10:29:24,129.57,103649,8,买盘
1183,10:29:27,129.56,25912,2,卖盘
1184,10:29:30,129.56,77738,6,卖盘
1185,10:29:33,129.56,168430,13,卖盘
1186,10:29:36,129.56,77736,6,中性盘
1187,10:29:39,129.54,945740,73,卖盘
1188,10:29:42,129.56,103637,8,买盘
1189,10:29:45,129.56,38866,3,买盘
1190,10:29:48,129.55,12955,1,卖盘
1191,10:29:51,129.55,310918,24,卖盘
1192,10:29:54,129.55,103635,8,买盘
1193,10:29:57,129.55,336830,26,买盘
1194,10:30:00,129.55,77722,6,买盘
1195,10:30:03,129.55,479328,37,买盘
1196,10:30:06,129.55,129555,10,卖盘
1197,10:30:09,129.55,103646,8,卖盘
1198,10:30:12,129.55,220242,17,卖盘
1199,10:30:15,129.55,142506,11,卖盘
1200,10:30:18,129.55,259105,20,卖盘
1201,10:30:21,129.55,246149,19,卖盘
1202,10:30:24,129.55,103641,8,卖盘
1203,10:30:27,129.55,64775,5,卖盘
1204,10:30:30,129.52,1101144,85,卖盘
1205,10:30:33,129.52,77716,6,买盘
1206,10:30:36,129.54,25908,2,买盘
1207,10:30:39,129.54,51814,4,买盘
1208,10:30:42,129.51,38855,3,卖盘
1209,10:30:45,129.54,38862,3,买盘
1210,10:30:48,129.54,51811,4,买盘
1211,10:30:51,129.51,77708,6,卖盘
1212,10:30:54,129.51,582897,45,买盘
1213,10:30:57,129.5,155424,12,卖盘
1214,10:31:00,129.55,220188,17,买盘
1215,10:31:03,129.5,90655,7,卖盘
1216,10:31:06,129.51,77706,6,卖盘
1217,10:31:09,129.49,233092,18,卖盘
1218,10:31:12,129.48,38842,3,中性盘
1219,10:31:15,129.48,90632,7,中性盘
1220,10:31:18,129.47,64735,5,中性盘
1221,10:31:21,129.49,51793,4,买盘
1222,10:31:24,129.46,38840,3,卖盘
1223,10:31:27,129.49,77689,6,买盘
1224,10:31:30,129.48,207168,16,卖盘
1225,10:31:33,129.48,12948,1,买盘
1226,10:31:36,129.47,103576,8,卖盘
1227,10:31:39,129.47,64735,5,卖盘
1228,10:31:42,129.47,38841,3,卖盘
1229,10:31:48,129.47,64734,5,买盘
1230,10:31:51,129.47,129469,10,买盘
1231,10:31:54,129.45,647260,50,卖盘
1232,10:31:57,129.45,77672,6,卖盘
1233,10:32:00,129.45,64727,5,卖盘
1234,10:32:03,129.45,181232,14,卖盘
1235,10:32:06,129.45,867326,67,卖盘
1236,10:32:09,129.45,51780,4,买盘
1237,10:32:12,129.44,38832,3,卖盘
1238,10:32:15,129.44,129441,10,卖盘
1239,10:32:18,129.44,38830,3,买盘
1240,10:32:21,129.44,25888,2,买盘
1241,10:32:24,129.43,64715,5,卖盘
1242,10:32:27,129.42,168269,13,卖盘
1243,10:32:30,129.42,1061637,82,卖盘
1244,10:32:33,129.42,51771,4,卖盘
1245,10:32:36,129.43,401198,31,买盘
1246,10:32:39,129.43,1539926,119,买盘
1247,10:32:42,129.4,25882,2,卖盘
1248,10:32:45,129.43,38828,3,买盘
1249,10:32:48,129.42,12942,1,卖盘
1250,10:32:51,129.42,207072,16,卖盘
1251,10:32:54,129.43,12943,1,买盘
1252,10:32:57,129.42,38827,3,卖盘
1253,10:33:00,129.42,181199,14,卖盘
1254,10:33:03,129.42,323563,25,卖盘
1255,10:33:06,129.42,181199,14,卖盘
1256,10:33:09,129.42,194130,15,卖盘
1257,10:33:12,129.42,220018,17,卖盘
1258,10:33:15,129.43,90595,7,买盘
1259,10:33:18,129.43,129424,10,买盘
1260,10:33:21,129.43,103543,8,买盘
1261,10:33:24,129.47,38841,3,中性盘
1262,10:33:30,129.43,64723,5,卖盘
1263,10:33:36,129.43,103544,8,卖盘
1264,10:33:39,129.48,1450168,112,买盘
1265,10:33:42,129.48,38844,3,买盘
1266,10:33:45,129.48,64740,5,买盘
1267,10:33:48,129.43,1294430,100,卖盘
1268,10:33:51,129.49,1450187,112,买盘
1269,10:33:54,129.5,246047,19,买盘
1270,10:33:57,129.47,64736,5,卖盘
1271,10:34:00,129.52,168324,13,买盘
1272,10:34:03,129.51,25902,2,中性盘
1273,10:34:06,129.47,64749,5,卖盘
1274,10:34:09,129.48,90635,7,买盘
1275,10:34:12,129.51,64750,5,买盘
1276,10:34:15,129.5,38850,3,卖盘
1277,10:34:18,129.52,51802,4,买盘
1278,10:34:21,129.5,129512,10,卖盘
1279,10:34:24,129.5,64752,5,卖盘
1280,10:34:27,129.55,492265,38,买盘
1281,10:34:30,129.53,116581,9,卖盘
1282,10:34:33,129.55,777299,60,买盘
1283,10:34:36,129.54,155439,12,中性盘
1284,10:34:39,129.53,129538,10,卖盘
1285,10:34:42,129.54,51815,4,中性盘
1286,10:34:45,129.54,25909,2,卖盘
1287,10:34:48,129.54,38863,3,卖盘
1288,10:34:51,129.55,790251,61,买盘
1289,10:34:54,129.55,207269,16,买盘
1290,10:34:57,129.54,142496,11,卖盘
1291,10:35:00,129.54,142496,11,卖盘
1292,10:35:03,129.55,155450,12,买盘
1293,10:35:06,129.54,51816,4,中性盘
1294,10:35:09,129.55,168397,13,买盘
1295,10:35:12,129.53,401526,31,卖盘
1296,10:35:15,129.53,246066,19,买盘
1297,10:35:18,129.5,90662,7,卖盘
1298,10:35:21,129.5,142473,11,卖盘
1299,10:35:24,129.5,38854,3,卖盘
1300,10:35:27,129.5,686417,53,买盘
1301,10:35:30,129.52,77700,6,买盘
1302,10:35:36,129.5,12950,1,卖盘
1303,10:35:39,129.5,51801,4,卖盘
1304,10:35:42,129.5,194273,15,卖盘
1305,10:35:45,129.51,25902,2,中性盘
1306,10:35:48,129.5,64750,5,卖盘
1307,10:35:51,129.51,38851,3,买盘
1308,10:35:54,129.51,181305,14,买盘
1309,10:35:57,129.51,77701,6,买盘
1310,10:36:00,129.51,90657,7,买盘
1311,10:36:03,129.52,90662,7,买盘
1312,10:36:06,129.52,142466,11,买盘
1313,10:36:09,129.52,427446,33,买盘
1314,10:36:12,129.51,155414,12,卖盘
1315,10:36:15,129.51,271983,21,卖盘
1316,10:36:18,129.52,181319,14,买盘
1317,10:36:21,129.51,556905,43,卖盘
1318,10:36:24,129.5,660510,51,卖盘
1319,10:36:27,129.5,297831,23,买盘
1320,10:36:30,129.5,310788,24,买盘
1321,10:36:33,129.5,271932,21,买盘
1322,10:36:36,129.5,181299,14,买盘
1323,10:36:39,129.5,349624,27,买盘
1324,10:36:42,129.48,349600,27,卖盘
1325,10:36:45,129.49,103580,8,中性盘
1326,10:36:48,129.48,51790,4,买盘
1327,10:36:51,129.47,38839,3,中性盘
1328,10:36:54,129.46,51784,4,卖盘
1329,10:36:57,129.46,116514,9,买盘
1330,10:37:00,129.46,64727,5,买盘
1331,10:37:03,129.46,271847,21,买盘
1332,10:37:06,129.48,284822,22,买盘
1333,10:37:09,129.49,12949,1,买盘
1334,10:37:12,129.56,3819580,295,买盘
1335,10:37:15,129.53,829170,64,卖盘
1336,10:37:18,129.56,207332,16,卖盘
1337,10:37:21,129.59,207308,16,买盘
1338,10:37:24,129.6,466560,36,买盘
1339,10:37:27,129.6,220306,17,买盘
1340,10:37:30,129.6,142557,11,买盘
1341,10:37:33,129.61,349922,27,买盘
1342,10:37:39,129.6,246240,19,卖盘
1343,10:37:42,129.6,479556,37,卖盘
1344,10:37:45,129.62,337031,26,买盘
1345,10:37:48,129.62,64812,5,卖盘
1346,10:37:51,129.62,194432,15,卖盘
1347,10:37:54,129.63,77776,6,买盘
1348,10:37:57,129.62,90734,7,卖盘
1349,10:38:00,129.62,90734,7,买盘
1350,10:38:03,129.63,168511,13,买盘
1351,10:38:06,129.62,155534,12,中性盘
1352,10:38:09,129.62,648128,50,中性盘
1353,10:38:12,129.62,51850,4,卖盘
1354,10:38:15,129.62,116658,9,卖盘
1355,10:38:18,129.61,816482,63,卖盘
1356,10:38:21,129.61,855422,66,买盘
1357,10:38:24,129.53,64765,5,卖盘
1358,10:38:30,129.53,25906,2,卖盘
1359,10:38:33,129.53,64762,5,中性盘
1360,10:38:36,129.53,51808,4,买盘
1361,10:38:39,129.52,181324,14,中性盘
1362,10:38:42,129.51,142471,11,中性盘
1363,10:38:45,129.51,271969,21,卖盘
1364,10:38:48,129.59,77750,6,买盘
1365,10:38:51,129.52,129523,10,卖盘
1366,10:38:54,129.51,51804,4,中性盘
1367,10:38:57,129.52,12952,1,卖盘
1368,10:39:00,129.5,323797,25,卖盘
1369,10:39:03,129.53,129529,10,卖盘
1370,10:39:06,129.53,64766,5,卖盘
1371,10:39:09,129.52,168389,13,卖盘
1372,10:39:12,129.53,77718,6,中性盘
1373,10:39:15,129.52,271992,21,卖盘
1374,10:39:18,129.52,12952,1,买盘
1375,10:39:21,129.52,284944,22,买盘
1376,10:39:24,129.53,284941,22,买盘
1377,10:39:27,129.52,25904,2,卖盘
1378,10:39:30,129.53,155436,12,买盘
1379,10:39:33,129.52,168381,13,卖盘
1380,10:39:36,129.52,25904,2,卖盘
1381,10:39:39,129.54,77718,6,买盘
1382,10:39:42,129.53,51814,4,卖盘
1383,10:39:45,129.54,38860,3,买盘
1384,10:39:48,129.54,401559,31,买盘
1385,10:39:51,129.53,116579,9,中性盘
1386,10:39:54,129.53,349710,27,中性盘
1387,10:39:57,129.54,207263,16,买盘
1388,10:40:00,129.52,336794,26,卖盘
1389,10:40:03,129.51,220185,17,卖盘
1390,10:40:06,129.52,64760,5,中性盘
1391,10:40:09,129.51,155423,12,卖盘
1392,10:40:12,129.51,25902,2,卖盘
1393,10:40:15,129.51,64759,5,卖盘
1394,10:40:18,129.51,12951,1,卖盘
1395,10:40:21,129.51,233129,18,卖盘
1396,10:40:24,129.52,233126,18,买盘
1397,10:40:27,129.51,556894,43,卖盘
1398,10:40:30,129.52,259040,20,买盘
1399,10:40:33,129.52,25904,2,卖盘
1400,10:40:36,129.52,103616,8,买盘
1401,10:40:42,129.51,259023,20,卖盘
1402,10:40:45,129.51,51804,4,卖盘
1403,10:40:51,129.52,453290,35,买盘
1404,10:40:54,129.5,427394,33,卖盘
1405,10:40:57,129.51,103604,8,买盘
1406,10:41:00,129.51,77705,6,买盘
1407,10:41:03,129.51,323761,25,买盘
1408,10:41:06,129.51,103608,8,卖盘
1409,10:41:09,129.5,90653,7,卖盘
1410,10:41:12,129.5,181300,14,卖盘
1411,10:41:15,129.5,51803,4,卖盘
1412,10:41:18,129.52,116556,9,买盘
1413,10:41:21,129.52,194253,15,买盘
1414,10:41:24,129.5,12950,1,卖盘
1415,10:41:27,129.5,220151,17,卖盘
1416,10:41:30,129.5,1411567,109,卖盘
1417,10:41:33,129.5,103600,8,卖盘
1418,10:41:36,129.51,297873,23,买盘
1419,10:41:39,129.51,129510,10,卖盘
1420,10:41:42,129.51,207216,16,卖盘
1421,10:41:45,129.51,51804,4,卖盘
1422,10:41:48,129.5,194260,15,卖盘
1423,10:41:51,129.51,25902,2,买盘
1424,10:41:54,129.5,841797,65,卖盘
1425,10:41:57,129.5,77701,6,卖盘
1426,10:42:00,129.5,103602,8,卖盘
1427,10:42:06,129.52,375560,29,买盘
1428,10:42:09,129.5,90650,7,卖盘
1429,10:42:12,129.52,259035,20,买盘
1430,10:42:15,129.51,12951,1,买盘
1431,10:42:18,129.51,116555,9,买盘
1432,10:42:21,129.51,220164,17,买盘
1433,10:42:24,129.5,634557,49,卖盘
1434,10:42:27,129.52,297862,23,买盘
1435,10:42:30,129.52,129511,10,买盘
1436,10:42:36,129.52,142471,11,买盘
1437,10:42:39,129.52,38856,3,卖盘
1438,10:42:42,129.51,1800218,139,卖盘
1439,10:42:45,129.5,12950,1,卖盘
1440,10:42:48,129.51,310818,24,买盘
1441,10:42:51,129.51,38853,3,买盘
1442,10:42:54,129.51,142455,11,买盘
1443,10:42:57,129.51,25902,2,买盘
1444,10:43:00,129.51,129506,10,买盘
1445,10:43:03,129.5,1269158,98,卖盘
1446,10:43:06,129.5,64750,5,卖盘
1447,10:43:09,129.5,116555,9,卖盘
1448,10:43:12,129.5,51802,4,卖盘
1449,10:43:15,129.5,194250,15,卖盘
1450,10:43:18,129.5,38851,3,卖盘
1451,10:43:21,129.49,38849,3,卖盘
1452,10:43:24,129.49,388470,30,卖盘
1453,10:43:27,129.5,142441,11,买盘
1454,10:43:30,129.49,64745,5,卖盘
1455,10:43:33,129.5,25900,2,买盘
1456,10:43:36,129.49,453245,35,卖盘
1457,10:43:39,129.49,64745,5,卖盘
1458,10:43:42,129.49,194242,15,卖盘
1459,10:43:45,129.48,220132,17,卖盘
1460,10:43:48,129.48,90639,7,卖盘
1461,10:43:51,129.48,258962,20,卖盘
1462,10:43:54,129.48,168335,13,卖盘
1463,10:43:57,129.48,51792,4,卖盘
1464,10:44:00,129.47,64736,5,卖盘
1465,10:44:03,129.47,271901,21,卖盘
1466,10:44:06,129.47,64735,5,卖盘
1467,10:44:09,129.46,427219,33,卖盘
1468,10:44:12,129.45,168287,13,卖盘
1469,10:44:15,129.46,12946,1,买盘
1470,10:44:18,129.46,142405,11,买盘
1471,10:44:21,129.45,64726,5,卖盘
1472,10:44:24,129.46,25892,2,买盘
1473,10:44:27,129.46,181244,14,买盘
1474,10:44:30,129.46,129455,10,买盘
1475,10:44:33,129.46,168290,13,买盘
1476,10:44:36,129.46,51783,4,买盘
1477,10:44:39,129.46,103561,8,买盘
1478,10:44:42,129.46,129454,10,买盘
1479,10:44:45,129.46,181242,14,买盘
1480,10:44:48,129.45,362465,28,卖盘
1481,10:44:51,129.46,25892,2,买盘
1482,10:44:54,129.45,155340,12,卖盘
1483,10:44:57,129.45,38835,3,卖盘
1484,10:45:00,129.45,129450,10,卖盘
1485,10:45:06,129.44,129440,10,卖盘
1486,10:45:09,129.45,25890,2,买盘
1487,10:45:12,129.43,194145,15,卖盘
1488,10:45:18,129.43,181206,14,卖盘
1489,10:45:21,129.45,77662,6,买盘
1490,10:45:24,129.45,258896,20,买盘
1491,10:45:27,129.43,375363,29,卖盘
1492,10:45:30,129.45,168295,13,中性盘
1493,10:45:36,129.45,25891,2,卖盘
1494,10:45:39,129.46,155342,12,买盘
1495,10:45:42,129.46,77676,6,买盘
1496,10:45:45,129.45,51780,4,卖盘
1497,10:45:48,129.45,77672,6,卖盘
1498,10:45:51,129.46,129460,10,买盘
1499,10:45:54,129.47,103569,8,买盘
1500,10:45:57,129.45,25890,2,卖盘
1501,10:46:00,129.47,64731,5,买盘
1502,10:46:06,129.45,491919,38,卖盘
1503,10:46:09,129.44,103560,8,卖盘
1504,10:46:12,129.47,77680,6,买盘
1505,10:46:18,129.45,12945,1,买盘
1506,10:46:21,129.45,51780,4,买盘
1507,10:46:24,129.46,25891,2,中性盘
1508,10:46:27,129.45,12945,1,卖盘
1509,10:46:30,129.45,220066,17,卖盘
1510,10:46:33,129.47,12947,1,买盘
1511,10:46:39,129.47,38841,3,买盘
1512,10:46:42,129.45,25892,2,卖盘
1513,10:46:45,129.45,12945,1,卖盘
1514,10:46:48,129.46,64726,5,中性盘
1515,10:46:54,129.46,77674,6,卖盘
1516,10:46:57,129.46,116511,9,买盘
1517,10:47:00,129.46,25892,2,买盘
1518,10:47:03,129.45,77672,6,卖盘
1519,10:47:06,129.46,129455,10,买盘
1520,10:47:09,129.45,38837,3,卖盘
1521,10:47:12,129.45,258900,20,卖盘
1522,10:47:15,129.45,12945,1,买盘
1523,10:47:18,129.45,310668,24,买盘
1524,10:47:21,129.44,142390,11,卖盘
1525,10:47:24,129.45,64722,5,买盘
1526,10:47:27,129.44,116500,9,卖盘
1527,10:47:30,129.45,129446,10,买盘
1528,10:47:33,129.45,12945,1,买盘
1529,10:47:36,129.45,323617,25,买盘
1530,10:47:39,129.46,38837,3,买盘
1531,10:47:42,129.45,64729,5,卖盘
1532,10:47:45,129.45,64725,5,卖盘
1533,10:47:48,129.45,103563,8,中性盘
1534,10:47:54,129.45,38833,3,买盘
1535,10:47:57,129.44,12944,1,卖盘
1536,10:48:00,129.45,103553,8,买盘
1537,10:48:06,129.45,220061,17,买盘
1538,10:48:12,129.45,38835,3,买盘
1539,10:48:15,129.44,51778,4,卖盘
1540,10:48:18,129.45,51780,4,买盘
1541,10:48:21,129.44,25888,2,卖盘
1542,10:48:24,129.44,38834,3,卖盘
1543,10:48:27,129.44,297713,23,卖盘
1544,10:48:30,129.44,207113,16,卖盘
1545,10:48:33,129.45,207118,16,买盘
1546,10:48:36,129.45,116497,9,买盘
1547,10:48:39,129.44,12944,1,卖盘
1548,10:48:42,129.43,608327,47,卖盘
1549,10:48:45,129.42,129429,10,卖盘
1550,10:48:48,129.43,25886,2,买盘
1551,10:48:51,129.43,103544,8,买盘
1552,10:48:54,129.43,349446,27,买盘
1553,10:48:57,129.42,116478,9,卖盘
1554,10:49:00,129.42,880065,68,卖盘
1555,10:49:03,129.42,258844,20,卖盘
1556,10:49:06,129.43,155315,12,买盘
1557,10:49:09,129.42,25884,2,卖盘
1558,10:49:12,129.43,51770,4,买盘
1559,10:49:15,129.43,25885,2,买盘
1560,10:49:18,129.43,181190,14,买盘
1561,10:49:21,129.43,142368,11,买盘
1562,10:49:24,129.42,232961,18,中性盘
1563,10:49:30,129.42,64711,5,卖盘
1564,10:49:33,129.41,25882,2,卖盘
1565,10:49:36,129.42,12942,1,买盘
1566,10:49:39,129.41,25882,2,卖盘
1567,10:49:42,129.41,103533,8,卖盘
1568,10:49:45,129.41,64705,5,卖盘
1569,10:49:48,129.41,12941,1,卖盘
1570,10:49:51,129.41,51764,4,卖盘
1571,10:49:54,129.41,64705,5,卖盘
1572,10:49:57,129.42,25883,2,买盘
1573,10:50:00,129.41,77647,6,卖盘
1574,10:50:03,129.41,194121,15,卖盘
1575,10:50:06,129.42,12942,1,买盘
1576,10:50:09,129.41,64709,5,卖盘
1577,10:50:12,129.42,12942,1,买盘
1578,10:50:15,129.41,207057,16,卖盘
1579,10:50:18,129.41,77650,6,卖盘
1580,10:50:21,129.42,297661,23,买盘
1581,10:50:24,129.43,77654,6,买盘
1582,10:50:27,129.42,90594,7,卖盘
1583,10:50:30,129.43,90601,7,买盘
1584,10:50:33,129.43,142373,11,买盘
1585,10:50:39,129.43,38830,3,卖盘
1586,10:50:45,129.43,245914,19,买盘
1587,10:50:48,129.43,12943,1,卖盘
1588,10:50:51,129.43,25887,2,卖盘
1589,10:50:54,129.43,38829,3,卖盘
1590,10:50:57,129.44,90607,7,买盘
1591,10:51:00,129.44,25888,2,卖盘
1592,10:51:03,129.46,556653,43,买盘
1593,10:51:06,129.47,25893,2,买盘
1594,10:51:12,129.47,220095,17,买盘
1595,10:51:15,129.46,116519,9,卖盘
1596,10:51:18,129.48,51790,4,买盘
1597,10:51:21,129.49,25896,2,买盘
1598,10:51:24,129.47,77689,6,卖盘
1599,10:51:27,129.49,12949,1,买盘
1600,10:51:30,129.49,64739,5,买盘
1601,10:51:33,129.49,90637,7,买盘
1602,10:51:36,129.5,271946,21,买盘
1603,10:51:39,129.5,233063,18,买盘
1604,10:51:42,129.47,530937,41,卖盘
1605,10:51:45,129.5,64750,5,卖盘
1606,10:51:48,129.52,388555,30,买盘
1607,10:51:51,129.49,12949,1,卖盘
1608,10:51:54,129.49,38848,3,卖盘
1609,10:51:57,129.49,90642,7,卖盘
1610,10:52:00,129.49,38847,3,买盘
1611,10:52:03,129.48,64742,5,卖盘
1612,10:52:06,129.49,51794,4,买盘
1613,10:52:09,129.48,12948,1,卖盘
1614,10:52:12,129.5,556770,43,买盘
1615,10:52:15,129.5,349652,27,卖盘
1616,10:52:21,129.5,25901,2,卖盘
1617,10:52:24,129.52,233114,18,买盘
1618,10:52:36,129.52,12952,1,买盘
1619,10:52:39,129.51,25902,2,卖盘
1620,10:52:42,129.52,12952,1,买盘
1621,10:52:45,129.52,51806,4,买盘
1622,10:52:48,129.5,207201,16,卖盘
1623,10:52:51,129.52,12952,1,买盘
1624,10:52:54,129.51,142468,11,中性盘
1625,10:52:57,129.52,103608,8,买盘
1626,10:53:03,129.5,116551,9,卖盘
1627,10:53:06,129.5,1061930,82,卖盘
1628,10:53:09,129.49,25898,2,中性盘
1629,10:53:15,129.48,142430,11,卖盘
1630,10:53:18,129.5,64748,5,买盘
1631,10:53:21,129.48,25897,2,卖盘
1632,10:53:24,129.49,38845,3,买盘
1633,10:53:33,129.49,90643,7,卖盘
1634,10:53:36,129.5,155390,12,买盘
1635,10:53:39,129.48,77688,6,卖盘
1636,10:53:45,129.48,284866,22,卖盘
1637,10:53:48,129.48,970985,75,卖盘
1638,10:53:51,129.48,12948,1,中性盘
1639,10:53:54,129.48,90629,7,买盘
1640,10:54:00,129.47,1515036,117,买盘
1641,10:54:03,129.46,155353,12,卖盘
1642,10:54:06,129.47,90626,7,买盘
1643,10:54:09,129.46,103569,8,卖盘
1644,10:54:12,129.47,789735,61,买盘
1645,10:54:15,129.47,38840,3,买盘
1646,10:54:18,129.47,51785,4,买盘
1647,10:54:21,129.46,116514,9,卖盘
1648,10:54:24,129.46,168298,13,卖盘
1649,10:54:27,129.47,103574,8,买盘
1650,10:54:30,129.46,155354,12,卖盘
1651,10:54:33,129.46,38840,3,卖盘
1652,10:54:36,129.46,64732,5,卖盘
1653,10:54:39,129.46,129468,10,卖盘
1654,10:54:42,129.47,12947,1,买盘
1655,10:54:45,129.47,38841,3,买盘
1656,10:54:48,129.46,77676,6,卖盘
1657,10:54:51,129.46,310704,24,卖盘
1658,10:54:57,129.46,38837,3,买盘
1659,10:55:00,129.46,90621,7,买盘
1660,10:55:03,129.46,38838,3,买盘
1661,10:55:06,129.46,90620,7,买盘
1662,10:55:09,129.46,77673,6,买盘
1663,10:55:12,129.46,12946,1,买盘
1664,10:55:15,129.45,12945,1,卖盘
1665,10:55:18,129.45,207120,16,卖盘
1666,10:55:21,129.46,51781,4,买盘
1667,10:55:24,129.45,401295,31,卖盘
1668,10:55:27,129.43,789610,61,卖盘
1669,10:55:30,129.44,12944,1,买盘
1670,10:55:36,129.44,25887,2,买盘
1671,10:55:39,129.44,194155,15,买盘
1672,10:55:42,129.42,38826,3,卖盘
1673,10:55:45,129.45,129450,10,买盘
1674,10:55:48,129.45,51780,4,买盘
1675,10:55:51,129.45,51778,4,买盘
1676,10:55:54,129.44,103553,8,卖盘
1677,10:55:57,129.44,64720,5,买盘
1678,10:56:00,129.44,25888,2,买盘
1679,10:56:03,129.43,12943,1,卖盘
1680,10:56:06,129.43,181213,14,卖盘
1681,10:56:09,129.44,25888,2,买盘
1682,10:56:12,129.44,77663,6,买盘
1683,10:56:18,129.45,38834,3,买盘
1684,10:56:21,129.44,90614,7,卖盘
1685,10:56:27,129.44,271824,21,卖盘
1686,10:56:30,129.44,64720,5,卖盘
1687,10:56:33,129.44,64720,5,卖盘
1688,10:56:36,129.44,64723,5,卖盘
1689,10:56:39,129.44,12944,1,卖盘
1690,10:56:42,129.44,25888,2,卖盘
1691,10:56:45,129.44,103553,8,卖盘
1692,10:56:51,129.42,168250,13,卖盘
1693,10:56:54,129.43,51770,4,买盘
1694,10:56:57,129.4,1591674,123,卖盘
1695,10:57:00,129.44,207089,16,买盘
1696,10:57:03,129.43,12943,1,中性盘
1697,10:57:09,129.42,129420,10,卖盘
1698,10:57:12,129.43,142373,11,买盘
1699,10:57:15,129.4,6922987,535,卖盘
1700,10:57:18,129.4,142340,11,买盘
1701,10:57:21,129.4,232919,18,买盘
1702,10:57:24,129.4,284677,22,买盘
1703,10:57:27,129.39,38817,3,买盘
1704,10:57:30,129.4,103513,8,买盘
1705,10:57:36,129.39,77634,6,卖盘
1706,10:57:39,129.38,116453,9,卖盘
1707,10:57:42,129.39,90573,7,买盘
1708,10:57:45,129.38,970370,75,卖盘
1709,10:57:48,129.38,155258,12,卖盘
1710,10:57:51,129.39,103512,8,买盘
1711,10:57:54,129.38,51752,4,卖盘
1712,10:57:57,129.4,2354524,182,买盘
1713,10:58:00,129.4,297605,23,买盘
1714,10:58:03,129.38,51754,4,卖盘
1715,10:58:06,129.4,51760,4,买盘
1716,10:58:09,129.4,232910,18,买盘
1717,10:58:12,129.4,25878,2,买盘
1718,10:58:15,129.38,103507,8,卖盘
1719,10:58:18,129.38,12938,1,卖盘
1720,10:58:21,129.38,207009,16,卖盘
1721,10:58:24,129.36,2199261,170,卖盘
1722,10:58:27,129.35,51742,4,卖盘
1723,10:58:30,129.35,103481,8,卖盘
1724,10:58:33,129.37,64679,5,买盘
1725,10:58:36,129.35,77617,6,卖盘
1726,10:58:39,129.35,12935,1,卖盘
1727,10:58:42,129.35,388050,30,卖盘
1728,10:58:45,129.35,944257,73,卖盘
1729,10:58:48,129.35,103480,8,买盘
1730,10:58:51,129.34,206947,16,卖盘
1731,10:58:54,129.34,271625,21,卖盘
1732,10:58:57,129.34,25867,2,买盘
1733,10:59:03,129.34,142265,11,买盘
1734,10:59:06,129.34,181065,14,买盘
1735,10:59:12,129.32,142253,11,卖盘
1736,10:59:15,129.33,12933,1,买盘
1737,10:59:18,129.33,349178,27,买盘
1738,10:59:21,129.32,245708,19,卖盘
1739,10:59:24,129.31,38795,3,卖盘
1740,10:59:27,129.32,168113,13,买盘
1741,10:59:30,129.31,77589,6,卖盘
1742,10:59:33,129.31,51726,4,卖盘
1743,10:59:36,129.31,258621,20,卖盘
1744,10:59:39,129.32,77587,6,买盘
1745,10:59:42,129.31,206898,16,卖盘
1746,10:59:45,129.31,142241,11,卖盘
1747,10:59:48,129.32,129315,10,买盘
1748,10:59:51,129.32,129319,10,买盘
1749,10:59:54,129.32,77592,6,买盘
1750,10:59:57,129.32,38795,3,买盘
1751,11:00:00,129.32,129316,10,买盘
1752,11:00:03,129.32,905183,70,买盘
1753,11:00:06,129.32,129315,10,买盘
1754,11:00:09,129.32,77586,6,买盘
1755,11:00:12,129.32,38794,3,买盘
1756,11:00:15,129.32,103452,8,买盘
1757,11:00:18,129.32,478470,37,买盘
1758,11:00:21,129.34,814780,63,买盘
1759,11:00:24,129.34,12934,1,买盘
1760,11:00:27,129.34,90532,7,买盘
1761,11:00:30,129.34,155209,12,卖盘
1762,11:00:33,129.35,12935,1,买盘
1763,11:00:36,129.34,181078,14,卖盘
1764,11:00:39,129.34,258687,20,卖盘
1765,11:00:42,129.35,297504,23,买盘
1766,11:00:45,129.34,155208,12,卖盘
1767,11:00:48,129.35,38805,3,买盘
1768,11:00:51,129.35,38803,3,买盘
1769,11:00:54,129.35,51740,4,买盘
1770,11:00:57,129.35,116413,9,买盘
1771,11:01:03,129.35,258702,20,卖盘
1772,11:01:06,129.35,142281,11,买盘
1773,11:01:09,129.34,232821,18,卖盘
1774,11:01:12,129.34,90538,7,卖盘
1775,11:01:15,129.34,12934,1,卖盘
1776,11:01:18,129.34,155209,12,卖盘
1777,11:01:21,129.34,64668,5,买盘
1778,11:01:24,129.34,77601,6,买盘
1779,11:01:27,129.33,129331,10,卖盘
1780,11:01:30,129.33,297459,23,买盘
1781,11:01:33,129.33,116394,9,买盘
1782,11:01:36,129.32,168119,13,卖盘
1783,11:01:39,129.32,116388,9,卖盘
1784,11:01:42,129.32,142253,11,卖盘
1785,11:01:45,129.32,129321,10,卖盘
1786,11:01:48,129.32,116393,9,卖盘
1787,11:01:51,129.32,155190,12,卖盘
1788,11:01:54,129.33,25866,2,中性盘
1789,11:01:57,129.32,284506,22,卖盘
1790,11:02:03,129.32,1060424,82,卖盘
1791,11:02:06,129.31,90522,7,卖盘
1792,11:02:09,129.31,375001,29,卖盘
1793,11:02:12,129.31,38793,3,卖盘
1794,11:02:15,129.31,155166,12,卖盘
1795,11:02:18,129.3,232759,18,卖盘
1796,11:02:21,129.31,103456,8,中性盘
1797,11:02:24,129.33,38795,3,买盘
1798,11:02:27,129.33,12933,1,买盘
1799,11:02:30,129.31,517340,40,卖盘
1800,11:02:33,129.33,284474,22,中性盘
1801,11:02:36,129.31,64655,5,中性盘
1802,11:02:39,129.31,181027,14,买盘
1803,11:02:42,129.32,181023,14,中性盘
1804,11:02:45,129.3,168091,13,卖盘
1805,11:02:48,129.32,38797,3,买盘
1806,11:02:51,129.34,724298,56,买盘
1807,11:02:54,129.34,51736,4,卖盘
1808,11:03:00,129.34,12934,1,卖盘
1809,11:03:03,129.35,77607,6,买盘
1810,11:03:06,129.34,90544,7,卖盘
1811,11:03:09,129.34,129343,10,卖盘
1812,11:03:12,129.35,219894,17,买盘
1813,11:03:15,129.34,38804,3,卖盘
1814,11:03:18,129.34,271616,21,卖盘
1815,11:03:21,129.34,64673,5,卖盘
1816,11:03:24,129.35,25870,2,买盘
1817,11:03:27,129.34,530298,41,卖盘
1818,11:03:30,129.34,181086,14,卖盘
1819,11:03:33,129.34,245730,19,买盘
1820,11:03:36,129.34,25868,2,买盘
1821,11:03:42,129.35,310425,24,买盘
1822,11:03:45,129.35,245765,19,卖盘
1823,11:03:51,129.35,194035,15,卖盘
1824,11:03:54,129.35,194029,15,卖盘
1825,11:03:57,129.36,258720,20,买盘
1826,11:04:00,129.36,12936,1,卖盘
1827,11:04:03,129.36,25873,2,卖盘
1828,11:04:06,129.38,103500,8,买盘
1829,11:04:09,129.36,142300,11,卖盘
1830,11:04:12,129.37,129364,10,卖盘
1831,11:04:15,129.38,38814,3,买盘
1832,11:04:18,129.38,25876,2,卖盘
1833,11:04:21,129.39,12939,1,买盘
1834,11:04:24,129.39,64695,5,买盘
1835,11:04:27,129.38,116442,9,卖盘
1836,11:04:30,129.37,103502,8,卖盘
1837,11:04:33,129.38,90566,7,买盘
1838,11:04:36,129.38,25876,2,买盘
1839,11:04:39,129.39,103500,8,买盘
1840,11:04:42,129.39,25878,2,买盘
1841,11:04:45,129.39,284655,22,买盘
1842,11:04:48,129.4,181155,14,买盘
1843,11:04:51,129.39,25878,2,中性盘
1844,11:04:54,129.4,90578,7,买盘
1845,11:04:57,129.39,51757,4,卖盘
1846,11:05:00,129.39,38817,3,买盘
1847,11:05:03,129.39,103515,8,卖盘
1848,11:05:06,129.39,556336,43,买盘
1849,11:05:09,129.4,931647,72,买盘
1850,11:05:12,129.38,51755,4,卖盘
1851,11:05:15,129.4,64699,5,买盘
1852,11:05:18,129.38,634058,49,卖盘
1853,11:05:21,129.38,168213,13,卖盘
1854,11:05:24,129.38,245825,19,卖盘
1855,11:05:33,129.38,90568,7,卖盘
1856,11:05:39,129.38,194071,15,卖盘
1857,11:05:42,129.39,25878,2,中性盘
1858,11:05:45,129.38,181135,14,卖盘
1859,11:05:48,129.39,12939,1,买盘
1860,11:05:51,129.39,142323,11,买盘
1861,11:05:54,129.38,25877,2,卖盘
1862,11:05:57,129.39,271708,21,买盘
1863,11:06:03,129.38,2535868,196,卖盘
1864,11:06:06,129.38,142313,11,买盘
1865,11:06:09,129.38,116442,9,买盘
1866,11:06:12,129.37,323426,25,卖盘
1867,11:06:15,129.37,543346,42,买盘
1868,11:06:18,129.37,129370,10,买盘
1869,11:06:21,129.37,103489,8,买盘
1870,11:06:24,129.36,375146,29,卖盘
1871,11:06:27,129.37,155236,12,买盘
1872,11:06:33,129.37,297524,23,买盘
1873,11:06:36,129.35,90550,7,卖盘
1874,11:06:39,129.36,116422,9,买盘
1875,11:06:42,129.35,38805,3,卖盘
1876,11:06:45,129.35,77613,6,卖盘
1877,11:06:48,129.35,12935,1,卖盘
1878,11:06:51,129.35,168155,13,卖盘
1879,11:06:54,129.36,168157,13,买盘
1880,11:06:57,129.35,206960,16,卖盘
1881,11:07:03,129.34,129341,10,卖盘
1882,11:07:06,129.34,77604,6,卖盘
1883,11:07:09,129.33,38800,3,卖盘
1884,11:07:12,129.34,168131,13,买盘
1885,11:07:15,129.33,271595,21,卖盘
1886,11:07:18,129.33,452655,35,卖盘
1887,11:07:21,129.33,245727,19,卖盘
1888,11:07:24,129.34,25868,2,买盘
1889,11:07:27,129.33,103469,8,卖盘
1890,11:07:30,129.33,258662,20,卖盘
1891,11:07:33,129.32,77595,6,卖盘
1892,11:07:36,129.31,232778,18,卖盘
1893,11:07:39,129.31,90519,7,卖盘
1894,11:07:42,129.32,12932,1,买盘
1895,11:07:45,129.31,77586,6,卖盘
1896,11:07:48,129.32,142245,11,买盘
1897,11:07:51,129.32,168105,13,买盘
1898,11:07:54,129.32,12932,1,买盘
1899,11:07:57,129.31,581925,45,卖盘
1900,11:08:03,129.31,219828,17,卖盘
1901,11:08:06,129.31,64655,5,卖盘
1902,11:08:09,129.31,245675,19,卖盘
1903,11:08:12,129.3,103441,8,卖盘
1904,11:08:15,129.3,336194,26,卖盘
1905,11:08:18,129.3,439620,34,卖盘
1906,11:08:21,129.31,219818,17,买盘
1907,11:08:24,129.3,465508,36,卖盘
1908,11:08:27,129.31,64652,5,买盘
1909,11:08:30,129.31,129310,10,买盘
1910,11:08:33,129.31,129309,10,买盘
1911,11:08:36,129.31,64655,5,买盘
1912,11:08:39,129.31,181027,14,买盘
1913,11:08:42,129.31,530171,41,买盘
1914,11:08:45,129.31,38793,3,卖盘
1915,11:08:48,129.31,12931,1,卖盘
1916,11:08:51,129.31,853449,66,卖盘
1917,11:08:54,129.3,25860,2,卖盘
1918,11:08:57,129.3,142237,11,卖盘
1919,11:09:00,129.31,77586,6,买盘
1920,11:09:03,129.31,336187,26,买盘
1921,11:09:06,129.3,1616255,125,卖盘
1922,11:09:09,129.31,866315,67,买盘
1923,11:09:12,129.31,1124912,87,买盘
1924,11:09:15,129.31,90517,7,买盘
1925,11:09:18,129.31,219827,17,买盘
1926,11:09:21,129.31,193954,15,买盘
1927,11:09:24,129.3,737043,57,卖盘
1928,11:09:27,129.31,64659,5,中性盘
1929,11:09:30,129.33,25865,2,买盘
1930,11:09:33,129.32,103451,8,买盘
1931,11:09:36,129.33,25864,2,买盘
1932,11:09:39,129.34,12934,1,买盘
1933,11:09:42,129.34,38801,3,买盘
1934,11:09:48,129.34,38799,3,买盘
1935,11:09:51,129.32,38796,3,卖盘
1936,11:09:54,129.32,90534,7,卖盘
1937,11:09:57,129.32,336242,26,卖盘
1938,11:10:00,129.34,1060307,82,买盘
1939,11:10:03,129.34,64670,5,卖盘
1940,11:10:06,129.35,12935,1,买盘
1941,11:10:09,129.35,12935,1,买盘
1942,11:10:12,129.35,297487,23,买盘
1943,11:10:15,129.34,25869,2,卖盘
1944,11:10:18,129.35,12935,1,买盘
1945,11:10:21,129.35,12935,1,买盘
1946,11:10:27,129.35,90544,7,买盘
1947,11:10:30,129.35,116415,9,买盘
1948,11:10:36,129.35,64674,5,买盘
1949,11:10:39,129.34,142274,11,卖盘
1950,11:10:42,129.35,129345,10,买盘
1951,11:10:45,129.35,12935,1,买盘
1952,11:10:51,129.35,439812,34,买盘
1953,11:10:57,129.35,90545,7,卖盘
1954,11:11:03,129.35,12935,1,卖盘
1955,11:11:06,129.35,724444,56,卖盘
1956,11:11:09,129.35,77610,6,卖盘
1957,11:11:12,129.36,25873,2,卖盘
1958,11:11:15,129.37,12937,1,买盘
1959,11:11:18,129.36,12936,1,卖盘
1960,11:11:21,129.36,25872,2,买盘
1961,11:11:24,129.35,103488,8,卖盘
1962,11:11:27,129.36,64677,5,中性盘
1963,11:11:30,129.35,1384037,107,卖盘
1964,11:11:33,129.34,38801,3,卖盘
1965,11:11:39,129.33,12933,1,卖盘
1966,11:11:42,129.33,38799,3,卖盘
1967,11:11:45,129.34,51733,4,买盘
1968,11:11:48,129.33,90531,7,卖盘
1969,11:11:51,129.32,750167,58,卖盘
1970,11:11:54,129.35,711425,55,买盘
1971,11:11:57,129.35,181090,14,卖盘
1972,11:12:00,129.36,129356,10,买盘
1973,11:12:06,129.37,168179,13,买盘
1974,11:12:12,129.37,116440,9,卖盘
1975,11:12:15,129.37,38811,3,买盘
1976,11:12:18,129.36,129375,10,卖盘
1977,11:12:27,129.4,64700,5,买盘
1978,11:12:30,129.4,465839,36,买盘
1979,11:12:33,129.4,181160,14,买盘
1980,11:12:36,129.42,64702,5,买盘
1981,11:12:39,129.4,64706,5,卖盘
1982,11:12:42,129.43,168248,13,买盘
1983,11:12:45,129.4,12940,1,卖盘
1984,11:12:48,129.42,38827,3,卖盘
1985,11:12:51,129.43,64711,5,买盘
1986,11:12:54,129.43,25886,2,买盘
1987,11:12:57,129.43,155315,12,买盘
1988,11:13:00,129.44,77659,6,买盘
1989,11:13:03,129.44,155327,12,买盘
1990,11:13:06,129.44,155317,12,买盘
1991,11:13:09,129.44,129440,10,买盘
1992,11:13:12,129.45,64720,5,买盘
1993,11:13:18,129.45,25890,2,买盘
1994,11:13:21,129.44,103558,8,卖盘
1995,11:13:24,129.45,38835,3,买盘
1996,11:13:27,129.45,64724,5,买盘
1997,11:13:30,129.44,77665,6,卖盘
1998,11:13:33,129.45,103560,8,买盘
1999,11:13:36,129.46,491873,38,买盘
2000,11:13:39,129.45,25890,2,中性盘
2001,11:13:42,129.44,51776,4,中性盘
2002,11:13:45,129.42,51768,4,卖盘
2003,11:13:48,129.45,38835,3,买盘
2004,11:13:51,129.45,90614,7,买盘
2005,11:13:54,129.43,64719,5,卖盘
2006,11:13:57,129.43,168251,13,卖盘
2007,11:14:00,129.43,90612,7,中性盘
2008,11:14:03,129.43,51772,4,买盘
2009,11:14:06,129.44,12944,1,买盘
2010,11:14:09,129.41,77659,6,中性盘
2011,11:14:12,129.4,232921,18,卖盘
2012,11:14:15,129.4,129404,10,卖盘
2013,11:14:21,129.4,64704,5,卖盘
2014,11:14:24,129.42,64708,5,买盘
2015,11:14:27,129.4,432844,33,卖盘
2016,11:14:30,129.4,25882,2,卖盘
2017,11:14:33,129.42,194129,15,买盘
2018,11:14:36,129.41,77646,6,卖盘
2019,11:14:39,129.42,51766,4,买盘
2020,11:14:42,129.41,38825,3,中性盘
2021,11:14:48,129.4,64703,5,卖盘
2022,11:14:51,129.41,38823,3,买盘
2023,11:14:57,129.42,129417,10,买盘
2024,11:15:00,129.41,452935,35,卖盘
2025,11:15:03,129.41,168233,13,买盘
2026,11:15:06,129.42,25883,2,买盘
2027,11:15:09,129.42,64708,5,买盘
2028,11:15:12,129.43,1345968,104,买盘
2029,11:15:15,129.48,1708792,132,买盘
2030,11:15:18,129.41,647109,50,卖盘
2031,11:15:21,129.44,1345870,104,中性盘
2032,11:15:27,129.42,12942,1,卖盘
2033,11:15:30,129.44,64712,5,中性盘
2034,11:15:33,129.41,207062,16,卖盘
2035,11:15:36,129.44,38828,3,中性盘
2036,11:15:42,129.46,258854,20,买盘
2037,11:15:45,129.42,116478,9,中性盘
2038,11:15:48,129.42,116470,9,买盘
2039,11:15:51,129.42,51768,4,买盘
2040,11:15:54,129.42,168243,13,买盘
2041,11:15:57,129.42,310599,24,买盘
2042,11:16:03,129.42,77652,6,买盘
2043,11:16:09,129.41,129410,10,卖盘
2044,11:16:12,129.42,284724,22,买盘
2045,11:16:15,129.41,12941,1,卖盘
2046,11:16:18,129.42,77652,6,买盘
2047,11:16:21,129.38,3811502,295,卖盘
2048,11:16:24,129.38,51752,4,买盘
2049,11:16:27,129.35,284607,22,卖盘
2050,11:16:30,129.35,51740,4,买盘
2051,11:16:33,129.35,12935,1,买盘
2052,11:16:36,129.34,90574,7,卖盘
2053,11:16:39,129.38,12938,1,买盘
2054,11:16:42,129.35,25870,2,卖盘
2055,11:16:45,129.38,25876,2,中性盘
2056,11:16:48,129.39,51754,4,买盘
2057,11:16:51,129.38,12938,1,卖盘
2058,11:16:54,129.4,77640,6,买盘
2059,11:16:57,129.39,12939,1,卖盘
2060,11:17:00,129.4,51759,4,买盘
2061,11:17:03,129.4,90574,7,买盘
2062,11:17:06,129.39,103513,8,中性盘
2063,11:17:09,129.4,103508,8,买盘
2064,11:17:12,129.39,25878,2,买盘
2065,11:17:15,129.4,77638,6,买盘
2066,11:17:24,129.38,12938,1,卖盘
2067,11:17:27,129.39,25877,2,买盘
2068,11:17:30,129.38,77628,6,卖盘
2069,11:17:33,129.39,12939,1,买盘
2070,11:17:36,129.38,12938,1,卖盘
2071,11:17:39,129.38,271698,21,卖盘
2072,11:17:42,129.38,12938,1,卖盘
2073,11:17:45,129.38,64691,5,卖盘
2074,11:17:48,129.38,51752,4,卖盘
2075,11:17:51,129.38,116442,9,卖盘
2076,11:17:54,129.39,194081,15,买盘
2077,11:17:57,129.38,388156,30,卖盘
2078,11:18:00,129.38,77628,6,买盘
2079,11:18:06,129.38,77628,6,买盘
2080,11:18:09,129.36,168179,13,卖盘
2081,11:18:12,129.36,51745,4,卖盘
2082,11:18:15,129.36,1254792,97,卖盘
2083,11:18:18,129.37,155233,12,买盘
2084,11:18:21,129.36,25871,2,中性盘
2085,11:18:24,129.35,155222,12,卖盘
2086,11:18:27,129.35,232830,18,买盘
2087,11:18:30,129.35,258679,20,买盘
2088,11:18:33,129.34,168153,13,中性盘
2089,11:18:36,129.35,51737,4,买盘
2090,11:18:39,129.34,25867,2,中性盘
2091,11:18:42,129.35,3362143,260,买盘
2092,11:18:45,129.35,103474,8,买盘
2093,11:18:48,129.35,129313,10,买盘
2094,11:18:51,129.35,181090,14,买盘
2095,11:18:54,129.35,64671,5,买盘
2096,11:19:00,129.31,12931,1,卖盘
2097,11:19:03,129.35,181061,14,买盘
2098,11:19:06,129.33,64659,5,中性盘
2099,11:19:12,129.33,297417,23,买盘
2100,11:19:15,129.31,129320,10,卖盘
2101,11:19:18,129.33,64665,5,买盘
2102,11:19:21,129.33,297433,23,买盘
2103,11:19:27,129.33,12933,1,买盘
2104,11:19:30,129.32,12932,1,中性盘
2105,11:19:33,129.33,142263,11,买盘
2106,11:19:36,129.3,1318892,102,卖盘
2107,11:19:39,129.33,25866,2,买盘
2108,11:19:42,129.33,51732,4,买盘
2109,11:19:48,129.33,51728,4,买盘
2110,11:19:51,129.31,77586,6,卖盘
2111,11:19:54,129.33,51728,4,买盘
2112,11:19:57,129.31,38793,3,卖盘
2113,11:20:03,129.31,323289,25,卖盘
2114,11:20:06,129.33,12933,1,买盘
2115,11:20:09,129.33,51730,4,买盘
2116,11:20:12,129.31,12931,1,卖盘
2117,11:20:15,129.33,38797,3,买盘
2118,11:20:18,129.33,77598,6,买盘
2119,11:20:21,129.32,129320,10,卖盘
2120,11:20:24,129.32,38796,3,卖盘
2121,11:20:27,129.32,310376,24,卖盘
2122,11:20:30,129.32,103456,8,买盘
2123,11:20:33,129.32,25864,2,买盘
2124,11:20:36,129.32,25864,2,买盘
2125,11:20:39,129.31,12931,1,卖盘
2126,11:20:42,129.31,181040,14,卖盘
2127,11:20:45,129.32,38795,3,买盘
2128,11:20:48,129.31,77589,6,卖盘
2129,11:20:51,129.32,155179,12,买盘
2130,11:20:54,129.32,25864,2,卖盘
2131,11:20:57,129.32,206912,16,卖盘
2132,11:21:00,129.32,25864,2,买盘
2133,11:21:03,129.32,38796,3,买盘
2134,11:21:06,129.32,103455,8,买盘
2135,11:21:09,129.32,12932,1,卖盘
2136,11:21:21,129.32,12932,1,卖盘
2137,11:21:24,129.32,25864,2,卖盘
2138,11:21:27,129.32,504348,39,卖盘
2139,11:21:30,129.32,64660,5,买盘
2140,11:21:33,129.32,38796,3,买盘
2141,11:21:36,129.32,142251,11,买盘
2142,11:21:39,129.32,25864,2,买盘
2143,11:21:42,129.31,737075,57,卖盘
2144,11:21:45,129.31,931040,72,卖盘
2145,11:21:48,129.31,258623,20,卖盘
2146,11:21:51,129.31,25862,2,买盘
2147,11:21:54,129.31,25862,2,买盘
2148,11:21:57,129.31,103445,8,买盘
2149,11:22:00,129.31,12931,1,卖盘
2150,11:22:03,129.31,206895,16,卖盘
2151,11:22:06,129.31,25862,2,买盘
2152,11:22:09,129.31,103448,8,买盘
2153,11:22:12,129.31,2185200,169,买盘
2154,11:22:15,129.31,193958,15,买盘
2155,11:22:18,129.31,12931,1,买盘
2156,11:22:21,129.31,181034,14,买盘
2157,11:22:27,129.31,336206,26,卖盘
2158,11:22:30,129.32,64656,5,买盘
2159,11:22:33,129.3,142232,11,卖盘
2160,11:22:36,129.3,12930,1,卖盘
2161,11:22:42,129.32,155173,12,买盘
2162,11:22:45,129.31,38793,3,卖盘
2163,11:22:48,129.3,142235,11,卖盘
2164,11:22:51,129.3,12930,1,卖盘
2165,11:22:54,129.31,193960,15,买盘
2166,11:22:57,129.31,38793,3,买盘
2167,11:23:00,129.3,12930,1,卖盘
2168,11:23:03,129.31,969755,75,买盘
2169,11:23:06,129.31,193959,15,买盘
2170,11:23:09,129.3,12930,1,卖盘
2171,11:23:12,129.31,142237,11,买盘
2172,11:23:18,129.31,155172,12,卖盘
2173,11:23:21,129.31,38793,3,买盘
2174,11:23:24,129.3,426691,33,卖盘
2175,11:23:27,129.3,762873,59,卖盘
2176,11:23:30,129.31,38793,3,买盘
2177,11:23:33,129.3,12930,1,卖盘
2178,11:23:36,129.3,310321,24,卖盘
2179,11:23:42,129.3,25860,2,卖盘
2180,11:23:45,129.3,12930,1,卖盘
2181,11:23:48,129.32,90517,7,买盘
2182,11:23:54,129.32,51728,4,买盘
2183,11:24:00,129.31,12931,1,卖盘
2184,11:24:03,129.31,38794,3,卖盘
2185,11:24:06,129.31,12931,1,卖盘
2186,11:24:09,129.31,12931,1,卖盘
2187,11:24:12,129.32,2508393,194,买盘
2188,11:24:15,129.31,181047,14,中性盘
2189,11:24:18,129.31,12931,1,买盘
2190,11:24:21,129.3,155167,12,卖盘
2191,11:24:24,129.29,271511,21,卖盘
2192,11:24:30,129.3,284440,22,中性盘
2193,11:24:33,129.29,245653,19,卖盘
2194,11:24:36,129.29,25858,2,卖盘
2195,11:24:39,129.28,491287,38,卖盘
2196,11:24:42,129.29,90501,7,买盘
2197,11:24:45,129.29,64643,5,买盘
2198,11:24:48,129.28,116354,9,卖盘
2199,11:24:54,129.29,12929,1,卖盘
2200,11:24:57,129.29,90503,7,卖盘
2201,11:25:00,129.29,103432,8,卖盘
2202,11:25:03,129.29,323222,25,卖盘
2203,11:25:06,129.29,38787,3,买盘
2204,11:25:09,129.29,25858,2,买盘
2205,11:25:15,129.29,64642,5,买盘
2206,11:25:18,129.29,530054,41,买盘
2207,11:25:21,129.29,12929,1,中性盘
2208,11:25:24,129.29,90499,7,买盘
2209,11:25:27,129.29,232722,18,买盘
2210,11:25:30,129.28,129283,10,卖盘
2211,11:25:33,129.29,1202307,93,买盘
2212,11:25:36,129.29,142218,11,买盘
2213,11:25:39,129.29,77574,6,卖盘
2214,11:25:42,129.3,51720,4,买盘
2215,11:25:45,129.28,504213,39,卖盘
2216,11:25:48,129.28,64640,5,卖盘
2217,11:25:51,129.29,142219,11,买盘
2218,11:25:54,129.28,116354,9,卖盘
2219,11:25:57,129.3,77576,6,买盘
2220,11:26:03,129.3,336182,26,买盘
2221,11:26:06,129.3,77580,6,卖盘
2222,11:26:09,129.3,38794,3,卖盘
2223,11:26:12,129.3,103437,8,卖盘
2224,11:26:15,129.29,38789,3,卖盘
2225,11:26:18,129.29,38788,3,卖盘
2226,11:26:24,129.3,116365,9,买盘
2227,11:26:27,129.29,245651,19,卖盘
2228,11:26:30,129.28,77573,6,卖盘
2229,11:26:33,129.28,25856,2,卖盘
2230,11:26:36,129.29,271489,21,买盘
2231,11:26:39,129.29,465412,36,买盘
2232,11:26:42,129.29,206860,16,买盘
2233,11:26:45,129.3,12930,1,买盘
2234,11:26:48,129.29,25858,2,卖盘
2235,11:26:51,129.3,64648,5,买盘
2236,11:26:54,129.3,155156,12,买盘
2237,11:26:57,129.28,297359,23,卖盘
2238,11:27:00,129.29,51716,4,买盘
2239,11:27:03,129.29,142219,11,买盘
2240,11:27:06,129.31,12931,1,买盘
2241,11:27:09,129.31,90517,7,买盘
2242,11:27:12,129.31,25862,2,买盘
2243,11:27:15,129.31,12931,1,买盘
2244,11:27:18,129.31,12931,1,买盘
2245,11:27:21,129.31,155168,12,买盘
2246,11:27:24,129.29,51719,4,卖盘
2247,11:27:27,129.32,103449,8,买盘
2248,11:27:30,129.31,12931,1,卖盘
2249,11:27:33,129.31,25860,2,中性盘
2250,11:27:36,129.3,25860,2,卖盘
2251,11:27:42,129.3,12930,1,卖盘
2252,11:27:45,129.3,142239,11,卖盘
2253,11:27:48,129.3,181024,14,卖盘
2254,11:27:51,129.3,38790,3,买盘
2255,11:27:54,129.3,258600,20,买盘
2256,11:27:57,129.29,103434,8,卖盘
2257,11:28:00,129.3,77580,6,买盘
2258,11:28:03,129.3,38790,3,买盘
2259,11:28:06,129.3,25860,2,买盘
2260,11:28:09,129.3,51720,4,买盘
2261,11:28:12,129.3,90509,7,买盘
2262,11:28:15,129.29,38788,3,卖盘
2263,11:28:21,129.29,90505,7,卖盘
2264,11:28:27,129.29,362014,28,卖盘
2265,11:28:30,129.3,12930,1,买盘
2266,11:28:33,129.3,64647,5,买盘
2267,11:28:36,129.29,116361,9,卖盘
2268,11:28:39,129.28,155148,12,卖盘
2269,11:28:42,129.3,12930,1,买盘
2270,11:28:45,129.3,12930,1,买盘
2271,11:28:48,129.29,25858,2,卖盘
2272,11:28:51,129.3,12930,1,买盘
2273,11:28:54,129.29,12929,1,卖盘
2274,11:28:57,129.29,64645,5,卖盘
2275,11:29:00,129.3,12930,1,买盘
2276,11:29:03,129.28,142218,11,卖盘
2277,11:29:06,129.29,64643,5,中性盘
2278,11:29:12,129.29,413710,32,买盘
2279,11:29:15,129.29,25858,2,买盘
2280,11:29:18,129.28,271489,21,卖盘
2281,11:29:24,129.28,426625,33,卖盘
2282,11:29:27,129.29,51716,4,买盘
2283,11:29:30,129.28,12928,1,卖盘
2284,11:29:36,129.28,590422,46,卖盘
2285,11:29:39,129.28,12928,1,买盘
2286,11:29:42,129.28,129280,10,买盘
2287,11:29:45,129.28,973807,75,买盘
2288,11:29:48,129.28,271473,21,卖盘
2289,11:29:51,129.29,168074,13,买盘
2290,11:29:54,129.27,38783,3,卖盘
2291,11:29:57,129.28,64644,5,中性盘
2292,11:30:00,129.27,12927,1,卖盘
2293,13:00:03,129.27,1318632,102,卖盘
2294,13:00:06,129.29,1654778,128,买盘
2295,13:00:09,129.28,1551380,120,卖盘
2296,13:00:12,129.28,840334,65,卖盘
2297,13:00:15,129.28,542976,42,卖盘
2298,13:00:18,129.27,1357412,105,卖盘
2299,13:00:21,129.27,917839,71,卖盘
2300,13:00:24,129.28,297363,23,中性盘
2301,13:00:30,129.28,25856,2,买盘
2302,13:00:33,129.28,77568,6,买盘
2303,13:00:36,129.28,258560,20,买盘
2304,13:00:39,129.28,77568,6,买盘
2305,13:00:42,129.28,232694,18,买盘
2306,13:00:45,129.28,77568,6,买盘
2307,13:00:48,129.27,64636,5,卖盘
2308,13:00:51,129.28,530045,41,买盘
2309,13:00:54,129.28,193920,15,卖盘
2310,13:00:57,129.29,12929,1,买盘
2311,13:01:00,129.29,25857,2,买盘
2312,13:01:03,129.28,168066,13,卖盘
2313,13:01:06,129.28,77571,6,卖盘
2314,13:01:09,129.29,38785,3,买盘
2315,13:01:12,129.29,271494,21,买盘
2316,13:01:15,129.29,284427,22,买盘
2317,13:01:18,129.29,25858,2,卖盘
2318,13:01:21,129.29,64645,5,卖盘
2319,13:01:24,129.29,38787,3,买盘
2320,13:01:27,129.29,25858,2,买盘
2321,13:01:30,129.28,413721,32,卖盘
2322,13:01:33,129.29,271501,21,买盘
2323,13:01:36,129.28,413718,32,卖盘
2324,13:01:39,129.29,64645,5,买盘
2325,13:01:42,129.29,155149,12,买盘
2326,13:01:45,129.29,51716,4,卖盘
2327,13:01:48,129.29,38787,3,卖盘
2328,13:01:51,129.29,180996,14,卖盘
2329,13:01:54,129.28,129285,10,卖盘
2330,13:01:57,129.28,25857,2,卖盘
2331,13:02:00,129.29,51716,4,买盘
2332,13:02:03,129.28,1370369,106,卖盘
2333,13:02:06,129.29,90499,7,中性盘
2334,13:02:09,129.28,478316,37,卖盘
2335,13:02:12,129.27,25854,2,卖盘
2336,13:02:15,129.28,64638,5,买盘
2337,13:02:18,129.28,90495,7,买盘
2338,13:02:21,129.27,3244679,251,卖盘
2339,13:02:24,129.28,129272,10,买盘
2340,13:02:27,129.28,349048,27,买盘
2341,13:02:30,129.27,771366,60,卖盘
2342,13:02:33,129.27,271465,21,买盘
2343,13:02:36,129.26,142193,11,卖盘
2344,13:02:42,129.26,103416,8,卖盘
2345,13:02:45,129.26,12926,1,卖盘
2346,13:02:48,129.26,168038,13,卖盘
2347,13:02:51,129.26,103409,8,卖盘
2348,13:02:54,129.26,25852,2,卖盘
2349,13:02:57,129.27,64632,5,买盘
2350,13:03:00,129.26,284372,22,卖盘
2351,13:03:06,129.26,349002,27,卖盘
2352,13:03:09,129.26,25852,2,卖盘
2353,13:03:12,129.27,193900,15,买盘
2354,13:03:15,129.26,129260,10,卖盘
2355,13:03:18,129.26,25852,2,卖盘
2356,13:03:21,129.26,336082,26,卖盘
2357,13:03:24,129.26,25852,2,卖盘
2358,13:03:27,129.26,206813,16,买盘
2359,13:03:30,129.26,542855,42,卖盘
2360,13:03:33,129.25,180960,14,卖盘
2361,13:03:36,129.26,142186,11,买盘
2362,13:03:39,129.26,142186,11,卖盘
2363,13:03:42,129.26,51704,4,卖盘
2364,13:03:45,129.26,77556,6,卖盘
2365,13:03:48,129.25,38776,3,卖盘
2366,13:03:51,129.26,155110,12,买盘
2367,13:03:54,129.26,232659,18,买盘
2368,13:03:57,129.25,271439,21,卖盘
2369,13:04:00,129.25,142176,11,卖盘
2370,13:04:03,129.25,6643450,514,卖盘
2371,13:04:06,129.26,1331334,103,买盘
2372,13:04:09,129.24,736798,57,卖盘
2373,13:04:12,129.24,12924,1,卖盘
2374,13:04:15,129.24,594676,46,卖盘
2375,13:04:18,129.26,77552,6,买盘
2376,13:04:21,129.26,2752543,213,中性盘
2377,13:04:24,129.24,38773,3,卖盘
2378,13:04:27,129.26,38774,3,买盘
2379,13:04:30,129.26,129258,10,买盘
2380,13:04:33,129.25,142172,11,买盘
2381,13:04:36,129.25,77550,6,买盘
2382,13:04:39,129.24,400663,31,卖盘
2383,13:04:42,129.24,129236,10,买盘
2384,13:04:45,129.22,25844,2,卖盘
2385,13:04:48,129.23,697791,54,买盘
2386,13:04:51,129.24,64619,5,买盘
2387,13:04:54,129.23,90460,7,买盘
2388,13:04:57,129.23,77533,6,中性盘
2389,13:05:00,129.23,142158,11,买盘
2390,13:05:03,129.23,51689,4,买盘
2391,13:05:06,129.23,12923,1,卖盘
2392,13:05:09,129.24,155077,12,买盘
2393,13:05:12,129.24,258472,20,买盘
2394,13:05:15,129.23,245539,19,卖盘
2395,13:05:18,129.24,51696,4,买盘
2396,13:05:21,129.23,64616,5,卖盘
2397,13:05:24,129.23,568616,44,卖盘
2398,13:05:27,129.23,90461,7,买盘
2399,13:05:30,129.23,206768,16,买盘
2400,13:05:33,129.23,206768,16,卖盘
2401,13:05:36,129.24,193860,15,买盘
2402,13:05:39,129.23,142161,11,卖盘
2403,13:05:42,129.23,542766,42,卖盘
2404,13:05:45,129.23,103383,8,买盘
2405,13:05:48,129.22,38767,3,卖盘
2406,13:05:51,129.22,90456,7,卖盘
2407,13:05:54,129.23,90461,7,买盘
2408,13:05:57,129.22,116298,9,卖盘
2409,13:06:00,129.22,103377,8,卖盘
2410,13:06:03,129.22,25845,2,卖盘
2411,13:06:06,129.23,38768,3,买盘
2412,13:06:09,129.23,323053,25,买盘
2413,13:06:12,129.23,167999,13,买盘
2414,13:06:15,129.23,51690,4,买盘
2415,13:06:18,129.23,38767,3,买盘
2416,13:06:21,129.23,206766,16,买盘
2417,13:06:24,129.23,25846,2,买盘
2418,13:06:27,129.23,116304,9,买盘
2419,13:06:30,129.22,206762,16,卖盘
2420,13:06:33,129.23,167993,13,买盘
2421,13:06:36,129.23,620302,48,买盘
2422,13:06:39,129.23,25846,2,卖盘
2423,13:06:42,129.23,51693,4,卖盘
2424,13:06:45,129.24,25848,2,买盘
2425,13:06:48,129.23,38769,3,卖盘
2426,13:06:54,129.24,168012,13,买盘
2427,13:06:57,129.24,51693,4,买盘
2428,13:07:00,129.23,64616,5,卖盘
2429,13:07:03,129.23,25846,2,卖盘
2430,13:07:06,129.23,400619,31,卖盘
2431,13:07:09,129.24,90468,7,买盘
2432,13:07:12,129.23,90461,7,卖盘
2433,13:07:15,129.24,697876,54,买盘
2434,13:07:18,129.23,206778,16,卖盘
2435,13:07:21,129.23,90467,7,卖盘
2436,13:07:27,129.24,116311,9,买盘
2437,13:07:30,129.23,103388,8,卖盘
2438,13:07:33,129.24,336023,26,买盘
2439,13:07:36,129.23,64616,5,卖盘
2440,13:07:39,129.24,193857,15,买盘
2441,13:07:42,129.23,12923,1,卖盘
2442,13:07:45,129.23,568630,44,卖盘
2443,13:07:48,129.23,297249,23,卖盘
2444,13:07:51,129.23,38769,3,卖盘
2445,13:07:54,129.23,51693,4,卖盘
2446,13:07:57,129.23,232624,18,卖盘
2447,13:08:00,129.24,413546,32,买盘
2448,13:08:03,129.23,77542,6,卖盘
2449,13:08:06,129.24,168011,13,买盘
2450,13:08:09,129.23,129231,10,卖盘
2451,13:08:12,129.23,90464,7,卖盘
2452,13:08:15,129.24,38772,3,买盘
2453,13:08:18,129.23,206774,16,卖盘
2454,13:08:21,129.24,142154,11,买盘
2455,13:08:24,129.23,51693,4,卖盘
2456,13:08:27,129.24,77543,6,买盘
2457,13:08:30,129.23,51692,4,卖盘
2458,13:08:33,129.24,51694,4,买盘
2459,13:08:36,129.23,77542,6,卖盘
2460,13:08:42,129.24,155088,12,买盘
2461,13:08:45,129.24,90468,7,买盘
2462,13:08:48,129.24,129240,10,卖盘
2463,13:08:54,129.24,168022,13,卖盘
2464,13:08:57,129.24,271410,21,卖盘
2465,13:09:00,129.25,142173,11,买盘
2466,13:09:06,129.25,232650,18,卖盘
2467,13:09:09,129.26,336066,26,买盘
2468,13:09:12,129.26,116334,9,买盘
2469,13:09:15,129.26,12926,1,买盘
2470,13:09:18,129.26,51704,4,卖盘
2471,13:09:21,129.28,38782,3,买盘
2472,13:09:27,129.28,103421,8,买盘
2473,13:09:30,129.28,198186,15,买盘
2474,13:09:33,129.28,90497,7,卖盘
2475,13:09:36,129.28,12928,1,卖盘
2476,13:09:39,129.29,180994,14,买盘
2477,13:09:42,129.29,206871,16,中性盘
2478,13:09:45,129.28,306017,24,卖盘
2479,13:09:48,129.29,379177,29,买盘
2480,13:09:51,129.28,409479,32,卖盘
2481,13:09:54,129.28,258560,20,买盘
2482,13:09:57,129.27,12927,1,买盘
2483,13:10:00,129.28,64636,5,买盘
2484,13:10:03,129.28,103417,8,买盘
2485,13:10:06,129.27,180981,14,卖盘
2486,13:10:09,129.28,38784,3,买盘
2487,13:10:12,129.27,439523,34,卖盘
2488,13:10:15,129.27,38781,3,买盘
2489,13:10:18,129.27,64635,5,买盘
2490,13:10:21,129.27,206832,16,买盘
2491,13:10:24,129.27,51709,4,卖盘
2492,13:10:27,129.27,439550,34,卖盘
2493,13:10:30,129.27,168058,13,卖盘
2494,13:10:33,129.28,249883,19,买盘
2495,13:10:36,129.27,77567,6,卖盘
2496,13:10:39,129.28,142209,11,卖盘
2497,13:10:42,129.27,25854,2,卖盘
2498,13:10:45,129.28,51712,4,买盘
2499,13:10:48,129.26,672221,52,卖盘
2500,13:10:51,129.27,129268,10,买盘
2501,13:10:54,129.27,90487,7,买盘
2502,13:10:57,129.27,25854,2,买盘
2503,13:11:00,129.27,129264,10,买盘
2504,13:11:03,129.27,168051,13,买盘
2505,13:11:06,129.27,400711,31,买盘
2506,13:11:09,129.27,51705,4,买盘
2507,13:11:15,129.25,25851,2,卖盘
2508,13:11:18,129.26,142180,11,买盘
2509,13:11:21,129.24,2571932,199,卖盘
2510,13:11:24,129.25,142175,11,买盘
2511,13:11:27,129.24,38773,3,卖盘
2512,13:11:30,129.24,51697,4,卖盘
2513,13:11:33,129.24,284330,22,卖盘
2514,13:11:36,129.24,51697,4,卖盘
2515,13:11:39,129.24,25848,2,卖盘
2516,13:11:42,129.24,245561,19,卖盘
2517,13:11:45,129.23,1318144,102,卖盘
2518,13:11:48,129.23,478131,37,买盘
2519,13:11:51,129.22,1175916,91,卖盘
2520,13:11:54,129.22,180918,14,卖盘
2521,13:11:57,129.22,51687,4,买盘
2522,13:12:00,129.21,38765,3,卖盘
2523,13:12:03,129.22,38765,3,买盘
2524,13:12:06,129.21,271342,21,卖盘
2525,13:12:09,129.22,568526,44,买盘
2526,13:12:12,129.24,1369790,106,买盘
2527,13:12:15,129.22,51688,4,卖盘
2528,13:12:18,129.22,297207,23,卖盘
2529,13:12:21,129.23,51692,4,买盘
2530,13:12:24,129.22,38767,3,卖盘
2531,13:12:27,129.23,12923,1,买盘
2532,13:12:30,129.23,103378,8,买盘
2533,13:12:33,129.22,12922,1,卖盘
2534,13:12:36,129.23,129228,10,买盘
2535,13:12:39,129.23,232612,18,买盘
2536,13:12:42,129.23,219689,17,买盘
2537,13:12:45,129.23,633263,49,买盘
2538,13:12:48,129.22,77534,6,卖盘
2539,13:12:51,129.23,310133,24,买盘
2540,13:12:54,129.23,51692,4,卖盘
2541,13:12:57,129.23,25846,2,卖盘
2542,13:13:00,129.23,12923,1,卖盘
2543,13:13:03,129.24,219694,17,买盘
2544,13:13:06,129.24,51696,4,买盘
2545,13:13:09,129.22,25844,2,卖盘
2546,13:13:12,129.24,155088,12,买盘
2547,13:13:15,129.24,452274,35,买盘
2548,13:13:18,129.22,232601,18,卖盘
2549,13:13:21,129.24,129240,10,买盘
2550,13:13:27,129.23,323056,25,卖盘
2551,13:13:30,129.22,38767,3,卖盘
2552,13:13:33,129.22,206753,16,卖盘
2553,13:13:36,129.23,310150,24,买盘
2554,13:13:39,129.23,25845,2,买盘
2555,13:13:42,129.22,155068,12,卖盘
2556,13:13:45,129.22,284290,22,卖盘
2557,13:13:48,129.23,64615,5,中性盘
2558,13:13:51,129.23,129232,10,卖盘
2559,13:13:54,129.23,77537,6,买盘
2560,13:13:57,129.22,142143,11,卖盘
2561,13:14:00,129.23,155076,12,买盘
2562,13:14:03,129.22,64611,5,卖盘
2563,13:14:06,129.22,167988,13,卖盘
2564,13:14:09,129.22,516890,40,卖盘
2565,13:14:12,129.22,1137137,88,卖盘
2566,13:14:15,129.22,206755,16,卖盘
2567,13:14:18,129.22,51690,4,卖盘
2568,13:14:21,129.22,284293,22,卖盘
2569,13:14:24,129.22,529832,41,卖盘
2570,13:14:27,129.22,103378,8,卖盘
2571,13:14:30,129.22,90454,7,卖盘
2572,13:14:33,129.22,180908,14,买盘
2573,13:14:36,129.22,51688,4,卖盘
2574,13:14:39,129.22,129220,10,卖盘
2575,13:14:42,129.22,116298,9,买盘
2576,13:14:45,129.22,284281,22,买盘
2577,13:14:48,129.22,155057,12,买盘
2578,13:14:51,129.22,142137,11,买盘
2579,13:14:54,129.22,25844,2,卖盘
2580,13:14:57,129.22,12922,1,卖盘
2581,13:15:00,129.21,607326,47,卖盘
2582,13:15:03,129.21,77530,6,卖盘
2583,13:15:06,129.22,103375,8,买盘
2584,13:15:09,129.22,155064,12,买盘
2585,13:15:12,129.21,581447,45,卖盘
2586,13:15:15,129.22,77532,6,中性盘
2587,13:15:18,129.22,51689,4,卖盘
2588,13:15:21,129.22,51688,4,卖盘
2589,13:15:24,129.22,155064,12,卖盘
2590,13:15:27,129.22,142142,11,卖盘
2591,13:15:30,129.22,103375,8,买盘
2592,13:15:33,129.22,77532,6,买盘
2593,13:15:36,129.22,38766,3,卖盘
2594,13:15:39,129.22,64610,5,买盘
2595,13:15:42,129.22,38765,3,买盘
2596,13:15:45,129.22,25844,2,买盘
2597,13:15:48,129.22,271356,21,买盘
2598,13:15:51,129.22,310105,24,买盘
2599,13:15:54,129.22,142139,11,买盘
2600,13:15:57,129.22,116298,9,买盘
2601,13:16:00,129.22,64608,5,买盘
2602,13:16:03,129.22,51686,4,买盘
2603,13:16:06,129.22,25844,2,买盘
2604,13:16:09,129.22,142140,11,买盘
2605,13:16:12,129.22,116293,9,买盘
2606,13:16:15,129.21,129210,10,卖盘
2607,13:16:18,129.22,155057,12,买盘
2608,13:16:21,129.21,374716,29,卖盘
2609,13:16:24,129.22,12922,1,买盘
2610,13:16:27,129.22,90453,7,买盘
2611,13:16:30,129.21,335947,26,卖盘
2612,13:16:33,129.21,206747,16,卖盘
2613,13:16:36,129.22,116293,9,买盘
2614,13:16:39,129.22,568536,44,买盘
2615,13:16:42,129.21,1421312,110,卖盘
2616,13:16:45,129.21,77526,6,卖盘
2617,13:16:48,129.21,335963,26,卖盘
2618,13:16:51,129.21,103373,8,卖盘
2619,13:16:54,129.21,167974,13,卖盘
2620,13:16:57,129.21,167973,13,卖盘
2621,13:17:00,129.21,323035,25,卖盘
2622,13:17:03,129.21,142129,11,卖盘
2623,13:17:06,129.21,25843,2,卖盘
2624,13:17:09,129.21,12921,1,卖盘
2625,13:17:12,129.22,90448,7,买盘
2626,13:17:15,129.22,142142,11,买盘
2627,13:17:18,129.23,129223,10,买盘
2628,13:17:21,129.22,25844,2,卖盘
2629,13:17:24,129.23,64615,5,买盘
2630,13:17:27,129.23,77538,6,买盘
2631,13:17:30,129.24,12924,1,买盘
2632,13:17:33,129.24,25848,2,买盘
2633,13:17:36,129.22,271376,21,卖盘
2634,13:17:39,129.23,245520,19,中性盘
2635,13:17:42,129.23,77538,6,买盘
2636,13:17:45,129.23,64615,5,买盘
2637,13:17:48,129.23,193851,15,买盘
2638,13:17:51,129.24,12924,1,买盘
2639,13:17:54,129.23,219695,17,卖盘
2640,13:17:57,129.24,180926,14,买盘
2641,13:18:00,129.23,180925,14,卖盘
2642,13:18:03,129.23,64615,5,卖盘
2643,13:18:06,129.22,762402,59,卖盘
2644,13:18:09,129.23,77538,6,买盘
2645,13:18:12,129.23,142150,11,买盘
2646,13:18:15,129.22,1020866,79,卖盘
2647,13:18:18,129.22,103383,8,卖盘
2648,13:18:21,129.23,51692,4,中性盘
2649,13:18:24,129.23,12923,1,卖盘
2650,13:18:27,129.24,116308,9,买盘
2651,13:18:30,129.24,297241,23,买盘
2652,13:18:33,129.24,77544,6,买盘
2653,13:18:36,129.24,90464,7,买盘
2654,13:18:39,129.24,12924,1,买盘
2655,13:18:42,129.24,193858,15,买盘
2656,13:18:45,129.24,180936,14,买盘
2657,13:18:48,129.24,142157,11,买盘
2658,13:18:51,129.24,180933,14,买盘
2659,13:18:54,129.23,77537,6,中性盘
2660,13:18:57,129.23,64615,5,买盘
2661,13:19:00,129.22,387668,30,卖盘
2662,13:19:03,129.23,465223,36,买盘
2663,13:19:09,129.23,335998,26,买盘
2664,13:19:12,129.23,38770,3,卖盘
2665,13:19:15,129.23,129230,10,卖盘
2666,13:19:18,129.23,51693,4,卖盘
2667,13:19:21,129.24,529883,41,买盘
2668,13:19:24,129.24,323080,25,中性盘
2669,13:19:27,129.25,77545,6,买盘
2670,13:19:30,129.23,659134,51,卖盘
2671,13:19:33,129.24,25849,2,中性盘
2672,13:19:36,129.25,116311,9,买盘
2673,13:19:39,129.23,142153,11,卖盘
2674,13:19:42,129.25,38773,3,买盘
2675,13:19:45,129.23,2752297,213,卖盘
2676,13:19:48,129.25,516968,40,买盘
2677,13:19:51,129.24,77546,6,卖盘
2678,13:19:54,129.24,206792,16,卖盘
2679,13:20:00,129.23,90465,7,卖盘
2680,13:20:03,129.23,284306,22,卖盘
2681,13:20:06,129.21,25842,2,卖盘
2682,13:20:09,129.22,626492,48,买盘
2683,13:20:15,129.22,51688,4,卖盘
2684,13:20:18,129.22,12922,1,买盘
2685,13:20:21,129.22,25844,2,买盘
2686,13:20:24,129.21,38765,3,卖盘
2687,13:20:27,129.22,245504,19,买盘
2688,13:20:30,129.22,361790,28,买盘
2689,13:20:33,129.22,271362,21,买盘
2690,13:20:36,129.21,64609,5,卖盘
2691,13:20:39,129.21,103371,8,卖盘
2692,13:20:42,129.22,51688,4,买盘
2693,13:20:45,129.21,90449,7,卖盘
2694,13:20:48,129.22,38766,3,买盘
2695,13:20:51,129.22,646038,50,买盘
2696,13:20:54,129.22,245509,19,买盘
2697,13:20:57,129.21,64608,5,中性盘
2698,13:21:00,129.22,25844,2,买盘
2699,13:21:03,129.2,155051,12,卖盘
2700,13:21:06,129.21,155052,12,中性盘
2701,13:21:09,129.21,142149,11,卖盘
2702,13:21:12,129.21,90441,7,买盘
2703,13:21:15,129.21,38761,3,买盘
2704,13:21:18,129.24,465177,36,买盘
2705,13:21:21,129.24,77544,6,卖盘
2706,13:21:24,129.21,142144,11,卖盘
2707,13:21:27,129.23,25846,2,中性盘
2708,13:21:30,129.21,77528,6,卖盘
2709,13:21:36,129.21,129216,10,卖盘
2710,13:21:39,129.24,12924,1,买盘
2711,13:21:42,129.23,180900,14,买盘
2712,13:21:45,129.21,206750,16,卖盘
2713,13:21:51,129.21,77529,6,卖盘
2714,13:21:54,129.23,51692,4,买盘
2715,13:21:57,129.21,77527,6,卖盘
2716,13:22:00,129.23,193845,15,买盘
2717,13:22:06,129.23,103377,8,买盘
2718,13:22:09,129.23,25846,2,卖盘
2719,13:22:12,129.23,38769,3,卖盘
2720,13:22:15,129.24,38772,3,买盘
2721,13:22:21,129.24,38772,3,买盘
2722,13:22:24,129.23,180922,14,卖盘
2723,13:22:30,129.22,51689,4,卖盘
2724,13:22:33,129.23,258446,20,买盘
2725,13:22:39,129.21,335957,26,卖盘
2726,13:22:42,129.21,180905,14,卖盘
2727,13:22:45,129.22,51688,4,买盘
2728,13:22:48,129.22,12922,1,卖盘
2729,13:22:51,129.21,51685,4,卖盘
2730,13:22:54,129.22,25844,2,卖盘
2731,13:23:00,129.21,90447,7,卖盘
2732,13:23:03,129.22,284272,22,买盘
2733,13:23:06,129.22,12922,1,买盘
2734,13:23:09,129.22,155064,12,买盘
2735,13:23:12,129.22,51686,4,买盘
2736,13:23:15,129.21,167973,13,卖盘
2737,13:23:18,129.22,25844,2,买盘
2738,13:23:21,129.22,25844,2,买盘
2739,13:23:24,129.22,77528,6,中性盘
2740,13:23:30,129.22,12922,1,买盘
2741,13:23:33,129.21,426394,33,卖盘
2742,13:23:36,129.22,12922,1,买盘
2743,13:23:39,129.22,103369,8,买盘
2744,13:23:42,129.21,594369,46,卖盘
2745,13:23:45,129.21,12921,1,卖盘
2746,13:23:51,129.22,361809,28,买盘
2747,13:23:54,129.22,64609,5,买盘
2748,13:23:57,129.21,51685,4,卖盘
2749,13:24:00,129.21,206747,16,卖盘
2750,13:24:03,129.21,129210,10,卖盘
2751,13:24:06,129.24,38772,3,买盘
2752,13:24:09,129.22,25844,2,卖盘
2753,13:24:12,129.21,129211,10,卖盘
2754,13:24:15,129.22,38766,3,买盘
2755,13:24:18,129.21,167985,13,卖盘
2756,13:24:21,129.21,245512,19,卖盘
2757,13:24:24,129.21,51685,4,卖盘
2758,13:24:30,129.22,116300,9,卖盘
2759,13:24:33,129.23,12923,1,买盘
2760,13:24:36,129.22,12922,1,卖盘
2761,13:24:39,129.22,90457,7,卖盘
2762,13:24:45,129.24,142162,11,买盘
2763,13:24:48,129.23,38769,3,卖盘
2764,13:24:51,129.23,284294,22,卖盘
2765,13:24:54,129.23,12923,1,买盘
2766,13:24:57,129.23,12923,1,买盘
2767,13:25:03,129.22,516883,40,卖盘
2768,13:25:06,129.22,180920,14,卖盘
2769,13:25:09,129.22,206755,16,卖盘
2770,13:25:12,129.23,116300,9,买盘
2771,13:25:15,129.23,155074,12,买盘
2772,13:25:18,129.23,155074,12,买盘
2773,13:25:21,129.22,38766,3,卖盘
2774,13:25:24,129.22,193842,15,卖盘
2775,13:25:27,129.22,478137,37,卖盘
2776,13:25:30,129.22,25844,2,卖盘
2777,13:25:33,129.23,180921,14,买盘
2778,13:25:36,129.23,142152,11,买盘
2779,13:25:39,129.24,38771,3,买盘
2780,13:25:42,129.24,297232,23,买盘
2781,13:25:45,129.23,245537,19,卖盘
2782,13:25:48,129.23,38768,3,买盘
2783,13:25:51,129.23,51689,4,买盘
2784,13:25:54,129.22,155069,12,卖盘
2785,13:25:57,129.21,1007917,78,卖盘
2786,13:26:00,129.22,12922,1,买盘
2787,13:26:06,129.22,646111,50,买盘
2788,13:26:09,129.22,193817,15,买盘
2789,13:26:12,129.22,271362,21,中性盘
2790,13:26:15,129.22,51688,4,买盘
2791,13:26:18,129.21,826950,64,卖盘
2792,13:26:21,129.21,129214,10,卖盘
2793,13:26:24,129.23,25846,2,买盘
2794,13:26:27,129.22,12922,1,卖盘
2795,13:26:30,129.22,142145,11,卖盘
2796,13:26:33,129.22,232596,18,买盘
2797,13:26:36,129.22,167991,13,买盘
2798,13:26:39,129.22,12922,1,卖盘
2799,13:26:42,129.22,1951080,151,卖盘
2800,13:26:45,129.23,25845,2,买盘
2801,13:26:48,129.22,12922,1,卖盘
2802,13:26:51,129.22,206749,16,卖盘
2803,13:26:54,129.22,25843,2,买盘
2804,13:26:57,129.22,25844,2,买盘
2805,13:27:00,129.2,1369591,106,卖盘
2806,13:27:03,129.22,12922,1,买盘
2807,13:27:06,129.21,51685,4,中性盘
2808,13:27:09,129.21,38765,3,卖盘
2809,13:27:12,129.21,25842,2,卖盘
2810,13:27:15,129.21,193815,15,卖盘
2811,13:27:18,129.21,284252,22,卖盘
2812,13:27:21,129.21,103368,8,买盘
2813,13:27:24,129.21,38763,3,中性盘
2814,13:27:27,129.22,323011,25,买盘
2815,13:27:30,129.21,813986,63,卖盘
2816,13:27:33,129.21,129210,10,买盘
2817,13:27:36,129.21,193813,15,买盘
2818,13:27:39,129.21,12921,1,买盘
2819,13:27:42,129.21,116288,9,买盘
2820,13:27:45,129.21,38764,3,卖盘
2821,13:27:48,129.22,25844,2,买盘
2822,13:27:51,129.22,167979,13,买盘
2823,13:27:54,129.22,38766,3,买盘
2824,13:28:00,129.22,38764,3,买盘
2825,13:28:03,129.22,12922,1,买盘
2826,13:28:06,129.22,64609,5,买盘
2827,13:28:09,129.22,51685,4,买盘
2828,13:28:12,129.22,258440,20,买盘
2829,13:28:15,129.22,167987,13,卖盘
2830,13:28:18,129.23,51692,4,买盘
2831,13:28:21,129.22,142142,11,卖盘
2832,13:28:24,129.23,64611,5,买盘
2833,13:28:27,129.22,77532,6,卖盘
2834,13:28:30,129.23,77535,6,买盘
2835,13:28:33,129.22,38768,3,卖盘
2836,13:28:36,129.22,103380,8,卖盘
2837,13:28:39,129.22,51688,4,卖盘
2838,13:28:42,129.22,245525,19,卖盘
2839,13:28:45,129.22,12922,1,卖盘
2840,13:28:48,129.23,51690,4,买盘
2841,13:28:51,129.23,103382,8,买盘
2842,13:28:54,129.24,374769,29,买盘
2843,13:29:00,129.24,38770,3,买盘
2844,13:29:03,129.23,297238,23,卖盘
2845,13:29:06,129.24,155084,12,买盘
2846,13:29:09,129.24,12924,1,卖盘
2847,13:29:12,129.24,38774,3,卖盘
2848,13:29:15,129.25,12925,1,买盘
2849,13:29:18,129.25,51700,4,买盘
2850,13:29:21,129.25,25849,2,买盘
2851,13:29:24,129.25,90475,7,买盘
2852,13:29:27,129.25,310200,24,买盘
2853,13:29:30,129.25,168025,13,买盘
2854,13:29:33,129.25,38775,3,买盘
2855,13:29:36,129.25,219726,17,买盘
2856,13:29:45,129.26,25852,2,买盘
2857,13:29:48,129.26,51704,4,买盘
2858,13:29:51,129.26,116332,9,买盘
2859,13:29:54,129.26,336074,26,买盘
2860,13:29:57,129.26,271446,21,买盘
2861,13:30:00,129.26,504114,39,卖盘
2862,13:30:06,129.26,633465,49,卖盘
2863,13:30:09,129.27,25854,2,中性盘
2864,13:30:12,129.28,38783,3,买盘
2865,13:30:15,129.28,51709,4,买盘
2866,13:30:18,129.28,77568,6,买盘
2867,13:30:21,129.28,775675,60,买盘
2868,13:30:24,129.28,77568,6,买盘
2869,13:30:27,129.28,168060,13,买盘
2870,13:30:30,129.28,12928,1,卖盘
2871,13:30:33,129.28,219785,17,卖盘
2872,13:30:36,129.28,620545,48,卖盘
2873,13:30:39,129.29,193922,15,买盘
2874,13:30:42,129.29,64645,5,买盘
2875,13:30:45,129.28,245648,19,卖盘
2876,13:30:48,129.28,77573,6,卖盘
2877,13:30:51,129.28,64641,5,卖盘
2878,13:30:54,129.28,64640,5,卖盘
2879,13:30:57,129.28,142212,11,卖盘
2880,13:31:00,129.28,465412,36,卖盘
2881,13:31:03,129.29,310294,24,买盘
2882,13:31:06,129.29,193933,15,买盘
2883,13:31:09,129.28,349073,27,卖盘
2884,13:31:12,129.28,51713,4,卖盘
2885,13:31:15,129.28,103424,8,卖盘
2886,13:31:18,129.28,206850,16,卖盘
2887,13:31:21,129.28,866183,67,卖盘
2888,13:31:24,129.28,38784,3,卖盘
2889,13:31:27,129.27,142206,11,卖盘
2890,13:31:30,129.28,12928,1,中性盘
2891,13:31:33,129.28,90496,7,卖盘
2892,13:31:36,129.29,64643,5,买盘
2893,13:31:39,129.28,245633,19,卖盘
2894,13:31:42,129.29,38785,3,买盘
2895,13:31:45,129.28,1422188,110,卖盘
2896,13:31:48,129.28,103424,8,卖盘
2897,13:31:51,129.28,77570,6,卖盘
2898,13:31:54,129.28,64641,5,卖盘
2899,13:31:57,129.28,12928,1,卖盘
2900,13:32:00,129.28,38784,3,卖盘
2901,13:32:03,129.29,77574,6,买盘
2902,13:32:06,129.29,478348,37,买盘
2903,13:32:09,129.28,51712,4,卖盘
2904,13:32:12,129.28,711090,55,卖盘
2905,13:32:15,129.28,38784,3,卖盘
2906,13:32:18,129.28,51712,4,卖盘
2907,13:32:21,129.29,90498,7,买盘
2908,13:32:24,129.29,38785,3,买盘
2909,13:32:27,129.29,38787,3,买盘
2910,13:32:30,129.28,38784,3,卖盘
2911,13:32:33,129.29,517156,40,买盘
2912,13:32:36,129.28,64641,5,卖盘
2913,13:32:39,129.29,51714,4,买盘
2914,13:32:42,129.28,349075,27,卖盘
2915,13:32:45,129.29,90498,7,买盘
2916,13:32:48,129.29,206862,16,买盘
2917,13:32:51,129.29,258577,20,买盘
2918,13:32:54,129.29,38787,3,买盘
2919,13:32:57,129.29,336149,26,买盘
2920,13:33:00,129.28,64644,5,卖盘
2921,13:33:03,129.29,25858,2,卖盘
2922,13:33:06,129.29,90509,7,卖盘
2923,13:33:09,129.29,77574,6,卖盘
2924,13:33:12,129.29,155148,12,买盘
2925,13:33:18,129.28,38785,3,卖盘
2926,13:33:21,129.29,129285,10,买盘
2927,13:33:24,129.28,116358,9,卖盘
2928,13:33:27,129.29,12929,1,买盘
2929,13:33:30,129.29,12929,1,买盘
2930,13:33:33,129.28,38785,3,卖盘
2931,13:33:36,129.29,12929,1,买盘
2932,13:33:39,129.28,25856,2,卖盘
2933,13:33:42,129.29,25858,2,买盘
2934,13:33:45,129.28,129286,10,卖盘
2935,13:33:48,129.28,64640,5,卖盘
2936,13:33:51,129.29,336150,26,买盘
2937,13:33:54,129.28,51713,4,卖盘
2938,13:33:57,129.28,129280,10,卖盘
2939,13:34:00,129.29,51713,4,买盘
2940,13:34:03,129.28,116353,9,卖盘
2941,13:34:06,129.29,206863,16,买盘
2942,13:34:09,129.28,51714,4,卖盘
2943,13:34:12,129.3,77575,6,买盘
2944,13:34:15,129.3,25860,2,买盘
2945,13:34:18,129.3,51720,4,买盘
2946,13:34:21,129.3,129300,10,买盘
2947,13:34:24,129.3,90510,7,买盘
2948,13:34:27,129.29,12929,1,卖盘
2949,13:34:30,129.29,90508,7,卖盘
2950,13:34:33,129.3,116370,9,买盘
2951,13:34:36,129.3,90508,7,买盘
2952,13:34:39,129.3,90508,7,买盘
2953,13:34:42,129.3,245653,19,买盘
2954,13:34:45,129.3,478379,37,买盘
2955,13:34:48,129.3,25860,2,买盘
2956,13:34:51,129.29,51717,4,中性盘
2957,13:34:54,129.28,400825,31,卖盘
2958,13:34:57,129.3,181008,14,买盘
2959,13:35:00,129.3,90506,7,买盘
2960,13:35:03,129.3,38790,3,卖盘
2961,13:35:06,129.31,12931,1,买盘
2962,13:35:09,129.31,25862,2,买盘
2963,13:35:12,129.3,206890,16,卖盘
2964,13:35:15,129.3,51723,4,卖盘
2965,13:35:18,129.32,12932,1,买盘
2966,13:35:21,129.32,168114,13,买盘
2967,13:35:24,129.32,64660,5,买盘
2968,13:35:30,129.33,142263,11,买盘
2969,13:35:33,129.33,206918,16,买盘
2970,13:35:36,129.32,310372,24,卖盘
2971,13:35:39,129.32,77592,6,买盘
2972,13:35:42,129.32,38796,3,买盘
2973,13:35:45,129.31,38793,3,卖盘
2974,13:35:48,129.32,181048,14,买盘
2975,13:35:51,129.32,77592,6,卖盘
2976,13:35:54,129.33,155194,12,买盘
2977,13:35:57,129.33,51732,4,买盘
2978,13:36:00,129.34,25867,2,买盘
2979,13:36:06,129.33,232807,18,卖盘
2980,13:36:09,129.32,672490,52,卖盘
2981,13:36:12,129.32,129318,10,买盘
2982,13:36:15,129.31,375019,29,卖盘
2983,13:36:18,129.31,51726,4,卖盘
2984,13:36:21,129.31,90519,7,中性盘
2985,13:36:24,129.3,103442,8,卖盘
2986,13:36:27,129.31,1538798,119,买盘
2987,13:36:30,129.31,51723,4,买盘
2988,13:36:33,129.3,12930,1,买盘
2989,13:36:36,129.3,413763,32,买盘
2990,13:36:39,129.3,38790,3,卖盘
2991,13:36:42,129.3,452551,35,卖盘
2992,13:36:45,129.3,129300,10,卖盘
2993,13:36:48,129.3,77585,6,卖盘
2994,13:36:51,129.31,284503,22,买盘
2995,13:36:54,129.3,25861,2,卖盘
2996,13:36:57,129.3,64651,5,卖盘
2997,13:37:00,129.31,64655,5,卖盘
2998,13:37:03,129.31,103448,8,卖盘
2999,13:37:06,129.3,142232,11,卖盘
3000,13:37:09,129.3,181021,14,卖盘
3001,13:37:12,129.31,38791,3,买盘
3002,13:37:15,129.3,206880,16,卖盘
3003,13:37:18,129.3,12930,1,买盘
3004,13:37:21,129.3,51718,4,买盘
3005,13:37:24,129.3,38790,3,买盘
3006,13:37:27,129.3,504267,39,买盘
3007,13:37:33,129.31,297411,23,买盘
3008,13:37:39,129.3,219812,17,卖盘
3009,13:37:42,129.3,103441,8,卖盘
3010,13:37:45,129.3,232741,18,卖盘
3011,13:37:48,129.3,38790,3,卖盘
3012,13:37:51,129.3,142230,11,卖盘
3013,13:37:54,129.29,866307,67,卖盘
3014,13:37:57,129.31,362055,28,买盘
3015,13:38:00,129.29,25859,2,卖盘
3016,13:38:03,129.3,51718,4,买盘
3017,13:38:06,129.3,77576,6,买盘
3018,13:38:09,129.3,271529,21,买盘
3019,13:38:15,129.31,25862,2,买盘
3020,13:38:21,129.31,51721,4,买盘
3021,13:38:24,129.3,38790,3,卖盘
3022,13:38:27,129.31,103444,8,买盘
3023,13:38:30,129.3,12930,1,卖盘
3024,13:38:33,129.3,155160,12,卖盘
3025,13:38:36,129.3,323270,25,卖盘
3026,13:38:39,129.3,155164,12,卖盘
3027,13:38:42,129.3,142230,11,卖盘
3028,13:38:45,129.3,25861,2,卖盘
3029,13:38:48,129.3,491361,38,卖盘
3030,13:38:51,129.3,129302,10,卖盘
