,成交时间,成交价格,成交金额,成交量,性质
0,09:25:03,5.03,31498363,62621,卖盘
1,09:30:00,5.03,1020080,2032,买盘
2,09:30:03,5.03,5181017,10320,买盘
3,09:30:06,5.0,3818873,7607,卖盘
4,09:30:09,5.02,3616252,7202,买盘
5,09:30:12,5.02,7850424,15616,买盘
6,09:30:15,5.03,2814861,5606,买盘
7,09:30:18,5.02,4488530,8935,中性盘
8,09:30:21,5.02,2656648,5295,买盘
9,09:30:24,5.01,4789707,9554,卖盘
10,09:30:27,5.02,5574890,11103,买盘
11,09:30:30,5.03,5097796,10157,买盘
12,09:30:33,5.02,3165263,6308,买盘
13,09:30:36,5.02,2883603,5742,卖盘
14,09:30:39,5.03,4449892,8869,买盘
15,09:30:42,5.02,3469930,6909,中性盘
16,09:30:45,5.02,5370676,10693,卖盘
17,09:30:48,5.02,3230524,6436,买盘
18,09:30:51,5.02,3332165,6640,买盘
19,09:30:54,5.02,4667911,9307,买盘
20,09:30:57,5.01,2763450,5516,卖盘
21,09:31:00,5.0,3400122,6790,卖盘
22,09:31:03,5.01,848681,1696,买盘
23,09:31:06,5.01,4196712,8392,买盘
24,09:31:09,5.0,1960367,3918,卖盘
25,09:31:12,5.0,2536729,5068,卖盘
26,09:31:15,5.01,1851791,3702,买盘
27,09:31:18,5.0,6184327,12366,卖盘
28,09:31:21,5.0,5196101,10395,卖盘
29,09:31:24,5.0,1573670,3151,买盘
30,09:31:27,5.0,4298201,8610,买盘
31,09:31:30,4.99,1045418,2093,中性盘
32,09:31:33,4.99,1976541,3957,卖盘
33,09:31:36,5.0,2967412,5943,买盘
34,09:31:39,4.98,2128670,4262,卖盘
35,09:31:42,5.0,8589578,17190,买盘
36,09:31:45,4.99,6252756,12526,买盘
37,09:31:48,5.0,5790397,11586,买盘
38,09:31:51,5.0,16425984,32803,卖盘
39,09:31:54,5.0,2323365,4644,卖盘
40,09:31:57,5.02,14964900,29826,买盘
41,09:32:00,5.02,7417443,14756,卖盘
42,09:32:03,5.03,15891543,31592,买盘
43,09:32:06,5.03,9183105,18231,卖盘
44,09:32:09,5.04,5970827,11846,买盘
45,09:32:12,5.04,2927064,5803,卖盘
46,09:32:15,5.04,3811535,7562,卖盘
47,09:32:18,5.04,4843260,9612,买盘
48,09:32:21,5.04,3098331,6146,买盘
49,09:32:24,5.04,4221648,8391,买盘
50,09:32:27,5.03,2608317,5182,中性盘
51,09:32:30,5.03,2346133,4661,买盘
52,09:32:33,5.02,2878688,5724,卖盘
53,09:32:36,5.02,1916907,3815,卖盘
54,09:32:39,5.02,1852923,3687,卖盘
55,09:32:42,5.02,968822,1928,卖盘
56,09:32:45,5.02,2025804,4033,卖盘
57,09:32:48,5.02,4039645,8047,卖盘
58,09:32:51,5.02,4044456,8046,买盘
59,09:32:54,5.02,1268609,2527,买盘
60,09:32:57,5.01,972337,1937,卖盘
61,09:33:00,5.02,4061613,8091,买盘
62,09:33:03,5.02,1738836,3463,卖盘
63,09:33:06,5.02,2835327,5645,卖盘
64,09:33:09,5.02,2234468,4447,卖盘
65,09:33:12,5.02,1235974,2462,卖盘
66,09:33:15,5.02,675367,1346,买盘
67,09:33:18,5.01,1851103,3692,卖盘
68,09:33:21,5.01,1451693,2894,卖盘
69,09:33:24,5.01,3630973,7247,卖盘
70,09:33:27,5.01,1910221,3819,买盘
71,09:33:30,5.0,1161852,2323,卖盘
72,09:33:33,5.0,5380018,10760,卖盘
73,09:33:36,5.0,2264988,4534,买盘
74,09:33:39,5.0,2600446,5209,买盘
75,09:33:42,4.99,1239845,2484,卖盘
76,09:33:45,4.99,1799742,3604,卖盘
77,09:33:48,4.98,3260362,6535,卖盘
78,09:33:51,4.98,922465,1850,卖盘
79,09:33:54,4.98,1329320,2668,卖盘
80,09:33:57,4.99,2232342,4479,买盘
81,09:34:00,4.98,1757175,3526,卖盘
82,09:34:03,4.98,757007,1519,卖盘
83,09:34:06,4.98,621087,1246,卖盘
84,09:34:09,4.98,901766,1810,卖盘
85,09:34:12,4.98,1408126,2826,卖盘
86,09:34:15,4.98,1382506,2776,卖盘
87,09:34:18,4.98,1623377,3258,卖盘
88,09:34:21,4.98,2216833,4449,卖盘
89,09:34:24,4.99,460314,924,买盘
90,09:34:27,4.98,1096479,2200,卖盘
91,09:34:30,4.98,1249495,2507,卖盘
92,09:34:33,4.98,568593,1141,卖盘
93,09:34:36,4.98,2392629,4803,卖盘
94,09:34:39,4.98,859681,1725,卖盘
95,09:34:42,4.99,1752291,3516,买盘
96,09:34:45,4.98,1455556,2922,卖盘
97,09:34:48,4.98,1391097,2790,卖盘
98,09:34:51,4.99,1347065,2702,买盘
99,09:34:54,4.98,2121900,4255,卖盘
100,09:34:57,4.98,435977,875,卖盘
101,09:35:00,4.98,2237886,4491,卖盘
102,09:35:03,4.99,1520870,3053,买盘
103,09:35:06,4.98,7662033,15385,卖盘
104,09:35:09,4.98,3624776,7278,卖盘
105,09:35:12,4.98,1110416,2231,买盘
106,09:35:15,4.98,2789095,5604,买盘
107,09:35:18,4.98,1501294,3016,买盘
108,09:35:21,4.97,1709489,3435,卖盘
109,09:35:24,4.97,1012861,2036,卖盘
110,09:35:27,4.98,1228634,2471,买盘
111,09:35:30,4.97,748330,1504,卖盘
112,09:35:33,4.97,814614,1638,卖盘
113,09:35:36,4.98,3676987,7385,买盘
114,09:35:39,4.99,563800,1132,买盘
115,09:35:42,4.98,753504,1513,卖盘
116,09:35:45,4.98,1106659,2222,卖盘
117,09:35:48,4.98,1163977,2340,卖盘
118,09:35:51,4.98,1333622,2678,买盘
119,09:35:54,4.98,811006,1629,买盘
120,09:35:57,4.97,882748,1774,卖盘
121,09:36:00,4.97,616705,1239,卖盘
122,09:36:03,4.98,815433,1638,买盘
123,09:36:06,4.98,998200,2007,买盘
124,09:36:09,4.98,504966,1015,买盘
125,09:36:12,4.98,3692046,7415,买盘
126,09:36:15,4.98,1789836,3596,买盘
127,09:36:18,4.98,906644,1821,买盘
128,09:36:21,4.98,1113909,2238,卖盘
129,09:36:24,4.98,1765801,3547,卖盘
130,09:36:27,4.98,1568780,3148,卖盘
131,09:36:30,4.99,552341,1108,买盘
132,09:36:33,4.99,755416,1516,买盘
133,09:36:36,4.99,419434,841,买盘
134,09:36:39,4.98,1215253,2438,卖盘
135,09:36:42,4.99,228281,458,买盘
136,09:36:45,4.99,943694,1892,买盘
137,09:36:48,4.98,469536,942,卖盘
138,09:36:51,4.98,363410,729,卖盘
139,09:36:54,4.99,478969,961,买盘
140,09:36:57,4.98,417329,837,卖盘
141,09:37:00,4.99,513512,1030,买盘
142,09:37:03,4.99,1030352,2068,买盘
143,09:37:06,4.98,1112852,2233,卖盘
144,09:37:09,4.98,477657,958,卖盘
145,09:37:12,4.99,6226017,12501,买盘
146,09:37:15,4.99,3350209,6725,买盘
147,09:37:18,4.99,745442,1495,买盘
148,09:37:21,4.98,522934,1049,卖盘
149,09:37:24,4.99,326609,655,买盘
150,09:37:27,4.98,1232342,2474,卖盘
151,09:37:30,4.98,720098,1445,卖盘
152,09:37:33,4.98,1335036,2680,卖盘
153,09:37:36,4.99,224891,451,买盘
154,09:37:39,4.98,555300,1115,卖盘
155,09:37:42,4.98,1897023,3809,卖盘
156,09:37:45,4.99,553528,1110,买盘
157,09:37:48,4.98,438655,880,卖盘
158,09:37:51,4.99,423186,849,买盘
159,09:37:54,4.98,536363,1076,卖盘
160,09:37:57,4.99,369421,741,买盘
161,09:38:00,4.99,691335,1387,买盘
162,09:38:03,4.99,687915,1379,买盘
163,09:38:06,4.99,326719,655,买盘
164,09:38:09,4.99,240437,482,买盘
165,09:38:12,4.99,1116771,2240,买盘
166,09:38:15,4.99,1102955,2214,买盘
167,09:38:18,4.99,610875,1225,买盘
168,09:38:21,4.98,1665149,3343,卖盘
169,09:38:24,4.99,1199209,2404,买盘
170,09:38:27,4.99,334127,670,买盘
171,09:38:30,4.99,1201672,2409,买盘
172,09:38:33,4.99,657547,1320,买盘
173,09:38:36,4.99,2081383,4172,买盘
174,09:38:39,4.99,1390785,2789,买盘
175,09:38:42,4.99,3990878,8000,买盘
176,09:38:45,4.99,696721,1396,买盘
177,09:38:48,4.99,432301,866,卖盘
178,09:38:51,4.99,1250904,2503,卖盘
179,09:38:54,4.99,604487,1211,卖盘
180,09:38:57,5.0,452300,906,买盘
181,09:39:00,4.99,438408,878,卖盘
182,09:39:03,5.0,4390286,8798,买盘
183,09:39:06,4.99,1966728,3941,卖盘
184,09:39:09,4.99,1731874,3474,买盘
185,09:39:12,4.99,734388,1472,买盘
186,09:39:15,4.99,1122973,2251,买盘
187,09:39:18,4.99,673309,1350,买盘
188,09:39:21,4.99,996808,1999,买盘
189,09:39:24,4.99,765252,1534,买盘
190,09:39:27,4.99,1199272,2404,买盘
191,09:39:30,4.98,1169864,2348,卖盘
192,09:39:33,4.98,2059405,4132,卖盘
193,09:39:36,4.99,1488290,2983,买盘
194,09:39:39,4.98,537253,1077,卖盘
195,09:39:42,4.99,716392,1436,买盘
196,09:39:45,4.99,329919,662,买盘
197,09:39:48,4.98,945666,1898,卖盘
198,09:39:51,4.98,662752,1329,卖盘
199,09:39:54,4.98,895192,1796,卖盘
200,09:39:57,4.99,3046187,6113,买盘
201,09:40:00,4.99,692698,1389,买盘
202,09:40:03,4.98,537565,1079,卖盘
203,09:40:06,4.98,374945,752,卖盘
204,09:40:09,4.98,3595640,7219,卖盘
205,09:40:12,4.98,1002304,2011,卖盘
206,09:40:15,4.98,1879030,3767,卖盘
207,09:40:18,4.99,4143076,8316,买盘
208,09:40:21,4.99,1700843,3414,买盘
209,09:40:24,4.99,1459273,2928,买盘
210,09:40:27,4.99,930524,1865,买盘
211,09:40:30,4.99,558716,1120,买盘
212,09:40:33,4.99,363827,730,买盘
213,09:40:36,4.99,783507,1571,买盘
214,09:40:39,4.98,775984,1557,卖盘
215,09:40:42,4.98,1345256,2697,卖盘
216,09:40:45,4.98,659855,1325,卖盘
217,09:40:48,4.98,3452178,6930,卖盘
218,09:40:51,4.98,302897,608,卖盘
219,09:40:54,4.98,4817304,9672,卖盘
220,09:40:57,4.98,1213541,2436,卖盘
221,09:41:00,4.98,585066,1174,卖盘
222,09:41:03,4.99,562311,1129,买盘
223,09:41:06,4.98,1596313,3205,卖盘
224,09:41:09,4.98,576692,1157,卖盘
225,09:41:12,4.98,1522812,3053,卖盘
226,09:41:15,4.98,230140,462,卖盘
227,09:41:18,4.98,2120098,4257,卖盘
228,09:41:21,4.98,852181,1711,卖盘
229,09:41:24,4.98,824903,1656,卖盘
230,09:41:27,4.98,1479365,2971,卖盘
231,09:41:30,4.98,670846,1347,卖盘
232,09:41:33,4.98,495898,997,买盘
233,09:41:36,4.98,318046,639,买盘
234,09:41:39,4.98,208485,419,买盘
235,09:41:42,4.98,2314053,4647,买盘
236,09:41:45,4.98,364953,734,买盘
237,09:41:48,4.98,963990,1939,买盘
238,09:41:51,4.97,433174,871,卖盘
239,09:41:54,4.97,282082,567,卖盘
240,09:41:57,4.97,811668,1632,卖盘
241,09:42:00,4.97,537825,1081,卖盘
242,09:42:03,4.97,516468,1039,卖盘
243,09:42:06,4.97,473221,952,卖盘
244,09:42:09,4.98,1295635,2604,买盘
245,09:42:12,4.97,601955,1211,卖盘
246,09:42:15,4.97,997861,2007,卖盘
247,09:42:18,4.97,1165186,2344,卖盘
248,09:42:21,4.97,162674,327,卖盘
249,09:42:24,4.97,190407,383,卖盘
250,09:42:27,4.98,651161,1310,买盘
251,09:42:30,4.98,864857,1738,买盘
252,09:42:33,4.97,124780,251,卖盘
253,09:42:36,4.97,684111,1376,卖盘
254,09:42:39,4.97,145246,292,卖盘
255,09:42:42,4.97,287941,579,卖盘
256,09:42:45,4.97,364436,733,卖盘
257,09:42:48,4.97,310675,625,卖盘
258,09:42:51,4.97,875219,1761,卖盘
259,09:42:54,4.98,559409,1125,买盘
260,09:42:57,4.97,385693,776,卖盘
261,09:43:00,4.98,958455,1927,买盘
262,09:43:03,4.98,180013,362,买盘
263,09:43:06,4.98,217315,437,买盘
264,09:43:09,4.98,386161,776,买盘
265,09:43:12,4.97,276153,555,卖盘
266,09:43:15,4.97,387393,779,卖盘
267,09:43:18,4.97,688985,1385,卖盘
268,09:43:21,4.97,955372,1922,卖盘
269,09:43:24,4.97,439467,884,卖盘
270,09:43:27,4.98,383052,770,买盘
271,09:43:30,4.97,313823,631,卖盘
272,09:43:33,4.97,1532816,3084,卖盘
273,09:43:36,4.97,1341729,2698,卖盘
274,09:43:39,4.97,567848,1142,卖盘
275,09:43:42,4.97,833009,1676,卖盘
276,09:43:45,4.98,640276,1288,买盘
277,09:43:48,4.98,970861,1953,买盘
278,09:43:51,4.97,288827,581,卖盘
279,09:43:54,4.97,824124,1657,卖盘
280,09:43:57,4.98,553955,1114,买盘
281,09:44:00,4.97,626658,1259,卖盘
282,09:44:03,4.98,266023,535,买盘
283,09:44:06,4.98,177602,357,买盘
284,09:44:09,4.98,1235240,2485,买盘
285,09:44:12,4.97,1678162,3376,卖盘
286,09:44:15,4.98,1893834,3810,买盘
287,09:44:18,4.97,13939415,28052,卖盘
288,09:44:21,4.97,1950059,3927,买盘
289,09:44:24,4.96,251395,506,卖盘
290,09:44:27,4.97,1178275,2372,买盘
291,09:44:30,4.96,621182,1252,卖盘
292,09:44:33,4.97,499879,1007,买盘
293,09:44:36,4.97,1450678,2923,买盘
294,09:44:39,4.97,1488055,2996,买盘
295,09:44:42,4.96,667160,1344,卖盘
296,09:44:45,4.96,650626,1311,卖盘
297,09:44:48,4.96,520959,1050,卖盘
298,09:44:51,4.96,1793392,3615,卖盘
299,09:44:54,4.96,293310,591,卖盘
300,09:44:57,4.96,896780,1808,卖盘
301,09:45:00,4.96,1114141,2246,卖盘
302,09:45:03,4.96,2291088,4619,卖盘
303,09:45:06,4.96,5825625,11745,卖盘
304,09:45:09,4.96,2457243,4954,卖盘
305,09:45:12,4.97,2653685,5350,买盘
306,09:45:15,4.96,1053261,2123,卖盘
307,09:45:18,4.96,2214213,4463,卖盘
308,09:45:21,4.96,1078920,2175,卖盘
309,09:45:24,4.96,937130,1889,卖盘
310,09:45:27,4.96,604684,1219,卖盘
311,09:45:30,4.96,1114708,2247,卖盘
312,09:45:33,4.97,1274604,2569,买盘
313,09:45:36,4.96,2011536,4055,卖盘
314,09:45:39,4.96,2324609,4686,卖盘
315,09:45:42,4.96,1487658,2999,卖盘
316,09:45:45,4.96,1226202,2473,卖盘
317,09:45:48,4.96,665083,1341,买盘
318,09:45:51,4.95,300629,607,卖盘
319,09:45:54,4.95,1098541,2218,卖盘
320,09:45:57,4.96,508141,1026,买盘
321,09:46:00,4.95,888651,1794,卖盘
322,09:46:03,4.96,2138559,4317,买盘
323,09:46:06,4.96,1004958,2029,买盘
324,09:46:09,4.96,1149929,2323,买盘
325,09:46:12,4.95,1252528,2528,卖盘
326,09:46:15,4.95,383034,773,卖盘
327,09:46:18,4.95,4616072,9325,卖盘
328,09:46:21,4.95,1501184,3032,卖盘
329,09:46:24,4.96,1151067,2325,买盘
330,09:46:27,4.95,1270376,2566,卖盘
331,09:46:30,4.95,1200628,2425,卖盘
332,09:46:33,4.96,643158,1299,买盘
333,09:46:36,4.95,717881,1450,卖盘
334,09:46:39,4.96,1229241,2483,买盘
335,09:46:42,4.95,1297518,2621,卖盘
336,09:46:45,4.95,711884,1438,卖盘
337,09:46:48,4.96,1073074,2167,买盘
338,09:46:51,4.95,731713,1478,卖盘
339,09:46:54,4.95,645062,1303,卖盘
340,09:46:57,4.96,407482,823,买盘
341,09:47:00,4.95,2686396,5427,卖盘
342,09:47:03,4.96,1587570,3207,买盘
343,09:47:06,4.95,938582,1896,卖盘
344,09:47:09,4.95,494674,999,卖盘
345,09:47:12,4.95,1139595,2302,卖盘
346,09:47:15,4.95,698079,1410,卖盘
347,09:47:18,4.95,492158,994,卖盘
348,09:47:21,4.95,788682,1593,卖盘
349,09:47:24,4.95,920075,1858,卖盘
350,09:47:27,4.95,1577650,3187,卖盘
351,09:47:30,4.95,871296,1760,卖盘
352,09:47:33,4.95,730091,1474,卖盘
353,09:47:36,4.95,487180,984,卖盘
354,09:47:39,4.95,1335551,2698,卖盘
355,09:47:42,4.95,1704355,3442,卖盘
356,09:47:45,4.96,2392146,4829,买盘
357,09:47:48,4.95,1361308,2749,卖盘
358,09:47:51,4.95,706982,1427,卖盘
359,09:47:54,4.95,1078852,2179,卖盘
360,09:47:57,4.95,872934,1762,卖盘
361,09:48:00,4.96,560931,1133,买盘
362,09:48:03,4.96,873369,1764,买盘
363,09:48:06,4.95,300032,606,卖盘
364,09:48:09,4.95,496428,1002,卖盘
365,09:48:12,4.95,912941,1844,卖盘
366,09:48:15,4.95,725113,1464,卖盘
367,09:48:18,4.96,901839,1821,买盘
368,09:48:21,4.95,1585675,3200,卖盘
369,09:48:24,4.95,654154,1321,卖盘
370,09:48:27,4.95,628393,1269,卖盘
371,09:48:30,4.95,919547,1857,卖盘
372,09:48:33,4.95,508241,1026,卖盘
373,09:48:36,4.95,550478,1112,卖盘
374,09:48:39,4.95,1197932,2420,卖盘
375,09:48:42,4.95,1824687,3686,卖盘
376,09:48:45,4.96,2833125,5723,买盘
377,09:48:48,4.95,900633,1819,卖盘
378,09:48:51,4.96,1947873,3933,买盘
379,09:48:54,4.96,904468,1827,买盘
380,09:48:57,4.96,470487,950,买盘
381,09:49:00,4.96,580427,1172,买盘
382,09:49:03,4.95,556778,1124,卖盘
383,09:49:06,4.95,781792,1579,卖盘
384,09:49:09,4.95,418329,845,卖盘
385,09:49:12,4.96,459430,928,买盘
386,09:49:15,4.95,289619,585,卖盘
387,09:49:18,4.95,269442,544,卖盘
388,09:49:21,4.95,562398,1136,卖盘
389,09:49:24,4.95,593102,1198,卖盘
390,09:49:27,4.95,910916,1840,卖盘
391,09:49:30,4.96,462378,934,买盘
392,09:49:33,4.95,1396846,2820,卖盘
393,09:49:36,4.96,441144,891,买盘
394,09:49:39,4.95,383510,774,卖盘
395,09:49:42,4.95,697081,1406,卖盘
396,09:49:45,4.95,255602,516,卖盘
397,09:49:48,4.96,315967,638,买盘
398,09:49:51,4.95,1213979,2448,卖盘
399,09:49:54,4.95,871848,1761,卖盘
400,09:49:57,4.96,225831,456,买盘
401,09:50:00,4.95,366866,741,卖盘
402,09:50:03,4.95,438821,886,卖盘
403,09:50:06,4.96,696539,1407,买盘
404,09:50:09,4.96,619825,1252,买盘
405,09:50:12,4.96,562366,1135,买盘
406,09:50:15,4.96,333231,673,买盘
407,09:50:18,4.96,283869,573,买盘
408,09:50:21,4.95,256548,518,卖盘
409,09:50:24,4.95,155955,315,卖盘
410,09:50:27,4.96,295365,596,买盘
411,09:50:30,4.95,683359,1380,卖盘
412,09:50:33,4.95,1229601,2484,卖盘
413,09:50:36,4.95,1254192,2532,卖盘
414,09:50:39,4.96,675893,1365,买盘
415,09:50:42,4.95,724853,1464,卖盘
416,09:50:45,4.95,2704267,5463,卖盘
417,09:50:48,4.95,642615,1298,卖盘
418,09:50:51,4.95,2062078,4165,卖盘
419,09:50:54,4.95,728871,1472,卖盘
420,09:50:57,4.96,347049,701,买盘
421,09:51:00,4.95,246079,497,卖盘
422,09:51:03,4.96,422273,853,买盘
423,09:51:06,4.96,501222,1012,买盘
424,09:51:09,4.96,1093535,2208,买盘
425,09:51:12,4.95,505660,1021,卖盘
426,09:51:15,4.95,4085400,8250,卖盘
427,09:51:18,4.95,1475660,2979,卖盘
428,09:51:21,4.95,318847,644,卖盘
429,09:51:24,4.95,1433798,2892,卖盘
430,09:51:27,4.96,967383,1954,买盘
431,09:51:30,4.95,905186,1826,卖盘
432,09:51:33,4.95,975487,1968,卖盘
433,09:51:36,4.95,1392066,2811,卖盘
434,09:51:39,4.96,651169,1315,买盘
435,09:51:42,4.95,489351,988,卖盘
436,09:51:45,4.96,601603,1215,买盘
437,09:51:48,4.96,1852730,3742,买盘
438,09:51:51,4.96,495730,1001,买盘
439,09:51:54,4.96,13221170,26656,买盘
440,09:51:57,4.97,774788,1562,买盘
441,09:52:00,4.97,1432483,2888,买盘
442,09:52:03,4.97,568269,1144,买盘
443,09:52:06,4.97,709456,1428,买盘
444,09:52:09,4.97,536249,1080,买盘
445,09:52:12,4.97,454187,914,买盘
446,09:52:15,4.97,703691,1416,买盘
447,09:52:18,4.97,687626,1384,买盘
448,09:52:21,4.97,1866598,3758,买盘
449,09:52:24,4.97,697716,1404,买盘
450,09:52:27,4.96,2317482,4665,卖盘
451,09:52:30,4.97,1164944,2344,买盘
452,09:52:33,4.97,813527,1637,买盘
453,09:52:36,4.97,560028,1127,买盘
454,09:52:39,4.97,1594765,3209,买盘
455,09:52:42,4.97,526308,1059,买盘
456,09:52:45,4.97,1209658,2436,买盘
457,09:52:48,4.97,2600801,5233,买盘
458,09:52:51,4.97,254069,511,卖盘
459,09:52:54,4.98,180054,362,买盘
460,09:52:57,4.98,257570,518,买盘
461,09:53:00,4.97,495401,995,卖盘
462,09:53:03,4.98,3525255,7079,买盘
463,09:53:06,4.98,726056,1459,买盘
464,09:53:09,4.97,1054222,2118,卖盘
465,09:53:12,4.98,1374203,2760,买盘
466,09:53:15,4.98,802890,1614,买盘
467,09:53:18,4.98,1717904,3451,买盘
468,09:53:21,4.98,682556,1371,买盘
469,09:53:24,4.98,619440,1244,卖盘
470,09:53:27,4.98,212225,426,卖盘
471,09:53:30,4.98,168058,337,卖盘
472,09:53:33,4.99,1414935,2839,买盘
473,09:53:36,4.99,1335209,2679,买盘
474,09:53:39,4.99,134604,270,买盘
475,09:53:42,4.99,246484,494,买盘
476,09:53:45,4.98,1739184,3491,卖盘
477,09:53:48,4.99,388129,778,买盘
478,09:53:51,4.99,866584,1738,买盘
479,09:53:54,4.97,606808,1218,卖盘
480,09:53:57,4.97,278284,558,卖盘
481,09:54:00,4.98,318653,640,中性盘
482,09:54:03,4.97,3064412,6165,卖盘
483,09:54:06,4.98,663214,1334,买盘
484,09:54:09,4.97,908806,1826,卖盘
485,09:54:12,4.98,216127,434,买盘
486,09:54:15,4.98,457086,919,买盘
487,09:54:18,4.98,1792200,3599,买盘
488,09:54:21,4.99,186271,374,买盘
489,09:54:24,4.99,415346,834,买盘
490,09:54:27,4.99,345255,693,买盘
491,09:54:30,4.99,142613,286,买盘
492,09:54:33,4.99,533304,1069,买盘
493,09:54:36,4.99,325532,653,买盘
494,09:54:39,4.99,372685,747,买盘
495,09:54:42,4.99,311855,625,买盘
496,09:54:45,4.99,175555,352,买盘
497,09:54:48,4.99,568784,1141,买盘
498,09:54:51,4.99,298710,599,买盘
499,09:54:54,4.99,514928,1032,买盘
500,09:54:57,4.99,2857340,5737,买盘
501,09:55:00,4.99,1392267,2791,买盘
502,09:55:03,4.99,376207,754,买盘
503,09:55:06,4.98,1036536,2079,卖盘
504,09:55:09,4.99,848096,1700,买盘
505,09:55:12,4.98,634550,1272,卖盘
506,09:55:15,4.99,117747,236,买盘
507,09:55:18,4.99,1704518,3416,买盘
508,09:55:21,4.99,354648,711,买盘
509,09:55:24,4.99,581454,1167,买盘
510,09:55:27,4.99,655970,1315,买盘
511,09:55:30,4.99,751822,1509,买盘
512,09:55:33,4.99,370757,743,买盘
513,09:55:36,4.99,484870,973,买盘
514,09:55:39,4.99,1036145,2077,买盘
515,09:55:42,4.99,273951,549,买盘
516,09:55:45,4.99,374688,751,买盘
517,09:55:48,4.99,1795307,3602,买盘
518,09:55:51,4.99,281781,565,买盘
519,09:55:54,4.99,535912,1074,买盘
520,09:55:57,4.99,263792,529,买盘
521,09:56:00,4.99,229436,460,买盘
522,09:56:03,4.99,697351,1398,买盘
523,09:56:06,4.98,499926,1002,卖盘
524,09:56:09,4.99,548831,1100,买盘
525,09:56:12,4.99,235962,473,买盘
526,09:56:15,4.98,545857,1094,卖盘
527,09:56:18,4.98,190405,382,卖盘
528,09:56:21,4.99,711250,1428,买盘
529,09:56:24,4.99,979456,1964,买盘
530,09:56:27,4.98,1901063,3811,卖盘
531,09:56:30,4.99,298342,598,买盘
532,09:56:33,4.99,1145504,2296,买盘
533,09:56:36,4.98,501961,1006,卖盘
534,09:56:39,4.99,1667817,3345,买盘
535,09:56:42,4.99,102705,206,买盘
536,09:56:45,4.99,401542,805,买盘
537,09:56:48,4.99,2135713,4280,买盘
538,09:56:51,4.99,197604,396,卖盘
539,09:56:54,4.99,393229,788,卖盘
540,09:56:57,4.99,416285,833,卖盘
541,09:57:00,4.99,688622,1380,卖盘
542,09:57:03,4.99,225548,452,买盘
543,09:57:06,4.98,99780,200,卖盘
544,09:57:09,4.99,1462939,2932,买盘
545,09:57:12,4.99,369244,740,买盘
546,09:57:15,4.99,367732,737,买盘
547,09:57:18,4.99,593805,1190,卖盘
548,09:57:21,4.99,737496,1477,卖盘
549,09:57:24,4.99,372133,746,卖盘
550,09:57:27,4.99,179260,359,卖盘
551,09:57:30,4.99,113767,228,买盘
552,09:57:33,4.99,976477,1957,买盘
553,09:57:36,4.98,385078,772,卖盘
554,09:57:39,4.99,190004,381,买盘
555,09:57:42,4.98,239229,480,卖盘
556,09:57:45,4.98,178936,359,卖盘
557,09:57:48,4.99,378192,758,买盘
558,09:57:51,4.99,525623,1055,买盘
559,09:57:54,4.99,267243,536,买盘
560,09:57:57,4.98,679191,1363,卖盘
561,09:58:00,4.99,1573107,3156,买盘
562,09:58:03,4.98,166966,335,卖盘
563,09:58:06,4.98,264781,531,卖盘
564,09:58:09,4.99,171432,344,买盘
565,09:58:12,4.98,125565,252,卖盘
566,09:58:15,4.98,82777,166,卖盘
567,09:58:18,4.99,51831,104,买盘
568,09:58:21,4.99,549470,1103,买盘
569,09:58:24,4.99,72815,146,买盘
570,09:58:27,4.99,97285,195,买盘
571,09:58:30,4.99,193368,388,买盘
572,09:58:33,4.98,83241,167,卖盘
573,09:58:36,4.99,248654,499,买盘
574,09:58:39,4.99,188887,379,买盘
575,09:58:42,4.99,624152,1253,买盘
576,09:58:45,4.99,991117,1990,买盘
577,09:58:48,4.99,363861,730,买盘
578,09:58:51,4.99,1573105,3158,买盘
579,09:58:54,4.98,985126,1978,卖盘
580,09:58:57,4.99,1723829,3461,买盘
581,09:59:00,4.98,3266233,6558,卖盘
582,09:59:03,4.98,2823144,5669,卖盘
583,09:59:06,4.98,131947,265,买盘
584,09:59:09,4.98,245230,493,买盘
585,09:59:12,4.98,214951,432,买盘
586,09:59:15,4.98,770196,1547,买盘
587,09:59:18,4.98,753134,1515,买盘
588,09:59:21,4.98,607016,1220,买盘
589,09:59:24,4.98,384680,773,买盘
590,09:59:27,4.98,853446,1714,买盘
591,09:59:30,4.97,95507,192,卖盘
592,09:59:33,4.98,187666,377,买盘
593,09:59:36,4.98,537388,1081,买盘
594,09:59:39,4.98,706239,1420,买盘
595,09:59:42,4.97,122870,247,卖盘
596,09:59:45,4.97,214721,432,卖盘
597,09:59:48,4.97,413403,831,卖盘
598,09:59:51,4.97,1061628,2136,卖盘
599,09:59:54,4.97,261991,527,卖盘
600,09:59:57,4.98,703406,1413,买盘
601,10:00:00,4.97,345434,695,卖盘
602,10:00:03,4.98,173009,348,买盘
603,10:00:06,4.97,113316,228,卖盘
604,10:00:09,4.98,680440,1367,买盘
605,10:00:12,4.97,200352,403,卖盘
606,10:00:15,4.97,302694,609,卖盘
607,10:00:18,4.97,248313,499,卖盘
608,10:00:21,4.97,252476,508,卖盘
609,10:00:24,4.97,677946,1364,卖盘
610,10:00:27,4.98,422530,850,买盘
611,10:00:30,4.97,185431,373,卖盘
612,10:00:33,4.97,294731,593,卖盘
613,10:00:36,4.97,332021,668,卖盘
614,10:00:39,4.97,140249,282,卖盘
615,10:00:42,4.97,4421809,8897,卖盘
616,10:00:45,4.97,753948,1517,买盘
617,10:00:48,4.97,201621,406,买盘
618,10:00:51,4.97,1143547,2305,买盘
619,10:00:54,4.96,342800,691,卖盘
620,10:00:57,4.97,143907,290,买盘
621,10:01:00,4.96,78433,158,卖盘
622,10:01:03,4.96,1028521,2072,卖盘
623,10:01:06,4.96,592875,1194,卖盘
624,10:01:09,4.97,379216,764,买盘
625,10:01:12,4.97,168232,339,买盘
626,10:01:15,4.96,207523,418,卖盘
627,10:01:18,4.96,241059,486,卖盘
628,10:01:21,4.97,78388,158,买盘
629,10:01:24,4.96,357136,720,卖盘
630,10:01:27,4.96,496870,1000,卖盘
631,10:01:30,4.96,246403,496,卖盘
632,10:01:33,4.96,291152,587,卖盘
633,10:01:36,4.96,194973,393,卖盘
634,10:01:39,4.96,538682,1086,卖盘
635,10:01:42,4.96,778726,1570,卖盘
636,10:01:45,4.96,358455,722,卖盘
637,10:01:48,4.97,232406,468,买盘
638,10:01:51,4.96,289824,584,卖盘
639,10:01:54,4.96,228179,460,卖盘
640,10:01:57,4.96,323493,652,卖盘
641,10:02:00,4.97,629509,1269,买盘
642,10:02:03,4.96,117574,237,卖盘
643,10:02:06,4.97,140094,282,买盘
644,10:02:09,4.96,297320,599,卖盘
645,10:02:12,4.96,169151,341,卖盘
646,10:02:15,4.97,59525,120,买盘
647,10:02:18,4.96,299629,604,卖盘
648,10:02:21,4.96,1108759,2234,卖盘
649,10:02:24,4.96,115087,232,卖盘
650,10:02:27,4.97,113658,229,买盘
651,10:02:30,4.97,298237,601,买盘
652,10:02:33,4.97,281336,567,买盘
653,10:02:36,4.97,146340,295,买盘
654,10:02:39,4.97,229094,461,买盘
655,10:02:42,4.96,71027,143,卖盘
656,10:02:45,4.97,1381436,2785,买盘
657,10:02:48,4.96,250987,506,卖盘
658,10:02:51,4.96,315092,635,卖盘
659,10:02:54,4.96,1615489,3252,卖盘
660,10:02:57,4.96,439656,886,卖盘
661,10:03:00,4.97,96250,194,买盘
662,10:03:03,4.97,286239,576,买盘
663,10:03:06,4.96,86353,174,卖盘
664,10:03:09,4.96,145832,294,卖盘
665,10:03:12,4.96,138102,278,卖盘
666,10:03:15,4.96,110666,223,卖盘
667,10:03:18,4.96,327391,659,卖盘
668,10:03:21,4.96,209334,422,卖盘
669,10:03:24,4.96,1403390,2825,卖盘
670,10:03:27,4.97,240097,484,买盘
671,10:03:30,4.97,796182,1604,买盘
672,10:03:33,4.97,540526,1088,买盘
673,10:03:36,4.97,348449,702,买盘
674,10:03:39,4.97,288203,580,买盘
675,10:03:42,4.96,132973,268,卖盘
676,10:03:45,4.97,5187188,10437,买盘
677,10:03:48,4.97,599296,1206,买盘
678,10:03:51,4.96,338877,682,卖盘
679,10:03:54,4.97,471057,949,买盘
680,10:03:57,4.96,3471462,6997,卖盘
681,10:04:00,4.96,199062,401,卖盘
682,10:04:03,4.96,129640,261,卖盘
683,10:04:06,4.97,478222,964,买盘
684,10:04:09,4.97,132585,267,买盘
685,10:04:12,4.97,397483,800,买盘
686,10:04:15,4.97,249229,502,买盘
687,10:04:18,4.97,250483,504,买盘
688,10:04:21,4.97,668889,1346,买盘
689,10:04:24,4.97,316336,637,卖盘
690,10:04:27,4.97,495012,996,卖盘
691,10:04:30,4.97,139109,280,买盘
692,10:04:33,4.97,581247,1171,卖盘
693,10:04:36,4.97,362800,730,卖盘
694,10:04:39,4.97,524346,1055,卖盘
695,10:04:42,4.98,153126,308,买盘
696,10:04:45,4.97,354887,714,卖盘
697,10:04:48,4.98,168023,338,买盘
698,10:04:51,4.97,200935,404,卖盘
699,10:04:54,4.97,30826,62,卖盘
700,10:04:57,4.97,170968,344,卖盘
701,10:05:00,4.97,113337,228,卖盘
702,10:05:03,4.98,116445,234,买盘
703,10:05:06,4.97,50213,101,卖盘
704,10:05:09,4.97,683579,1375,卖盘
705,10:05:12,4.97,136404,274,卖盘
706,10:05:15,4.97,145623,293,卖盘
707,10:05:18,4.98,916217,1842,买盘
708,10:05:21,4.97,277926,559,卖盘
709,10:05:24,4.97,2427400,4884,卖盘
710,10:05:27,4.98,45290,91,买盘
711,10:05:30,4.97,152093,306,卖盘
712,10:05:33,4.97,758352,1527,卖盘
713,10:05:36,4.96,218670,440,卖盘
714,10:05:39,4.97,20862,42,买盘
715,10:05:42,4.96,136976,276,卖盘
716,10:05:45,4.97,825920,1664,买盘
717,10:05:48,4.97,146387,295,买盘
718,10:05:51,4.96,149523,301,卖盘
719,10:05:54,4.97,188171,379,买盘
720,10:05:57,4.96,257262,518,卖盘
721,10:06:00,4.97,173879,350,买盘
722,10:06:03,4.96,53100,107,卖盘
723,10:06:06,4.96,169900,342,卖盘
724,10:06:09,4.97,211378,426,买盘
725,10:06:12,4.96,214811,433,卖盘
726,10:06:15,4.96,122735,247,卖盘
727,10:06:18,4.96,2114710,4259,卖盘
728,10:06:21,4.96,318782,642,卖盘
729,10:06:24,4.96,257890,519,卖盘
730,10:06:27,4.96,516771,1041,卖盘
731,10:06:30,4.97,118224,238,买盘
732,10:06:33,4.97,69006,139,买盘
733,10:06:36,4.96,432547,872,卖盘
734,10:06:39,4.96,357836,721,卖盘
735,10:06:42,4.96,99285,200,卖盘
736,10:06:45,4.97,522495,1052,买盘
737,10:06:48,4.96,552048,1113,卖盘
738,10:06:51,4.96,437757,881,卖盘
739,10:06:54,4.96,256178,516,卖盘
740,10:06:57,4.96,866048,1746,卖盘
741,10:07:00,4.96,362593,731,卖盘
742,10:07:03,4.97,279880,564,买盘
743,10:07:06,4.96,935430,1884,卖盘
744,10:07:09,4.96,121568,245,卖盘
745,10:07:12,4.96,175288,353,卖盘
746,10:07:15,4.96,195454,394,卖盘
747,10:07:18,4.96,136982,276,卖盘
748,10:07:21,4.97,521466,1051,买盘
749,10:07:24,4.96,60515,122,卖盘
750,10:07:27,4.96,481365,970,卖盘
751,10:07:30,4.96,136959,276,卖盘
752,10:07:33,4.96,13279348,26777,卖盘
753,10:07:36,4.95,393984,795,卖盘
754,10:07:39,4.96,228608,461,买盘
755,10:07:42,4.95,145687,294,卖盘
756,10:07:45,4.95,457943,925,卖盘
757,10:07:48,4.95,498063,1006,卖盘
758,10:07:51,4.95,271471,548,卖盘
759,10:07:54,4.95,1209487,2443,卖盘
760,10:07:57,4.96,685219,1384,买盘
761,10:08:00,4.95,399516,807,卖盘
762,10:08:03,4.96,308622,623,买盘
763,10:08:06,4.95,280948,567,卖盘
764,10:08:09,4.95,732726,1480,卖盘
765,10:08:12,4.95,399627,807,卖盘
766,10:08:15,4.96,537876,1085,买盘
767,10:08:18,4.96,801069,1617,买盘
768,10:08:21,4.96,2342634,4732,买盘
769,10:08:24,4.95,2986379,6033,卖盘
770,10:08:27,4.95,4362579,8811,卖盘
771,10:08:30,4.95,3262297,6590,卖盘
772,10:08:33,4.95,2674580,5402,卖盘
773,10:08:36,4.95,762408,1540,卖盘
774,10:08:39,4.95,4955594,10011,卖盘
775,10:08:42,4.95,773302,1562,卖盘
776,10:08:45,4.95,684178,1382,卖盘
777,10:08:48,4.95,969219,1958,卖盘
778,10:08:51,4.96,3560201,7192,买盘
779,10:08:54,4.95,576693,1165,卖盘
780,10:08:57,4.95,1720763,3476,卖盘
781,10:09:00,4.95,5477678,11066,卖盘
782,10:09:03,4.96,1976052,3992,买盘
783,10:09:06,4.95,2813732,5685,卖盘
784,10:09:09,4.95,335539,678,买盘
785,10:09:12,4.94,607764,1228,卖盘
786,10:09:15,4.95,259257,524,买盘
787,10:09:18,4.94,1069473,2163,卖盘
788,10:09:21,4.95,1309847,2647,买盘
789,10:09:24,4.94,920041,1860,卖盘
790,10:09:27,4.95,662483,1339,买盘
791,10:09:30,4.94,1206291,2439,卖盘
792,10:09:33,4.95,1167994,2361,买盘
793,10:09:36,4.94,973329,1969,卖盘
794,10:09:39,4.94,570642,1154,卖盘
795,10:09:42,4.94,729299,1474,卖盘
796,10:09:45,4.95,720975,1458,买盘
797,10:09:48,4.94,972248,1966,卖盘
798,10:09:51,4.94,774469,1566,卖盘
799,10:09:54,4.95,532248,1076,买盘
800,10:09:57,4.95,719896,1457,买盘
801,10:10:00,4.94,579673,1173,卖盘
802,10:10:03,4.95,763943,1545,买盘
803,10:10:06,4.95,258597,523,买盘
804,10:10:09,4.94,761061,1539,卖盘
805,10:10:12,4.95,580795,1174,买盘
806,10:10:15,4.94,1042426,2107,卖盘
807,10:10:18,4.94,750083,1516,卖盘
808,10:10:21,4.94,182831,370,卖盘
809,10:10:24,4.94,444151,898,卖盘
810,10:10:27,4.94,498532,1009,卖盘
811,10:10:30,4.95,404202,818,买盘
812,10:10:33,4.95,566643,1146,买盘
813,10:10:36,4.94,1135791,2298,卖盘
814,10:10:39,4.94,511232,1034,卖盘
815,10:10:42,4.94,199137,403,卖盘
816,10:10:45,4.95,384431,777,买盘
817,10:10:48,4.95,728067,1472,买盘
818,10:10:51,4.95,2008757,4060,买盘
819,10:10:54,4.95,682868,1382,买盘
820,10:10:57,4.95,251373,508,买盘
821,10:11:00,4.95,664072,1342,买盘
822,10:11:03,4.95,421105,851,买盘
823,10:11:06,4.95,7562231,15278,买盘
824,10:11:09,4.95,177705,359,卖盘
825,10:11:12,4.95,628156,1269,卖盘
826,10:11:15,4.95,806372,1629,卖盘
827,10:11:18,4.95,470900,950,卖盘
828,10:11:21,4.95,206141,416,卖盘
829,10:11:24,4.96,269627,544,买盘
830,10:11:27,4.96,226607,457,买盘
831,10:11:30,4.95,1728100,3491,卖盘
832,10:11:33,4.95,85176,172,卖盘
833,10:11:36,4.96,115925,234,买盘
834,10:11:39,4.96,422564,852,买盘
835,10:11:42,4.95,203986,412,卖盘
836,10:11:45,4.95,29735,60,卖盘
837,10:11:48,4.96,6284539,12671,买盘
838,10:11:51,4.96,365515,737,买盘
839,10:11:54,4.95,189835,383,卖盘
840,10:11:57,4.96,99138,200,买盘
841,10:12:00,4.96,546881,1103,买盘
842,10:12:03,4.96,222134,448,买盘
843,10:12:06,4.95,117429,237,卖盘
844,10:12:09,4.95,691747,1397,卖盘
845,10:12:12,4.95,382778,772,卖盘
846,10:12:15,4.96,210158,424,买盘
847,10:12:18,4.95,465242,938,卖盘
848,10:12:21,4.96,128399,259,买盘
849,10:12:24,4.96,179908,363,买盘
850,10:12:27,4.95,319844,646,卖盘
851,10:12:30,4.96,280209,565,买盘
852,10:12:33,4.96,251652,508,买盘
853,10:12:36,4.96,617520,1245,买盘
854,10:12:39,4.96,407216,821,卖盘
855,10:12:42,4.97,59034,119,买盘
856,10:12:45,4.97,252466,509,买盘
857,10:12:48,4.96,160292,323,卖盘
858,10:12:51,4.96,220881,445,卖盘
859,10:12:54,4.97,188064,379,买盘
860,10:12:57,4.96,1073422,2164,卖盘
861,10:13:00,4.97,35747,72,买盘
862,10:13:03,4.97,623548,1255,买盘
863,10:13:06,4.97,846755,1704,买盘
864,10:13:09,4.97,1022788,2058,买盘
865,10:13:12,4.97,1421362,2860,买盘
866,10:13:15,4.97,161960,326,买盘
867,10:13:18,5.01,54519008,109158,买盘
868,10:13:21,5.01,15718033,31342,买盘
869,10:13:24,5.01,282900,564,卖盘
870,10:13:27,5.01,714231,1423,卖盘
871,10:13:30,5.01,3017741,6023,卖盘
872,10:13:33,5.01,1300905,2593,卖盘
873,10:13:36,5.0,1008543,2013,卖盘
874,10:13:39,5.01,602528,1203,买盘
875,10:13:42,5.0,1364687,2724,卖盘
876,10:13:45,5.01,350005,699,买盘
877,10:13:48,5.01,1253501,2502,买盘
878,10:13:51,5.01,629598,1257,买盘
879,10:13:54,5.01,1190128,2376,买盘
880,10:13:57,5.01,979909,1956,买盘
881,10:14:00,5.02,3689161,7357,买盘
882,10:14:03,5.01,1093580,2183,卖盘
883,10:14:06,5.01,920364,1837,买盘
884,10:14:09,5.02,2404063,4801,买盘
885,10:14:12,5.01,1219190,2433,卖盘
886,10:14:15,5.01,1084203,2164,买盘
887,10:14:18,5.01,889932,1775,买盘
888,10:14:21,5.01,11325707,22555,卖盘
889,10:14:24,5.01,6050853,12044,卖盘
890,10:14:27,5.02,1699543,3387,买盘
891,10:14:30,5.03,9575433,19039,买盘
892,10:14:33,5.04,3881646,7705,买盘
893,10:14:36,5.04,4215749,8368,买盘
894,10:14:39,5.04,3727657,7400,买盘
895,10:14:42,5.04,5366705,10650,买盘
896,10:14:45,5.05,5796415,11496,买盘
897,10:14:48,5.05,5462539,10824,买盘
898,10:14:51,5.05,6479060,12832,买盘
899,10:14:54,5.04,4228768,8376,卖盘
900,10:14:57,5.05,4359688,8636,买盘
901,10:15:00,5.05,6057476,12009,买盘
902,10:15:03,5.05,4152295,8226,买盘
903,10:15:06,5.04,13624532,27005,卖盘
904,10:15:09,5.04,2022009,4011,买盘
905,10:15:12,5.04,2054102,4076,买盘
906,10:15:15,5.04,1331773,2644,买盘
907,10:15:18,5.03,3351104,6659,卖盘
908,10:15:21,5.04,3361314,6678,买盘
909,10:15:24,5.04,1570948,3123,买盘
910,10:15:27,5.03,1623291,3226,卖盘
911,10:15:30,5.03,1023145,2033,买盘
912,10:15:33,5.03,1811840,3602,买盘
913,10:15:36,5.03,2346988,4662,买盘
914,10:15:39,5.03,1644088,3269,卖盘
915,10:15:42,5.03,1514354,3012,买盘
916,10:15:45,5.03,2937809,5843,买盘
917,10:15:48,5.03,833231,1657,买盘
918,10:15:51,5.03,2762964,5493,买盘
919,10:15:54,5.03,1196826,2380,买盘
920,10:15:57,5.03,1521093,3024,卖盘
921,10:16:00,5.04,1894234,3762,买盘
922,10:16:03,5.04,3609720,7165,买盘
923,10:16:06,5.04,4012890,7964,买盘
924,10:16:09,5.03,2168908,4305,卖盘
925,10:16:12,5.04,1718945,3411,买盘
926,10:16:15,5.03,1963014,3896,卖盘
927,10:16:18,5.04,26203271,51932,买盘
928,10:16:21,5.04,1932248,3831,卖盘
929,10:16:24,5.04,4002669,7942,卖盘
930,10:16:27,5.04,2874394,5703,买盘
931,10:16:30,5.04,3095841,6142,买盘
932,10:16:33,5.04,1987813,3944,买盘
933,10:16:36,5.04,2447552,4857,卖盘
934,10:16:39,5.04,1365500,2709,买盘
935,10:16:42,5.05,1386617,2750,买盘
936,10:16:45,5.04,2534962,5030,卖盘
937,10:16:48,5.05,2627172,5211,买盘
938,10:16:51,5.04,1057891,2098,卖盘
939,10:16:54,5.04,2994270,5933,卖盘
940,10:16:57,5.04,3642572,7216,卖盘
941,10:17:00,5.04,1881420,3727,卖盘
942,10:17:03,5.05,2457732,4869,买盘
943,10:17:06,5.04,1272436,2521,卖盘
944,10:17:09,5.05,2521946,4995,买盘
945,10:17:12,5.05,1100168,2180,买盘
946,10:17:15,5.05,1697821,3363,买盘
947,10:17:18,5.04,1588296,3146,卖盘
948,10:17:21,5.04,2525437,5002,卖盘
949,10:17:24,5.05,11498505,22770,买盘
950,10:17:27,5.05,4363627,8640,买盘
951,10:17:30,5.05,1638042,3240,卖盘
952,10:17:33,5.06,1288017,2548,买盘
953,10:17:36,5.06,3144504,6218,买盘
954,10:17:39,5.06,6803870,13447,买盘
955,10:17:42,5.07,8190921,16182,买盘
956,10:17:45,5.07,2802999,5537,买盘
957,10:17:48,5.08,13511397,26654,买盘
958,10:17:51,5.08,3340720,6580,买盘
959,10:17:54,5.08,4721578,9302,买盘
960,10:17:57,5.08,5573736,10974,买盘
961,10:18:00,5.08,4818270,9486,买盘
962,10:18:03,5.07,15780934,31092,卖盘
963,10:18:06,5.07,11321507,22297,买盘
964,10:18:09,5.07,5419313,10685,买盘
965,10:18:12,5.08,1914444,3773,买盘
966,10:18:15,5.07,4362086,8606,卖盘
967,10:18:18,5.08,8548022,16857,买盘
968,10:18:21,5.08,9510473,18751,买盘
969,10:18:24,5.07,3844313,7577,卖盘
970,10:18:27,5.07,4406757,8699,买盘
971,10:18:30,5.07,9018835,17793,买盘
972,10:18:33,5.07,2383628,4701,买盘
973,10:18:36,5.07,4712821,9295,卖盘
974,10:18:39,5.07,5134715,10125,卖盘
975,10:18:42,5.07,1999176,3944,卖盘
976,10:18:45,5.07,3304250,6518,买盘
977,10:18:48,5.06,2850283,5628,卖盘
978,10:18:51,5.06,4972793,9820,卖盘
979,10:18:54,5.06,7353288,14514,买盘
980,10:18:57,5.06,1656879,3274,买盘
981,10:19:00,5.06,1231344,2433,卖盘
982,10:19:03,5.05,2408075,4758,卖盘
983,10:19:06,5.06,1717815,3395,买盘
984,10:19:09,5.06,2801327,5537,买盘
985,10:19:12,5.06,3552348,7023,买盘
986,10:19:15,5.06,1831466,3619,卖盘
987,10:19:18,5.06,1859906,3675,卖盘
988,10:19:21,5.05,2203171,4355,卖盘
989,10:19:24,5.06,2170143,4289,买盘
990,10:19:27,5.06,696178,1377,买盘
991,10:19:30,5.06,1196641,2366,买盘
992,10:19:33,5.06,1617503,3198,买盘
993,10:19:36,5.05,1566327,3096,卖盘
994,10:19:39,5.05,853956,1689,卖盘
995,10:19:42,5.05,963428,1905,卖盘
996,10:19:45,5.05,901823,1784,卖盘
997,10:19:48,5.05,790843,1565,卖盘
998,10:19:51,5.05,3115953,6167,卖盘
999,10:19:54,5.06,802501,1588,买盘
1000,10:19:57,5.06,2438966,4829,买盘
1001,10:20:00,5.05,1043381,2065,卖盘
1002,10:20:03,5.05,2063038,4083,卖盘
1003,10:20:06,5.05,3575561,7069,卖盘
1004,10:20:09,5.05,1082422,2142,卖盘
1005,10:20:12,5.06,1647445,3262,买盘
1006,10:20:15,5.06,3482237,6885,买盘
1007,10:20:18,5.05,848604,1678,卖盘
1008,10:20:21,5.06,618652,1224,买盘
1009,10:20:24,5.05,1497342,2963,卖盘
1010,10:20:27,5.06,7388324,14623,买盘
1011,10:20:30,5.05,731884,1448,卖盘
1012,10:20:33,5.05,717002,1418,卖盘
1013,10:20:36,5.06,1728368,3420,买盘
1014,10:20:39,5.06,785757,1554,买盘
1015,10:20:42,5.06,1053675,2084,买盘
1016,10:20:45,5.06,6668302,13180,买盘
1017,10:20:48,5.06,1047581,2072,买盘
1018,10:20:51,5.05,2193311,4335,卖盘
1019,10:20:54,5.06,2000176,3953,买盘
1020,10:20:57,5.06,302593,598,卖盘
1021,10:21:00,5.06,731832,1445,卖盘
1022,10:21:03,5.06,2580040,5092,卖盘
1023,10:21:06,5.06,643290,1271,卖盘
1024,10:21:09,5.06,718579,1419,卖盘
1025,10:21:12,5.06,6393049,12640,卖盘
1026,10:21:15,5.06,4303843,8510,买盘
1027,10:21:18,5.06,1374672,2717,买盘
1028,10:21:21,5.06,920398,1821,买盘
1029,10:21:24,5.06,1231426,2435,买盘
1030,10:21:27,5.06,917092,1813,买盘
1031,10:21:30,5.06,934212,1848,买盘
1032,10:21:33,5.06,459217,908,买盘
1033,10:21:36,5.06,1173164,2322,买盘
1034,10:21:39,5.06,820430,1622,买盘
1035,10:21:42,5.06,633633,1254,买盘
1036,10:21:45,5.06,1116768,2210,买盘
1037,10:21:48,5.06,6962927,13795,买盘
1038,10:21:51,5.05,1732717,3430,买盘
1039,10:21:54,5.04,819549,1622,卖盘
1040,10:21:57,5.05,440194,872,买盘
1041,10:22:00,5.05,1149686,2278,买盘
1042,10:22:03,5.05,1864864,3698,买盘
1043,10:22:06,5.04,583046,1155,卖盘
1044,10:22:09,5.05,979605,1943,买盘
1045,10:22:12,5.05,385870,765,买盘
1046,10:22:15,5.05,737826,1462,买盘
1047,10:22:18,5.04,1499076,2969,卖盘
1048,10:22:21,5.04,174152,345,卖盘
1049,10:22:24,5.05,1734884,3437,买盘
1050,10:22:27,5.04,704667,1397,卖盘
1051,10:22:30,5.04,1083279,2146,卖盘
1052,10:22:33,5.05,752838,1492,买盘
1053,10:22:36,5.04,528517,1048,卖盘
1054,10:22:39,5.04,367114,728,卖盘
1055,10:22:42,5.04,993254,1970,卖盘
1056,10:22:45,5.04,5505387,10923,卖盘
1057,10:22:48,5.04,1015901,2015,卖盘
1058,10:22:51,5.04,871468,1729,卖盘
1059,10:22:54,5.05,908694,1803,买盘
1060,10:22:57,5.04,690050,1369,中性盘
1061,10:23:00,5.04,381635,758,买盘
1062,10:23:03,5.04,1112611,2210,买盘
1063,10:23:06,5.04,860699,1708,买盘
1064,10:23:09,5.04,1300290,2580,买盘
1065,10:23:12,5.04,698601,1386,卖盘
1066,10:23:15,5.05,740625,1469,买盘
1067,10:23:18,5.04,685486,1360,卖盘
1068,10:23:21,5.04,373005,739,卖盘
1069,10:23:24,5.04,1429373,2836,卖盘
1070,10:23:27,5.04,336941,668,卖盘
1071,10:23:30,5.04,357935,710,卖盘
1072,10:23:33,5.04,985843,1956,卖盘
1073,10:23:36,5.04,1269096,2515,卖盘
1074,10:23:39,5.05,468461,929,买盘
1075,10:23:42,5.05,1858435,3687,买盘
1076,10:23:45,5.05,627328,1244,买盘
1077,10:23:48,5.04,659561,1308,卖盘
1078,10:23:51,5.05,400459,794,买盘
1079,10:23:54,5.04,649615,1288,卖盘
1080,10:23:57,5.04,1412825,2798,卖盘
1081,10:24:00,5.04,313508,622,卖盘
1082,10:24:03,5.04,1012835,2006,卖盘
1083,10:24:06,5.04,901244,1788,卖盘
1084,10:24:09,5.04,202155,401,卖盘
1085,10:24:12,5.04,548372,1087,卖盘
1086,10:24:15,5.05,814013,1614,买盘
1087,10:24:18,5.04,626064,1242,卖盘
1088,10:24:21,5.05,818879,1623,买盘
1089,10:24:24,5.04,1194041,2369,卖盘
1090,10:24:27,5.05,544771,1080,买盘
1091,10:24:30,5.04,822050,1629,卖盘
1092,10:24:33,5.04,498077,987,卖盘
1093,10:24:36,5.05,425526,844,买盘
1094,10:24:39,5.05,657351,1304,买盘
1095,10:24:42,5.04,1058785,2100,卖盘
1096,10:24:45,5.04,695063,1378,卖盘
1097,10:24:48,5.04,1274319,2528,卖盘
1098,10:24:51,5.05,775922,1538,买盘
1099,10:24:54,5.05,5455498,10804,买盘
1100,10:24:57,5.05,821350,1629,买盘
1101,10:25:00,5.04,1463419,2899,卖盘
1102,10:25:03,5.05,344159,682,买盘
1103,10:25:06,5.04,1575388,3124,卖盘
1104,10:25:09,5.05,695295,1379,买盘
1105,10:25:12,5.05,805573,1598,买盘
1106,10:25:15,5.04,645242,1280,卖盘
1107,10:25:18,5.04,584983,1160,卖盘
1108,10:25:21,5.04,834948,1655,卖盘
1109,10:25:24,5.04,509596,1011,卖盘
1110,10:25:27,5.04,667628,1324,卖盘
1111,10:25:30,5.05,1437095,2851,买盘
1112,10:25:33,5.04,361388,717,卖盘
1113,10:25:36,5.04,413784,821,买盘
1114,10:25:39,5.04,341584,678,买盘
1115,10:25:42,5.04,316966,629,买盘
1116,10:25:45,5.04,176772,351,买盘
1117,10:25:48,5.04,458218,910,买盘
1118,10:25:51,5.04,433771,861,买盘
1119,10:25:54,5.04,467575,929,买盘
1120,10:25:57,5.03,433243,860,卖盘
1121,10:26:00,5.03,578002,1149,卖盘
1122,10:26:03,5.04,1269663,2520,买盘
1123,10:26:06,5.04,723548,1438,买盘
1124,10:26:09,5.04,563148,1119,买盘
1125,10:26:12,5.04,334543,664,买盘
1126,10:26:15,5.03,501635,997,卖盘
1127,10:26:18,5.03,332640,661,卖盘
1128,10:26:21,5.04,597663,1187,买盘
1129,10:26:24,5.03,590489,1173,卖盘
1130,10:26:27,5.03,189277,376,卖盘
1131,10:26:30,5.03,201721,401,卖盘
1132,10:26:33,5.04,210043,417,买盘
1133,10:26:36,5.03,382448,760,卖盘
1134,10:26:39,5.03,374263,744,卖盘
1135,10:26:42,5.03,699206,1390,卖盘
1136,10:26:45,5.03,920089,1828,卖盘
1137,10:26:48,5.03,745954,1483,卖盘
1138,10:26:51,5.04,489452,973,买盘
1139,10:26:54,5.03,680252,1352,卖盘
1140,10:26:57,5.04,574468,1142,买盘
1141,10:27:00,5.04,287807,572,买盘
1142,10:27:03,5.04,1174040,2334,买盘
1143,10:27:06,5.03,4693994,9332,卖盘
1144,10:27:09,5.03,604803,1202,买盘
1145,10:27:12,5.02,182509,363,卖盘
1146,10:27:15,5.03,122706,244,买盘
1147,10:27:18,5.03,470132,935,买盘
1148,10:27:21,5.02,1353426,2691,卖盘
1149,10:27:24,5.03,417758,831,买盘
1150,10:27:27,5.03,366878,730,买盘
1151,10:27:30,5.03,1070603,2132,买盘
1152,10:27:33,5.03,291677,580,买盘
1153,10:27:36,5.02,598814,1191,卖盘
1154,10:27:39,5.03,335518,668,买盘
1155,10:27:42,5.03,733945,1461,买盘
1156,10:27:45,5.03,536885,1069,买盘
1157,10:27:48,5.02,267647,533,卖盘
1158,10:27:51,5.03,608879,1212,买盘
1159,10:27:54,5.02,138284,275,卖盘
1160,10:27:57,5.03,204915,408,买盘
1161,10:28:00,5.02,467984,932,卖盘
1162,10:28:03,5.02,521215,1037,卖盘
1163,10:28:06,5.03,674846,1343,买盘
1164,10:28:09,5.02,320851,639,卖盘
1165,10:28:12,5.03,378137,753,买盘
1166,10:28:15,5.02,420318,837,卖盘
1167,10:28:18,5.02,61816,123,卖盘
1168,10:28:21,5.03,132158,263,买盘
1169,10:28:24,5.02,167324,333,卖盘
1170,10:28:27,5.02,195046,388,卖盘
1171,10:28:30,5.03,453088,902,买盘
1172,10:28:33,5.03,263906,525,买盘
1173,10:28:36,5.02,216034,430,卖盘
1174,10:28:39,5.02,67900,135,卖盘
1175,10:28:42,5.02,143267,285,卖盘
1176,10:28:45,5.03,329440,655,买盘
1177,10:28:48,5.03,1409015,2802,买盘
1178,10:28:51,5.03,850467,1691,买盘
1179,10:28:54,5.03,5767253,11466,买盘
1180,10:28:57,5.04,446222,887,买盘
1181,10:29:00,5.04,168091,334,买盘
1182,10:29:03,5.04,388051,770,买盘
1183,10:29:06,5.03,375743,746,卖盘
1184,10:29:09,5.03,948779,1885,卖盘
1185,10:29:12,5.03,235738,468,卖盘
1186,10:29:15,5.03,474817,943,卖盘
1187,10:29:18,5.03,187230,372,卖盘
1188,10:29:21,5.03,1058636,2102,卖盘
1189,10:29:24,5.03,1215669,2414,卖盘
1190,10:29:27,5.04,244732,486,买盘
1191,10:29:30,5.04,227392,452,买盘
1192,10:29:33,5.04,436063,866,买盘
1193,10:29:36,5.04,704060,1397,买盘
1194,10:29:39,5.04,1344406,2668,买盘
1195,10:29:42,5.04,532699,1057,买盘
1196,10:29:45,5.04,366356,727,买盘
1197,10:29:48,5.04,444796,883,买盘
1198,10:29:51,5.04,760353,1509,买盘
1199,10:29:54,5.04,854722,1696,买盘
1200,10:29:57,5.04,1379757,2738,买盘
1201,10:30:00,5.04,2604086,5170,买盘
1202,10:30:03,5.04,1754048,3481,买盘
1203,10:30:06,5.04,1059458,2102,买盘
1204,10:30:09,5.04,476429,945,买盘
1205,10:30:12,5.04,1753276,3481,卖盘
1206,10:30:15,5.04,799348,1586,买盘
1207,10:30:18,5.04,565538,1122,买盘
1208,10:30:21,5.04,317016,629,买盘
1209,10:30:24,5.05,2120445,4207,买盘
1210,10:30:27,5.04,960687,1906,卖盘
1211,10:30:30,5.04,1170882,2323,买盘
1212,10:30:33,5.04,912040,1810,卖盘
1213,10:30:36,5.05,713219,1415,买盘
1214,10:30:39,5.04,193111,383,卖盘
1215,10:30:42,5.04,252149,500,卖盘
1216,10:30:45,5.04,331635,657,卖盘
1217,10:30:48,5.05,732042,1450,买盘
1218,10:30:51,5.05,542661,1075,买盘
1219,10:30:54,5.04,236253,468,卖盘
1220,10:30:57,5.05,228120,452,买盘
1221,10:31:00,5.05,94893,188,买盘
1222,10:31:03,5.05,121195,240,买盘
1223,10:31:06,5.05,182779,362,买盘
1224,10:31:09,5.05,1171521,2320,买盘
1225,10:31:12,5.05,843743,1671,买盘
1226,10:31:15,5.05,437744,867,买盘
1227,10:31:18,5.04,571175,1132,卖盘
1228,10:31:21,5.04,159017,315,卖盘
1229,10:31:24,5.05,76746,152,买盘
1230,10:31:27,5.05,395236,783,买盘
1231,10:31:30,5.04,184730,366,卖盘
1232,10:31:33,5.05,309537,613,买盘
1233,10:31:36,5.04,122170,242,卖盘
1234,10:31:39,5.05,237201,470,买盘
1235,10:31:42,5.05,827124,1638,买盘
1236,10:31:45,5.04,1153753,2285,卖盘
1237,10:31:48,5.04,237137,470,卖盘
1238,10:31:51,5.04,213347,423,卖盘
1239,10:31:54,5.05,190859,378,买盘
1240,10:31:57,5.05,5554256,10999,买盘
1241,10:32:00,5.04,415510,823,卖盘
1242,10:32:03,5.04,406790,806,卖盘
1243,10:32:06,5.04,306022,606,卖盘
1244,10:32:09,5.04,228194,452,卖盘
1245,10:32:12,5.04,783823,1553,卖盘
1246,10:32:15,5.04,357178,708,卖盘
1247,10:32:18,5.04,127052,252,卖盘
1248,10:32:21,5.04,333586,661,卖盘
1249,10:32:24,5.04,271368,538,卖盘
1250,10:32:27,5.04,4044223,8024,卖盘
1251,10:32:30,5.04,8450232,16772,卖盘
1252,10:32:33,5.04,273686,543,买盘
1253,10:32:36,5.04,280665,557,买盘
1254,10:32:39,5.03,310316,616,卖盘
1255,10:32:42,5.04,363358,722,买盘
1256,10:32:45,5.04,1847888,3667,买盘
1257,10:32:48,5.04,2027564,4021,卖盘
1258,10:32:51,5.04,261576,519,卖盘
1259,10:32:54,5.04,245063,486,卖盘
1260,10:32:57,5.04,248474,493,卖盘
1261,10:33:00,5.04,327149,649,卖盘
1262,10:33:03,5.04,1222710,2427,卖盘
1263,10:33:06,5.04,585144,1161,买盘
1264,10:33:09,5.05,2410372,4775,买盘
1265,10:33:12,5.04,666397,1322,卖盘
1266,10:33:15,5.04,157237,312,买盘
1267,10:33:18,5.04,499940,992,买盘
1268,10:33:21,5.04,145367,288,卖盘
1269,10:33:24,5.04,243032,482,卖盘
1270,10:33:27,5.04,134115,266,卖盘
1271,10:33:30,5.04,35280,70,卖盘
1272,10:33:33,5.04,1045386,2074,卖盘
1273,10:33:36,5.04,320278,635,卖盘
1274,10:33:39,5.04,120969,240,卖盘
1275,10:33:42,5.04,198197,393,卖盘
1276,10:33:45,5.04,175013,347,卖盘
1277,10:33:48,5.05,267757,531,买盘
1278,10:33:51,5.04,86243,171,卖盘
1279,10:33:54,5.05,2774771,5495,买盘
1280,10:33:57,5.04,782462,1552,卖盘
1281,10:34:00,5.05,375898,745,买盘
1282,10:34:03,5.04,737725,1462,卖盘
1283,10:34:06,5.05,520592,1032,买盘
1284,10:34:09,5.04,484760,960,卖盘
1285,10:34:12,5.04,2520939,4992,卖盘
1286,10:34:15,5.04,1136993,2252,卖盘
1287,10:34:18,5.05,1007956,1996,买盘
1288,10:34:21,5.05,1560361,3090,买盘
1289,10:34:24,5.06,133369,264,买盘
1290,10:34:27,5.05,377278,746,卖盘
1291,10:34:30,5.06,3050569,6030,买盘
1292,10:34:33,5.06,1692287,3347,买盘
1293,10:34:36,5.06,704835,1393,买盘
1294,10:34:39,5.06,2478279,4898,买盘
1295,10:34:42,5.06,1893953,3743,买盘
1296,10:34:45,5.06,1574609,3112,买盘
1297,10:34:48,5.06,1599368,3161,买盘
1298,10:34:51,5.06,115874,229,卖盘
1299,10:34:54,5.06,582596,1151,卖盘
1300,10:34:57,5.07,1679572,3313,买盘
1301,10:35:00,5.07,1219909,2409,买盘
1302,10:35:03,5.07,6144741,12120,买盘
1303,10:35:06,5.07,7475127,14744,买盘
1304,10:35:09,5.06,1621312,3198,卖盘
1305,10:35:12,5.07,821301,1620,买盘
1306,10:35:15,5.06,1578404,3114,卖盘
1307,10:35:18,5.07,824544,1627,买盘
1308,10:35:21,5.07,1932503,3812,买盘
1309,10:35:24,5.07,1075206,2121,买盘
1310,10:35:27,5.07,1933677,3814,买盘
1311,10:35:30,5.07,1421393,2804,买盘
1312,10:35:33,5.07,1645975,3247,买盘
1313,10:35:36,5.07,3159089,6231,买盘
1314,10:35:39,5.07,2041131,4026,买盘
1315,10:35:42,5.07,2037191,4021,买盘
1316,10:35:45,5.07,1485008,2929,买盘
1317,10:35:48,5.07,800554,1579,买盘
1318,10:35:51,5.08,478236,943,买盘
1319,10:35:54,5.08,619160,1221,买盘
1320,10:35:57,5.08,1052879,2073,买盘
1321,10:36:00,5.08,1374820,2708,买盘
1322,10:36:03,5.08,3121873,6151,买盘
1323,10:36:06,5.08,1898305,3737,买盘
1324,10:36:09,5.08,1714125,3375,买盘
1325,10:36:12,5.07,1386118,2729,卖盘
1326,10:36:15,5.07,458555,903,卖盘
1327,10:36:18,5.08,744431,1466,买盘
1328,10:36:21,5.08,616747,1215,买盘
1329,10:36:24,5.08,1205512,2374,买盘
1330,10:36:27,5.08,1529206,3014,买盘
1331,10:36:30,5.08,699421,1378,买盘
1332,10:36:33,5.08,2558362,5041,买盘
1333,10:36:36,5.08,576447,1135,买盘
1334,10:36:39,5.07,781160,1538,卖盘
1335,10:36:42,5.07,3168455,6239,卖盘
1336,10:36:45,5.07,1521205,2996,卖盘
1337,10:36:48,5.08,5076582,10011,买盘
1338,10:36:51,5.07,1743076,3439,卖盘
1339,10:36:54,5.07,1841307,3633,买盘
1340,10:36:57,5.07,1524588,3006,买盘
1341,10:37:00,5.07,968681,1911,卖盘
1342,10:37:03,5.07,335369,662,买盘
1343,10:37:06,5.07,1063895,2099,买盘
1344,10:37:09,5.07,482489,952,买盘
1345,10:37:12,5.07,779469,1538,买盘
1346,10:37:15,5.06,767824,1515,卖盘
1347,10:37:18,5.07,949333,1873,买盘
1348,10:37:21,5.06,985690,1947,卖盘
1349,10:37:24,5.06,1135160,2242,卖盘
1350,10:37:27,5.07,736344,1453,买盘
1351,10:37:30,5.07,947328,1869,买盘
1352,10:37:33,5.07,472353,932,买盘
1353,10:37:36,5.07,467296,922,买盘
1354,10:37:39,5.06,788324,1555,卖盘
1355,10:37:42,5.07,340522,672,买盘
1356,10:37:45,5.06,519312,1025,卖盘
1357,10:37:48,5.07,450580,889,买盘
1358,10:37:51,5.07,368408,727,买盘
1359,10:37:54,5.07,345169,681,买盘
1360,10:37:57,5.07,616838,1217,买盘
1361,10:38:00,5.06,717639,1416,卖盘
1362,10:38:03,5.06,1115950,2204,卖盘
1363,10:38:06,5.06,1652633,3263,卖盘
1364,10:38:09,5.06,358728,708,卖盘
1365,10:38:12,5.07,168206,332,买盘
1366,10:38:15,5.06,737005,1455,卖盘
1367,10:38:18,5.06,825763,1631,卖盘
1368,10:38:21,5.07,421654,832,买盘
1369,10:38:24,5.07,451378,891,买盘
1370,10:38:27,5.07,5625670,11117,买盘
1371,10:38:30,5.06,2965638,5860,卖盘
1372,10:38:33,5.07,994534,1965,买盘
1373,10:38:36,5.06,683610,1351,卖盘
1374,10:38:39,5.06,867184,1714,卖盘
1375,10:38:42,5.06,961309,1901,买盘
1376,10:38:45,5.06,358151,708,买盘
1377,10:38:48,5.06,487715,964,买盘
1378,10:38:51,5.06,937109,1852,买盘
1379,10:38:54,5.06,1287257,2545,买盘
1380,10:38:57,5.06,849224,1680,买盘
1381,10:39:00,5.05,3416602,6761,卖盘
1382,10:39:03,5.06,3673133,7271,买盘
1383,10:39:06,5.06,1045815,2070,买盘
1384,10:39:09,5.05,3038797,6019,卖盘
1385,10:39:12,5.05,4126206,8186,买盘
1386,10:39:15,5.04,764255,1516,卖盘
1387,10:39:18,5.03,759250,1506,卖盘
1388,10:39:21,5.04,1243136,2466,买盘
1389,10:39:24,5.04,441971,877,买盘
1390,10:39:27,5.03,630926,1253,卖盘
1391,10:39:30,5.04,698867,1387,买盘
1392,10:39:33,5.04,698480,1386,买盘
1393,10:39:36,5.04,450543,894,买盘
1394,10:39:39,5.04,651654,1293,买盘
1395,10:39:42,5.04,734010,1457,卖盘
1396,10:39:45,5.04,1117390,2217,卖盘
1397,10:39:48,5.04,683959,1357,卖盘
1398,10:39:51,5.05,621940,1233,买盘
1399,10:39:54,5.05,736399,1461,买盘
1400,10:39:57,5.04,363334,720,卖盘
1401,10:40:00,5.05,1637541,3246,买盘
1402,10:40:03,5.04,492697,976,卖盘
1403,10:40:06,5.04,1904829,3781,卖盘
1404,10:40:09,5.04,300384,596,买盘
1405,10:40:12,5.04,838748,1664,买盘
1406,10:40:15,5.04,720249,1430,买盘
1407,10:40:18,5.04,128046,254,买盘
1408,10:40:21,5.04,87696,174,卖盘
1409,10:40:24,5.04,164888,327,卖盘
1410,10:40:27,5.05,169595,336,买盘
1411,10:40:30,5.04,877141,1738,卖盘
1412,10:40:33,5.05,1226089,2431,买盘
1413,10:40:36,5.04,493341,978,卖盘
1414,10:40:39,5.04,1154674,2291,卖盘
1415,10:40:42,5.04,685042,1358,买盘
1416,10:40:45,5.04,186023,369,卖盘
1417,10:40:48,5.04,109402,217,卖盘
1418,10:40:51,5.05,331895,658,买盘
1419,10:40:54,5.05,440456,873,买盘
1420,10:40:57,5.05,59985,119,买盘
1421,10:41:00,5.04,377055,748,卖盘
1422,10:41:03,5.05,229646,455,买盘
1423,10:41:06,5.05,308392,611,买盘
1424,10:41:09,5.05,118647,235,买盘
1425,10:41:12,5.05,15655,31,买盘
1426,10:41:15,5.05,693164,1373,买盘
1427,10:41:18,5.05,116492,231,买盘
1428,10:41:21,5.05,615230,1219,买盘
1429,10:41:24,5.04,1842537,3649,卖盘
1430,10:41:27,5.05,102451,203,买盘
1431,10:41:30,5.05,665886,1319,买盘
1432,10:41:33,5.05,3775351,7476,买盘
1433,10:41:36,5.05,195902,388,买盘
1434,10:41:39,5.04,202448,401,卖盘
1435,10:41:42,5.05,199306,395,买盘
1436,10:41:45,5.05,895334,1773,买盘
1437,10:41:48,5.05,615497,1220,买盘
1438,10:41:51,5.04,118670,235,卖盘
1439,10:41:54,5.05,501461,993,买盘
1440,10:41:57,5.04,313581,621,卖盘
1441,10:42:00,5.04,578226,1147,卖盘
1442,10:42:03,5.05,3980868,7898,买盘
1443,10:42:06,5.04,1727269,3427,卖盘
1444,10:42:09,5.04,538272,1068,买盘
1445,10:42:12,5.04,516495,1026,买盘
1446,10:42:15,5.04,416805,827,买盘
1447,10:42:18,5.04,1258717,2499,买盘
1448,10:42:21,5.04,695394,1380,买盘
1449,10:42:24,5.04,253845,504,买盘
1450,10:42:27,5.04,544690,1081,买盘
1451,10:42:30,5.04,416357,827,买盘
1452,10:42:33,5.03,206587,410,卖盘
1453,10:42:36,5.04,298671,593,买盘
1454,10:42:39,5.03,492130,977,卖盘
1455,10:42:42,5.04,356248,707,买盘
1456,10:42:45,5.04,776732,1542,买盘
1457,10:42:48,5.03,967372,1920,卖盘
1458,10:42:51,5.04,424108,842,买盘
1459,10:42:54,5.03,418109,831,卖盘
1460,10:42:57,5.03,1740987,3455,卖盘
1461,10:43:00,5.03,99221,197,卖盘
1462,10:43:03,5.03,1643908,3268,卖盘
1463,10:43:06,5.03,183611,365,卖盘
1464,10:43:09,5.04,113349,225,买盘
1465,10:43:12,5.04,84067,167,买盘
1466,10:43:15,5.03,318812,633,卖盘
1467,10:43:18,5.03,36791,73,卖盘
1468,10:43:21,5.03,149995,298,卖盘
1469,10:43:24,5.04,169288,336,买盘
1470,10:43:27,5.03,237597,472,卖盘
1471,10:43:30,5.04,358728,713,买盘
1472,10:43:33,5.04,173262,344,买盘
1473,10:43:36,5.03,95215,189,卖盘
1474,10:43:39,5.04,1121328,2225,买盘
1475,10:43:42,5.03,840294,1668,卖盘
1476,10:43:45,5.04,866245,1719,买盘
1477,10:43:48,5.03,2058327,4085,卖盘
1478,10:43:51,5.04,1228153,2437,买盘
1479,10:43:54,5.04,133051,264,买盘
1480,10:43:57,5.04,664648,1319,买盘
1481,10:44:00,5.04,390379,775,买盘
1482,10:44:03,5.04,256947,510,买盘
1483,10:44:06,5.04,432382,858,买盘
1484,10:44:09,5.04,291200,578,买盘
1485,10:44:12,5.04,220191,437,买盘
1486,10:44:15,5.04,846187,1679,买盘
1487,10:44:18,5.04,193725,385,买盘
1488,10:44:21,5.04,455109,903,买盘
1489,10:44:24,5.04,328959,653,买盘
1490,10:44:27,5.04,2796574,5559,买盘
1491,10:44:30,5.04,426287,846,买盘
1492,10:44:33,5.05,74625,148,买盘
1493,10:44:36,5.04,279216,554,卖盘
1494,10:44:39,5.04,56974,113,卖盘
1495,10:44:42,5.04,115947,230,卖盘
1496,10:44:45,5.04,1655276,3279,卖盘
1497,10:44:48,5.05,141208,280,买盘
1498,10:44:51,5.04,97869,194,卖盘
1499,10:44:54,5.04,300169,595,卖盘
1500,10:44:57,5.04,193118,383,卖盘
1501,10:45:00,5.05,550580,1092,买盘
1502,10:45:03,5.05,334797,664,买盘
1503,10:45:06,5.04,96888,192,卖盘
1504,10:45:09,5.04,1744724,3461,卖盘
1505,10:45:12,5.05,2298823,4561,买盘
1506,10:45:15,5.05,1297368,2574,买盘
1507,10:45:18,5.04,359974,714,卖盘
1508,10:45:21,5.05,173129,343,买盘
1509,10:45:24,5.04,402211,798,卖盘
1510,10:45:27,5.04,369661,733,卖盘
1511,10:45:30,5.05,434023,861,买盘
1512,10:45:33,5.04,2495304,4951,卖盘
1513,10:45:36,5.04,161178,320,买盘
1514,10:45:39,5.04,155232,308,买盘
1515,10:45:42,5.04,71531,142,买盘
1516,10:45:45,5.03,262524,521,卖盘
1517,10:45:48,5.04,1203485,2388,买盘
1518,10:45:51,5.04,327530,650,买盘
1519,10:45:54,5.04,385409,765,买盘
1520,10:45:57,5.04,460346,914,买盘
1521,10:46:00,5.03,239320,475,卖盘
1522,10:46:03,5.04,143945,286,买盘
1523,10:46:06,5.04,197925,393,买盘
1524,10:46:09,5.04,176835,351,买盘
1525,10:46:12,5.04,83533,166,买盘
1526,10:46:15,5.04,417196,829,买盘
1527,10:46:18,5.03,165134,328,卖盘
1528,10:46:21,5.03,123959,246,卖盘
1529,10:46:24,5.04,145983,290,买盘
1530,10:46:27,5.04,276952,550,买盘
1531,10:46:30,5.03,263492,523,卖盘
1532,10:46:33,5.04,129342,257,买盘
1533,10:46:36,5.03,244246,485,卖盘
1534,10:46:39,5.04,141424,281,买盘
1535,10:46:42,5.04,93238,185,买盘
1536,10:46:45,5.04,184257,366,买盘
1537,10:46:48,5.03,307810,611,卖盘
1538,10:46:51,5.03,98710,196,卖盘
1539,10:46:54,5.03,37775,75,卖盘
1540,10:46:57,5.04,2142860,4258,买盘
1541,10:47:00,5.03,507078,1008,卖盘
1542,10:47:03,5.03,265224,527,卖盘
1543,10:47:06,5.03,3742657,7440,卖盘
1544,10:47:09,5.03,3997919,7948,卖盘
1545,10:47:12,5.04,148898,296,买盘
1546,10:47:15,5.04,801663,1591,买盘
1547,10:47:18,5.04,207348,412,买盘
1548,10:47:21,5.03,787268,1565,卖盘
1549,10:47:24,5.03,842124,1674,卖盘
1550,10:47:27,5.03,744279,1479,卖盘
1551,10:47:30,5.04,756667,1504,买盘
1552,10:47:33,5.03,2337944,4648,卖盘
1553,10:47:36,5.03,517590,1029,买盘
1554,10:47:39,5.03,400289,795,卖盘
1555,10:47:42,5.03,618197,1229,卖盘
1556,10:47:45,5.03,264152,525,卖盘
1557,10:47:48,5.03,953627,1895,卖盘
1558,10:47:51,5.04,37775,75,买盘
1559,10:47:54,5.03,138830,276,卖盘
1560,10:47:57,5.03,150900,300,买盘
1561,10:48:00,5.03,412350,820,买盘
1562,10:48:03,5.03,161383,321,卖盘
1563,10:48:06,5.03,658067,1308,买盘
1564,10:48:09,5.03,467730,930,卖盘
1565,10:48:12,5.03,332469,661,买盘
1566,10:48:15,5.03,130277,259,买盘
1567,10:48:18,5.03,348834,694,买盘
1568,10:48:21,5.03,433964,863,买盘
1569,10:48:24,5.02,235835,469,卖盘
1570,10:48:27,5.03,620456,1235,买盘
1571,10:48:30,5.02,330272,657,卖盘
1572,10:48:33,5.03,163748,326,买盘
1573,10:48:36,5.02,597492,1190,卖盘
1574,10:48:39,5.02,1580482,3148,卖盘
1575,10:48:42,5.02,381022,759,卖盘
1576,10:48:45,5.02,101471,202,卖盘
1577,10:48:48,5.02,627090,1248,卖盘
1578,10:48:51,5.02,565113,1125,卖盘
1579,10:48:54,5.02,221925,442,卖盘
1580,10:48:57,5.03,1182623,2355,买盘
1581,10:49:00,5.02,293472,584,卖盘
1582,10:49:03,5.02,73355,146,卖盘
1583,10:49:06,5.02,740968,1475,卖盘
1584,10:49:09,5.03,140186,279,买盘
1585,10:49:12,5.02,145100,289,卖盘
1586,10:49:15,5.02,97393,194,卖盘
1587,10:49:18,5.03,177375,353,买盘
1588,10:49:21,5.03,118620,236,买盘
1589,10:49:24,5.02,290800,579,卖盘
1590,10:49:27,5.02,402852,802,卖盘
1591,10:49:30,5.02,333260,663,卖盘
1592,10:49:33,5.02,136097,271,卖盘
1593,10:49:36,5.02,325457,648,卖盘
1594,10:49:39,5.02,116989,233,卖盘
1595,10:49:42,5.02,104918,209,卖盘
1596,10:49:45,5.03,190782,380,买盘
1597,10:49:48,5.02,115535,230,卖盘
1598,10:49:51,5.03,71372,142,买盘
1599,10:49:54,5.03,615699,1226,买盘
1600,10:49:57,5.03,370293,737,买盘
1601,10:50:00,5.02,100936,201,卖盘
1602,10:50:03,5.03,100983,201,买盘
1603,10:50:06,5.02,218459,435,卖盘
1604,10:50:09,5.02,347005,691,卖盘
1605,10:50:12,5.02,73940,147,卖盘
1606,10:50:15,5.02,108957,217,卖盘
1607,10:50:18,5.02,282269,562,卖盘
1608,10:50:21,5.02,175203,349,卖盘
1609,10:50:24,5.03,591871,1179,买盘
1610,10:50:27,5.02,368680,734,卖盘
1611,10:50:30,5.02,128522,256,卖盘
1612,10:50:33,5.03,513566,1023,买盘
1613,10:50:36,5.02,228651,455,卖盘
1614,10:50:39,5.02,83894,167,卖盘
1615,10:50:42,5.02,304323,606,卖盘
1616,10:50:45,5.02,533629,1063,卖盘
1617,10:50:48,5.02,264680,527,卖盘
1618,10:50:51,5.02,4359515,8684,卖盘
1619,10:50:54,5.03,279701,557,买盘
1620,10:50:57,5.03,892906,1776,买盘
1621,10:51:00,5.02,135669,270,卖盘
1622,10:51:03,5.02,2002012,3988,卖盘
1623,10:51:06,5.02,951935,1895,卖盘
1624,10:51:09,5.02,1156648,2304,卖盘
1625,10:51:12,5.02,1715354,3417,卖盘
1626,10:51:15,5.02,435753,868,卖盘
1627,10:51:18,5.02,854326,1700,卖盘
1628,10:51:21,5.02,511047,1018,卖盘
1629,10:51:24,5.02,171183,341,卖盘
1630,10:51:27,5.02,207577,413,卖盘
1631,10:51:30,5.02,616968,1229,卖盘
1632,10:51:33,5.02,135540,270,卖盘
1633,10:51:36,5.03,501320,998,买盘
1634,10:51:39,5.02,178221,355,卖盘
1635,10:51:42,5.02,88888,177,卖盘
1636,10:51:45,5.02,402139,801,卖盘
1637,10:51:48,5.02,68363,136,卖盘
1638,10:51:51,5.03,539596,1074,买盘
1639,10:51:54,5.03,586346,1168,买盘
1640,10:51:57,5.02,392014,780,卖盘
1641,10:52:00,5.03,107494,214,买盘
1642,10:52:03,5.02,235940,470,卖盘
1643,10:52:06,5.03,74879,149,买盘
1644,10:52:09,5.02,122663,244,卖盘
1645,10:52:12,5.02,42178,84,卖盘
1646,10:52:15,5.02,141230,281,卖盘
1647,10:52:18,5.02,237164,472,卖盘
1648,10:52:21,5.02,19604,39,卖盘
1649,10:52:24,5.02,316109,629,卖盘
1650,10:52:27,5.02,416298,829,卖盘
1651,10:52:30,5.02,57746,115,卖盘
1652,10:52:33,5.02,40176,80,卖盘
1653,10:52:36,5.03,199323,397,买盘
1654,10:52:39,5.02,31646,63,卖盘
1655,10:52:42,5.03,419704,836,买盘
1656,10:52:45,5.03,83881,167,买盘
1657,10:52:48,5.03,95558,190,买盘
1658,10:52:51,5.03,68395,136,买盘
1659,10:52:54,5.02,81925,163,卖盘
1660,10:52:57,5.02,30666,61,卖盘
1661,10:53:00,5.02,136809,272,卖盘
1662,10:53:03,5.03,55244,110,买盘
1663,10:53:06,5.02,572045,1138,卖盘
1664,10:53:09,5.03,106133,211,买盘
1665,10:53:12,5.03,66386,132,买盘
1666,10:53:15,5.03,156644,312,买盘
1667,10:53:18,5.03,108019,215,买盘
1668,10:53:21,5.02,115558,230,卖盘
1669,10:53:24,5.03,88480,176,买盘
1670,10:53:27,5.03,149391,297,买盘
1671,10:53:30,5.02,140188,279,卖盘
1672,10:53:33,5.02,40198,80,卖盘
1673,10:53:36,5.03,27112,54,买盘
1674,10:53:39,5.02,165341,329,卖盘
1675,10:53:42,5.03,430975,858,买盘
1676,10:53:45,5.02,311264,620,卖盘
1677,10:53:48,5.02,371546,739,卖盘
1678,10:53:51,5.03,97553,194,买盘
1679,10:53:54,5.03,42727,85,买盘
1680,10:53:57,5.02,236686,471,卖盘
1681,10:54:00,5.02,57838,115,卖盘
1682,10:54:03,5.02,1702509,3391,卖盘
1683,10:54:06,5.02,242070,482,卖盘
1684,10:54:09,5.02,1050183,2088,卖盘
1685,10:54:12,5.03,281291,560,买盘
1686,10:54:15,5.03,149318,297,买盘
1687,10:54:18,5.02,115066,229,卖盘
1688,10:54:21,5.02,363847,724,卖盘
1689,10:54:24,5.03,549220,1094,买盘
1690,10:54:27,5.03,585726,1165,买盘
1691,10:54:30,5.02,165263,329,卖盘
1692,10:54:33,5.03,71327,142,买盘
1693,10:54:36,5.03,105545,210,买盘
1694,10:54:39,5.02,128236,255,卖盘
1695,10:54:42,5.02,393695,784,卖盘
1696,10:54:45,5.02,17098,34,卖盘
1697,10:54:48,5.03,90540,180,买盘
1698,10:54:51,5.02,93994,187,卖盘
1699,10:54:54,5.02,726229,1446,卖盘
1700,10:54:57,5.02,473130,942,卖盘
1701,10:55:00,5.03,6026,12,买盘
1702,10:55:03,5.03,281952,561,买盘
1703,10:55:06,5.03,237719,473,买盘
1704,10:55:09,5.02,129623,258,卖盘
1705,10:55:12,5.02,319527,636,卖盘
1706,10:55:15,5.02,1419745,2828,卖盘
1707,10:55:18,5.03,73408,146,买盘
1708,10:55:21,5.02,1784239,3554,卖盘
1709,10:55:24,5.02,108939,217,卖盘
1710,10:55:27,5.02,312824,622,卖盘
1711,10:55:30,5.03,18098,36,买盘
1712,10:55:33,5.02,184792,368,卖盘
1713,10:55:36,5.03,242516,483,买盘
1714,10:55:39,5.02,112574,224,卖盘
1715,10:55:42,5.02,404665,805,卖盘
1716,10:55:45,5.02,51719,103,卖盘
1717,10:55:48,5.02,237815,473,卖盘
1718,10:55:51,5.03,175841,350,买盘
1719,10:55:54,5.02,30120,60,卖盘
1720,10:55:57,5.03,151191,301,买盘
1721,10:56:00,5.02,89356,178,卖盘
1722,10:56:03,5.02,194973,388,卖盘
1723,10:56:06,5.02,686908,1366,卖盘
1724,10:56:09,5.03,183990,366,买盘
1725,10:56:12,5.03,218875,436,买盘
1726,10:56:15,5.02,165722,330,卖盘
1727,10:56:18,5.03,59354,118,买盘
1728,10:56:21,5.02,1023648,2036,卖盘
1729,10:56:24,5.02,75806,151,卖盘
1730,10:56:27,5.02,510403,1016,卖盘
1731,10:56:30,5.02,138153,275,卖盘
1732,10:56:33,5.03,223298,444,买盘
1733,10:56:36,5.02,198340,395,卖盘
1734,10:56:39,5.02,92983,185,卖盘
1735,10:56:42,5.02,200300,399,卖盘
1736,10:56:45,5.02,278128,554,卖盘
1737,10:56:48,5.02,1168327,2327,卖盘
1738,10:56:51,5.02,966359,1925,卖盘
1739,10:56:54,5.02,1696880,3380,卖盘
1740,10:56:57,5.03,780916,1554,买盘
1741,10:57:00,5.02,803724,1601,卖盘
1742,10:57:03,5.02,341862,681,卖盘
1743,10:57:06,5.02,148081,295,买盘
1744,10:57:09,5.01,218264,435,卖盘
1745,10:57:12,5.01,293801,586,卖盘
1746,10:57:15,5.01,116240,232,卖盘
1747,10:57:18,5.01,432373,863,卖盘
1748,10:57:21,5.01,104728,209,卖盘
1749,10:57:24,5.01,69162,138,卖盘
1750,10:57:27,5.01,79166,158,卖盘
1751,10:57:30,5.01,310620,620,卖盘
1752,10:57:33,5.01,297710,594,卖盘
1753,10:57:36,5.01,183366,366,卖盘
1754,10:57:39,5.02,291093,581,买盘
1755,10:57:42,5.02,103717,207,买盘
1756,10:57:45,5.01,93708,187,卖盘
1757,10:57:48,5.01,80763,161,卖盘
1758,10:57:51,5.01,480564,959,卖盘
1759,10:57:54,5.01,309117,617,卖盘
1760,10:57:57,5.01,192969,385,卖盘
1761,10:58:00,5.01,742482,1482,卖盘
1762,10:58:03,5.01,832297,1660,卖盘
1763,10:58:06,5.01,133767,267,卖盘
1764,10:58:09,5.01,381375,761,卖盘
1765,10:58:12,5.01,456939,912,卖盘
1766,10:58:15,5.01,568187,1134,卖盘
1767,10:58:18,5.02,163359,326,买盘
1768,10:58:21,5.01,305649,610,卖盘
1769,10:58:24,5.01,171345,342,卖盘
1770,10:58:27,5.01,238973,477,卖盘
1771,10:58:30,5.01,543084,1084,卖盘
1772,10:58:33,5.01,227957,455,卖盘
1773,10:58:36,5.01,251512,502,卖盘
1774,10:58:39,5.01,412354,823,卖盘
1775,10:58:42,5.01,1755528,3504,卖盘
1776,10:58:45,5.01,4157799,8299,卖盘
1777,10:58:48,5.0,7134903,14242,卖盘
1778,10:58:51,5.0,935666,1869,卖盘
1779,10:58:54,5.0,271526,543,卖盘
1780,10:58:57,5.0,569068,1138,卖盘
1781,10:59:00,5.01,2718537,5435,买盘
1782,10:59:03,5.0,975175,1948,卖盘
1783,10:59:06,5.01,407690,815,买盘
1784,10:59:09,5.0,3202572,6405,卖盘
1785,10:59:12,5.0,69526,139,卖盘
1786,10:59:15,5.0,471734,943,卖盘
1787,10:59:18,5.01,2531473,5062,买盘
1788,10:59:21,5.0,446284,892,卖盘
1789,10:59:24,5.0,6903512,13807,卖盘
1790,10:59:27,5.0,364525,729,卖盘
1791,10:59:30,5.0,151018,302,卖盘
1792,10:59:33,5.0,366053,732,卖盘
1793,10:59:36,5.0,2650666,5300,卖盘
1794,10:59:39,5.0,692500,1385,卖盘
1795,10:59:42,5.0,468124,936,卖盘
1796,10:59:45,5.0,151035,302,卖盘
1797,10:59:48,5.01,328631,657,买盘
1798,10:59:51,5.0,364110,728,卖盘
1799,10:59:54,5.0,158111,316,卖盘
1800,10:59:57,5.01,221630,443,买盘
1801,11:00:00,5.0,7781414,15563,卖盘
1802,11:00:03,5.0,1119895,2239,卖盘
1803,11:00:06,4.99,318454,637,卖盘
1804,11:00:09,5.0,902700,1806,买盘
1805,11:00:12,4.99,1832246,3667,卖盘
1806,11:00:15,5.0,879450,1759,买盘
1807,11:00:18,5.0,293002,586,卖盘
1808,11:00:21,5.0,315990,632,卖盘
1809,11:00:24,5.0,348827,698,卖盘
1810,11:00:27,5.0,168000,336,买盘
1811,11:00:30,5.0,110999,222,买盘
1812,11:00:33,5.0,309496,619,买盘
1813,11:00:36,5.0,364815,730,买盘
1814,11:00:39,4.99,312581,626,卖盘
1815,11:00:42,5.0,65979,132,买盘
1816,11:00:45,5.0,327205,655,买盘
1817,11:00:48,4.99,209906,420,卖盘
1818,11:00:51,5.0,177412,355,买盘
1819,11:00:54,5.0,170960,342,买盘
1820,11:00:57,5.0,42000,84,买盘
1821,11:01:00,4.99,106933,214,卖盘
1822,11:01:03,4.99,248540,498,卖盘
1823,11:01:06,5.0,65412,131,买盘
1824,11:01:09,4.99,67931,136,卖盘
1825,11:01:12,5.0,1031468,2064,买盘
1826,11:01:15,4.99,31495,63,卖盘
1827,11:01:18,4.99,1298248,2597,卖盘
1828,11:01:21,4.99,163927,328,卖盘
1829,11:01:24,4.99,340469,682,卖盘
1830,11:01:27,4.99,5904333,11810,卖盘
1831,11:01:30,4.99,296352,593,卖盘
1832,11:01:33,5.0,145399,291,买盘
1833,11:01:36,5.0,88500,177,买盘
1834,11:01:39,4.99,3344013,6701,卖盘
1835,11:01:42,5.0,37999,76,买盘
1836,11:01:45,5.0,146890,294,买盘
1837,11:01:48,5.0,88945,178,买盘
1838,11:01:51,5.0,120459,241,买盘
1839,11:01:54,4.99,166398,333,卖盘
1840,11:01:57,5.0,132417,265,买盘
1841,11:02:00,5.0,109850,220,买盘
1842,11:02:03,5.0,294474,589,买盘
1843,11:02:06,5.0,5369817,10740,买盘
1844,11:02:09,5.0,334083,668,卖盘
1845,11:02:12,5.0,336097,672,卖盘
1846,11:02:15,5.0,316404,633,卖盘
1847,11:02:18,5.0,116040,232,卖盘
1848,11:02:21,5.01,460170,919,买盘
1849,11:02:24,5.01,105034,210,买盘
1850,11:02:27,5.0,16510,33,卖盘
1851,11:02:30,5.01,207363,414,买盘
1852,11:02:33,5.01,20506,41,买盘
1853,11:02:36,5.0,33535,67,卖盘
1854,11:02:39,5.01,23046,46,买盘
1855,11:02:42,5.01,44052,88,买盘
1856,11:02:45,5.01,264228,528,买盘
1857,11:02:48,5.01,144789,289,买盘
1858,11:02:51,5.01,199769,399,买盘
1859,11:02:54,5.01,67555,135,买盘
1860,11:02:57,5.01,661821,1321,买盘
1861,11:03:00,5.0,155790,311,卖盘
1862,11:03:03,5.01,199397,398,买盘
1863,11:03:06,5.0,55037,110,卖盘
1864,11:03:09,5.01,97174,194,买盘
1865,11:03:12,5.01,142274,284,买盘
1866,11:03:15,5.01,167129,334,买盘
1867,11:03:18,5.01,268210,536,买盘
1868,11:03:21,5.0,108626,217,卖盘
1869,11:03:24,5.01,115640,231,买盘
1870,11:03:27,5.01,474898,948,买盘
1871,11:03:30,5.01,231409,462,买盘
1872,11:03:33,5.01,133712,267,买盘
1873,11:03:36,5.0,44548,89,卖盘
1874,11:03:39,5.01,157811,315,买盘
1875,11:03:42,5.01,144284,288,买盘
1876,11:03:45,5.01,314603,628,买盘
1877,11:03:48,5.01,162280,324,买盘
1878,11:03:51,5.01,48084,96,买盘
1879,11:03:54,5.0,236187,472,卖盘
1880,11:03:57,5.0,274850,549,卖盘
1881,11:04:00,5.0,154808,309,卖盘
1882,11:04:03,5.01,77619,155,买盘
1883,11:04:06,5.0,186254,372,卖盘
1884,11:04:09,5.0,67596,135,卖盘
1885,11:04:12,5.01,211708,423,买盘
1886,11:04:15,5.01,12024,24,买盘
1887,11:04:18,5.0,82540,165,卖盘
1888,11:04:21,5.0,78075,156,卖盘
1889,11:04:24,5.0,137213,274,卖盘
1890,11:04:27,5.01,74528,149,买盘
1891,11:04:30,5.01,111533,223,买盘
1892,11:04:33,5.01,175628,351,买盘
1893,11:04:36,5.0,62083,124,卖盘
1894,11:04:39,5.01,95687,191,买盘
1895,11:04:42,5.01,119739,239,买盘
1896,11:04:45,5.01,191857,383,买盘
1897,11:04:48,5.01,165314,330,买盘
1898,11:04:51,5.01,29559,59,买盘
1899,11:04:54,5.01,58087,116,买盘
1900,11:04:57,5.01,184358,368,买盘
1901,11:05:00,5.01,184769,369,买盘
1902,11:05:03,5.01,186861,373,买盘
1903,11:05:06,5.01,713374,1424,买盘
1904,11:05:09,5.01,297481,594,买盘
1905,11:05:12,5.01,99135,198,买盘
1906,11:05:15,5.01,57114,114,买盘
1907,11:05:18,5.0,1443802,2882,卖盘
1908,11:05:21,5.0,172192,344,卖盘
1909,11:05:24,5.0,302392,604,卖盘
1910,11:05:27,5.01,126248,252,买盘
1911,11:05:30,5.01,23046,46,买盘
1912,11:05:33,5.01,561072,1120,买盘
1913,11:05:36,5.01,562410,1124,买盘
1914,11:05:39,5.01,203269,406,买盘
1915,11:05:42,5.0,127076,254,卖盘
1916,11:05:45,5.0,32520,65,卖盘
1917,11:05:48,5.01,157737,315,买盘
1918,11:05:51,5.01,28557,57,买盘
1919,11:05:54,5.01,78136,156,买盘
1920,11:05:57,5.0,279533,559,卖盘
1921,11:06:00,5.0,353783,707,卖盘
1922,11:06:03,5.0,665505,1331,卖盘
1923,11:06:06,5.01,135543,271,买盘
1924,11:06:09,5.0,494141,988,卖盘
1925,11:06:12,5.01,306026,612,买盘
1926,11:06:15,5.01,33001,66,买盘
1927,11:06:18,5.0,312067,624,卖盘
1928,11:06:21,5.01,44057,88,买盘
1929,11:06:24,5.01,23046,46,买盘
1930,11:06:27,5.01,163821,327,买盘
1931,11:06:30,5.0,294247,588,卖盘
1932,11:06:33,5.01,161605,323,买盘
1933,11:06:36,5.01,490178,979,买盘
1934,11:06:39,5.0,71047,142,卖盘
1935,11:06:42,5.01,64053,128,买盘
1936,11:06:45,5.0,77522,155,卖盘
1937,11:06:48,5.0,15511,31,卖盘
1938,11:06:51,5.01,28526,57,买盘
1939,11:06:54,5.01,27050,54,买盘
1940,11:06:57,5.0,197129,394,卖盘
1941,11:07:00,5.0,88504,177,卖盘
1942,11:07:03,5.01,294107,588,买盘
1943,11:07:06,5.0,298519,597,卖盘
1944,11:07:09,4.99,26081869,52192,卖盘
1945,11:07:12,4.99,1845309,3698,卖盘
1946,11:07:15,4.99,275460,552,卖盘
1947,11:07:18,4.99,749005,1501,卖盘
1948,11:07:21,4.99,1028938,2062,卖盘
1949,11:07:24,5.0,77374,155,买盘
1950,11:07:27,5.0,55440,111,买盘
1951,11:07:30,4.99,65371,131,卖盘
1952,11:07:33,4.99,97814,196,卖盘
1953,11:07:36,4.99,186214,373,卖盘
1954,11:07:39,5.0,32496,65,买盘
1955,11:07:42,5.0,244036,489,买盘
1956,11:07:45,5.0,129350,259,买盘
1957,11:07:48,4.99,282991,567,卖盘
1958,11:07:51,4.99,109281,219,卖盘
1959,11:07:54,5.0,32975,66,买盘
1960,11:07:57,4.99,56887,114,卖盘
1961,11:08:00,4.99,242606,486,卖盘
1962,11:08:03,4.99,926643,1857,卖盘
1963,11:08:06,4.99,198148,397,卖盘
1964,11:08:09,4.99,121756,244,卖盘
1965,11:08:12,4.99,840815,1685,卖盘
1966,11:08:15,4.99,359871,721,卖盘
1967,11:08:18,4.99,478048,958,卖盘
1968,11:08:21,4.99,545944,1094,卖盘
1969,11:08:24,5.0,105800,212,买盘
1970,11:08:27,4.99,137738,276,卖盘
1971,11:08:30,5.0,112277,225,买盘
1972,11:08:33,5.0,235090,471,买盘
1973,11:08:36,4.99,563871,1130,卖盘
1974,11:08:39,4.99,209081,419,卖盘
1975,11:08:42,4.99,384959,771,卖盘
1976,11:08:45,4.99,134769,270,卖盘
1977,11:08:48,4.99,170693,342,卖盘
1978,11:08:51,5.0,1874852,3757,买盘
1979,11:08:54,5.0,516450,1034,买盘
1980,11:08:57,4.99,2596541,5204,卖盘
1981,11:09:00,4.99,582517,1169,买盘
1982,11:09:03,4.99,200416,402,买盘
1983,11:09:06,4.99,153579,308,买盘
1984,11:09:09,4.99,420158,842,买盘
1985,11:09:12,4.98,172119,345,卖盘
1986,11:09:15,4.98,607242,1217,卖盘
1987,11:09:18,4.99,2304409,4627,买盘
1988,11:09:21,4.98,52380,105,卖盘
1989,11:09:24,4.99,250114,502,买盘
1990,11:09:27,4.98,92674,186,卖盘
1991,11:09:30,4.99,65828,132,买盘
1992,11:09:33,4.99,518929,1040,买盘
1993,11:09:36,4.98,493247,989,卖盘
1994,11:09:39,4.99,901091,1806,买盘
1995,11:09:42,4.99,502010,1007,买盘
1996,11:09:45,4.99,92311,185,买盘
1997,11:09:48,4.99,3702578,7420,买盘
1998,11:09:51,4.98,1133588,2272,卖盘
1999,11:09:54,4.99,291759,585,买盘
2000,11:09:57,4.99,135628,272,买盘
2001,11:10:00,4.99,221057,443,卖盘
2002,11:10:03,4.99,93364,187,卖盘
2003,11:10:06,4.99,31950,64,卖盘
2004,11:10:09,4.99,149700,300,卖盘
2005,11:10:12,4.99,433680,869,卖盘
2006,11:10:15,5.0,45932,92,买盘
2007,11:10:18,5.0,51480,103,买盘
2008,11:10:21,5.0,601996,1204,买盘
2009,11:10:24,4.99,18490,37,卖盘
2010,11:10:27,5.0,517470,1035,买盘
2011,11:10:33,4.99,170159,341,卖盘
2012,11:10:36,4.99,20474,41,卖盘
2013,11:10:39,4.99,81837,164,卖盘
2014,11:10:42,4.99,38448,77,卖盘
2015,11:10:45,5.0,59395,119,买盘
2016,11:10:48,5.0,133954,268,买盘
2017,11:10:51,5.0,75371,151,买盘
2018,11:10:54,5.0,94426,189,买盘
2019,11:10:57,5.0,144458,289,买盘
2020,11:11:00,5.0,188859,378,买盘
2021,11:11:03,5.0,196495,393,买盘
2022,11:11:06,5.0,162344,325,买盘
2023,11:11:09,5.0,361624,724,买盘
2024,11:11:12,5.0,201659,404,买盘
2025,11:11:15,4.99,334382,669,卖盘
2026,11:11:18,4.99,178203,357,卖盘
2027,11:11:21,4.99,128797,258,卖盘
2028,11:11:24,5.0,52000,104,买盘
2029,11:11:27,4.99,180953,362,卖盘
2030,11:11:30,5.0,303000,606,买盘
2031,11:11:33,5.0,158260,317,买盘
2032,11:11:36,4.99,30950,62,卖盘
2033,11:11:39,4.99,6997,14,卖盘
2034,11:11:42,4.99,20985,42,卖盘
2035,11:11:48,5.0,2500,5,买盘
2036,11:11:51,5.0,37450,75,买盘
2037,11:11:54,4.99,216268,433,卖盘
2038,11:11:57,5.0,29941,60,买盘
2039,11:12:00,4.99,123365,247,卖盘
2040,11:12:03,4.99,38427,77,卖盘
2041,11:12:06,5.0,104500,209,买盘
2042,11:12:09,4.99,66404,133,卖盘
2043,11:12:12,4.99,89826,180,卖盘
2044,11:12:15,5.0,79500,159,买盘
2045,11:12:18,5.0,98497,197,买盘
2046,11:12:21,5.0,64406,129,买盘
2047,11:12:24,4.99,135785,272,卖盘
2048,11:12:27,5.0,124000,248,买盘
2049,11:12:30,4.99,180658,362,卖盘
2050,11:12:33,5.0,82908,166,买盘
2051,11:12:36,4.99,153712,308,卖盘
2052,11:12:39,5.0,72500,145,买盘
2053,11:12:42,5.0,66980,134,买盘
2054,11:12:45,5.0,34989,70,买盘
2055,11:12:48,5.0,26999,54,买盘
2056,11:12:51,5.0,8490,17,买盘
2057,11:12:54,5.0,378957,758,买盘
2058,11:12:57,5.0,46991,94,买盘
2059,11:13:00,5.0,96915,194,买盘
2060,11:13:03,5.0,138000,276,买盘
2061,11:13:06,5.0,101374,203,买盘
2062,11:13:09,5.0,224978,450,买盘
2063,11:13:12,5.0,138990,278,买盘
2064,11:13:15,5.0,435457,871,买盘
2065,11:13:18,5.0,155453,311,买盘
2066,11:13:21,5.0,323487,647,买盘
2067,11:13:24,4.99,315925,632,卖盘
2068,11:13:27,5.0,212486,425,买盘
2069,11:13:30,5.0,327500,655,买盘
2070,11:13:33,5.0,287659,576,买盘
2071,11:13:36,5.0,205998,412,买盘
2072,11:13:39,5.0,57451,115,买盘
2073,11:13:42,5.0,168920,338,买盘
2074,11:13:45,5.0,177852,356,买盘
2075,11:13:48,5.0,30995,62,买盘
2076,11:13:51,5.0,123924,248,买盘
2077,11:13:54,5.0,173000,346,买盘
2078,11:13:57,5.0,5279985,10560,买盘
2079,11:14:00,5.0,193000,386,买盘
2080,11:14:03,5.0,379326,759,买盘
2081,11:14:06,5.0,708526,1418,买盘
2082,11:14:09,5.0,317990,636,买盘
2083,11:14:12,5.0,346968,694,买盘
2084,11:14:15,5.0,26000,52,卖盘
2085,11:14:18,5.01,204129,408,买盘
2086,11:14:21,5.0,459502,919,卖盘
2087,11:14:24,5.0,134580,269,卖盘
2088,11:14:27,5.0,158015,316,卖盘
2089,11:14:30,5.0,60500,121,卖盘
2090,11:14:33,5.01,85010,170,买盘
2091,11:14:36,5.01,46551,93,买盘
2092,11:14:39,5.01,1095676,2187,买盘
2093,11:14:42,5.01,126238,252,买盘
2094,11:14:45,5.01,151261,302,买盘
2095,11:14:48,5.01,18536,37,买盘
2096,11:14:51,5.01,422801,844,买盘
2097,11:14:54,5.01,48592,97,买盘
2098,11:14:57,5.01,100200,200,买盘
2099,11:15:00,5.0,75560,151,卖盘
2100,11:15:03,5.01,275048,549,买盘
2101,11:15:06,5.01,44088,88,买盘
2102,11:15:09,5.0,43035,86,卖盘
2103,11:15:12,5.01,142284,284,买盘
2104,11:15:15,5.01,101542,203,买盘
2105,11:15:18,5.01,209879,419,买盘
2106,11:15:21,5.0,44028,88,卖盘
2107,11:15:24,5.0,123706,247,卖盘
2108,11:15:27,5.0,113209,226,卖盘
2109,11:15:30,5.01,91176,182,买盘
2110,11:15:33,5.01,55601,111,买盘
2111,11:15:36,5.0,134010,268,卖盘
2112,11:15:39,5.01,26553,53,买盘
2113,11:15:42,5.01,54077,108,买盘
2114,11:15:45,5.01,17530,35,买盘
2115,11:15:48,5.01,43556,87,买盘
2116,11:15:51,5.01,161071,322,买盘
2117,11:15:54,5.01,72645,145,买盘
2118,11:15:57,5.01,29549,59,买盘
2119,11:16:00,5.0,128569,257,卖盘
2120,11:16:03,5.0,1347675,2695,卖盘
2121,11:16:06,5.01,134509,269,买盘
2122,11:16:09,5.0,685000,1370,卖盘
2123,11:16:12,5.0,315103,630,卖盘
2124,11:16:15,5.01,3006,6,买盘
2125,11:16:18,5.01,80661,161,买盘
2126,11:16:21,5.01,17534,35,买盘
2127,11:16:24,5.01,21042,42,买盘
2128,11:16:27,5.0,6007,12,卖盘
2129,11:16:30,5.01,8006,16,买盘
2130,11:16:33,5.01,102551,205,买盘
2131,11:16:36,5.01,179502,359,买盘
2132,11:16:39,5.01,67575,135,买盘
2133,11:16:42,5.0,65000,130,卖盘
2134,11:16:45,5.0,743313,1486,卖盘
2135,11:16:48,5.0,5000,10,卖盘
2136,11:16:51,5.0,323670,647,卖盘
2137,11:16:54,5.01,189003,378,买盘
2138,11:16:57,5.01,107104,214,买盘
2139,11:17:00,5.0,616600,1233,卖盘
2140,11:17:03,5.0,2642000,5284,卖盘
2141,11:17:06,5.0,747700,1495,卖盘
2142,11:17:09,5.0,883620,1767,卖盘
2143,11:17:12,5.0,2244582,4489,卖盘
2144,11:17:15,5.0,4013031,8026,卖盘
2145,11:17:18,5.0,369000,738,卖盘
2146,11:17:21,5.0,656100,1310,买盘
2147,11:17:24,5.0,19000,38,买盘
2148,11:17:27,5.0,106114,212,买盘
2149,11:17:30,5.0,255224,511,买盘
2150,11:17:33,5.0,167500,335,买盘
2151,11:17:36,5.0,33460,67,买盘
2152,11:17:39,4.99,40970,82,卖盘
2153,11:17:42,5.0,36990,74,买盘
2154,11:17:45,4.99,499,1,卖盘
2155,11:17:48,5.0,79985,160,买盘
2156,11:17:51,5.0,35480,71,买盘
2157,11:17:54,5.0,382882,767,买盘
2158,11:17:57,5.0,87982,176,买盘
2159,11:18:00,5.0,22500,45,买盘
2160,11:18:03,5.0,813940,1628,买盘
2161,11:18:06,5.0,12500,25,买盘
2162,11:18:09,4.99,30486,61,卖盘
2163,11:18:12,4.99,89333,179,卖盘
2164,11:18:15,5.0,209845,420,买盘
2165,11:18:18,5.0,27495,55,买盘
2166,11:18:21,5.0,100000,200,买盘
2167,11:18:24,4.99,68368,137,卖盘
2168,11:18:27,4.99,341816,684,卖盘
2169,11:18:30,5.0,105400,211,买盘
2170,11:18:33,5.0,42458,85,买盘
2171,11:18:36,5.0,99493,199,买盘
2172,11:18:39,5.0,54450,109,买盘
2173,11:18:42,4.99,125872,252,卖盘
2174,11:18:45,5.0,54910,110,买盘
2175,11:18:48,5.0,15986,32,买盘
2176,11:18:51,5.0,112776,226,买盘
2177,11:18:54,5.0,2737390,5475,买盘
2178,11:18:57,5.0,108000,216,卖盘
2179,11:19:00,4.99,298583,598,卖盘
2180,11:19:03,5.0,227508,455,买盘
2181,11:19:06,5.0,3500,7,卖盘
2182,11:19:09,5.0,99000,198,卖盘
2183,11:19:12,5.0,119300,239,买盘
2184,11:19:15,5.0,36000,72,买盘
2185,11:19:18,5.0,54499,109,买盘
2186,11:19:21,5.0,14496,29,买盘
2187,11:19:24,5.0,27485,55,买盘
2188,11:19:27,5.0,48488,97,买盘
2189,11:19:30,5.0,297988,596,买盘
2190,11:19:33,5.0,403942,808,买盘
2191,11:19:36,5.0,324000,648,买盘
2192,11:19:39,4.99,21995,44,卖盘
2193,11:19:42,5.0,535499,1071,买盘
2194,11:19:45,4.99,186679,374,卖盘
2195,11:19:48,4.99,553395,1107,卖盘
2196,11:19:51,5.0,311918,625,买盘
2197,11:19:54,5.0,58493,117,买盘
2198,11:19:57,5.0,501000,1002,买盘
2199,11:20:00,5.0,36500,73,买盘
2200,11:20:03,5.0,75000,150,买盘
2201,11:20:06,5.0,56948,114,买盘
2202,11:20:09,4.99,39450,79,卖盘
2203,11:20:12,5.0,277000,554,买盘
2204,11:20:15,5.0,75500,151,买盘
2205,11:20:18,5.0,3500,7,买盘
2206,11:20:21,5.0,1266330,2533,买盘
2207,11:20:24,5.0,941500,1883,卖盘
2208,11:20:27,5.0,274300,549,卖盘
2209,11:20:30,5.0,33500,67,买盘
2210,11:20:33,5.0,45500,91,卖盘
2211,11:20:36,5.0,54000,108,卖盘
2212,11:20:39,5.0,105500,211,卖盘
2213,11:20:42,5.01,31010,62,买盘
2214,11:20:45,5.0,33000,66,卖盘
2215,11:20:48,5.0,22500,45,卖盘
2216,11:20:51,5.0,67013,134,卖盘
2217,11:20:54,5.01,200005,400,买盘
2218,11:20:57,5.0,76503,153,卖盘
2219,11:21:00,5.0,500,1,卖盘
2220,11:21:03,5.01,73126,146,买盘
2221,11:21:06,5.0,230600,461,卖盘
2222,11:21:09,5.0,189800,379,卖盘
2223,11:21:12,5.0,468010,936,卖盘
2224,11:21:15,5.01,489205,978,买盘
2225,11:21:18,5.0,165107,330,卖盘
2226,11:21:21,5.0,450500,901,卖盘
2227,11:21:24,5.0,86005,172,卖盘
2228,11:21:27,5.0,178000,356,卖盘
2229,11:21:30,5.0,468000,936,卖盘
2230,11:21:33,5.0,427700,855,卖盘
2231,11:21:36,5.01,277015,554,买盘
2232,11:21:39,5.0,44500,89,卖盘
2233,11:21:42,5.01,153294,306,买盘
2234,11:21:45,5.0,140124,280,卖盘
2235,11:21:48,5.0,13023,26,卖盘
2236,11:21:51,5.01,45591,91,买盘
2237,11:21:54,5.01,10506,21,买盘
2238,11:21:57,5.0,28025,56,卖盘
2239,11:22:00,5.01,6513,13,买盘
2240,11:22:03,5.0,785505,1571,卖盘
2241,11:22:06,5.0,347500,695,卖盘
2242,11:22:09,5.0,514002,1028,卖盘
2243,11:22:12,5.0,14020,28,卖盘
2244,11:22:15,5.0,71000,142,卖盘
2245,11:22:18,5.0,49500,99,卖盘
2246,11:22:21,5.0,17510,35,卖盘
2247,11:22:24,5.0,63504,127,卖盘
2248,11:22:27,5.0,190017,380,卖盘
2249,11:22:30,5.0,500,1,卖盘
2250,11:22:33,5.0,369500,739,卖盘
2251,11:22:36,5.0,1306001,2612,卖盘
2252,11:22:39,4.99,656638,1314,卖盘
2253,11:22:42,5.0,288901,578,买盘
2254,11:22:45,5.0,46500,93,买盘
2255,11:22:48,5.0,25499,51,买盘
2256,11:22:51,4.99,68904,138,卖盘
2257,11:22:54,5.0,30997,62,买盘
2258,11:22:57,5.0,27969,56,买盘
2259,11:23:00,4.99,97805,196,卖盘
2260,11:23:03,5.0,125830,252,买盘
2261,11:23:06,5.0,114500,229,买盘
2262,11:23:09,4.99,65872,132,卖盘
2263,11:23:12,4.99,310927,623,卖盘
2264,11:23:15,4.99,39940,80,卖盘
2265,11:23:18,5.0,5000,10,买盘
2266,11:23:21,4.99,25975,52,卖盘
2267,11:23:24,5.0,180480,361,买盘
2268,11:23:27,5.0,151497,303,买盘
2269,11:23:30,4.99,9980,20,卖盘
2270,11:23:33,5.0,133497,267,买盘
2271,11:23:36,5.0,27992,56,买盘
2272,11:23:39,5.0,1499,3,买盘
2273,11:23:42,4.99,123363,247,卖盘
2274,11:23:45,4.99,45420,91,卖盘
2275,11:23:48,4.99,8991,18,卖盘
2276,11:23:51,5.0,9990,20,买盘
2277,11:23:54,5.0,54970,110,买盘
2278,11:23:57,5.0,307804,616,买盘
2279,11:24:00,4.99,149331,299,卖盘
2280,11:24:03,5.0,97977,196,买盘
2281,11:24:06,5.0,86489,173,买盘
2282,11:24:09,5.0,115769,232,买盘
2283,11:24:12,5.0,82846,166,买盘
2284,11:24:15,4.99,131752,264,卖盘
2285,11:24:18,5.0,119811,240,买盘
2286,11:24:21,4.99,7489,15,卖盘
2287,11:24:24,4.99,6986,14,卖盘
2288,11:24:27,5.0,34447,69,买盘
2289,11:24:30,5.0,2500,5,买盘
2290,11:24:33,5.0,14000,28,买盘
2291,11:24:36,5.0,56399,113,买盘
2292,11:24:39,5.0,751864,1504,买盘
2293,11:24:42,4.99,91420,183,卖盘
2294,11:24:45,5.0,17467,35,买盘
2295,11:24:48,4.99,35489,71,卖盘
2296,11:24:51,5.0,82500,165,买盘
2297,11:24:54,4.99,161676,324,卖盘
2298,11:24:57,5.0,7500,15,买盘
2299,11:25:00,4.99,227574,456,卖盘
2300,11:25:03,4.99,36432,73,卖盘
2301,11:25:06,4.99,618854,1238,卖盘
2302,11:25:09,4.99,27957,56,卖盘
2303,11:25:12,5.0,30998,62,买盘
2304,11:25:15,4.99,15469,31,卖盘
2305,11:25:18,5.0,5500,11,买盘
2306,11:25:21,5.0,17996,36,买盘
2307,11:25:24,4.99,435332,871,卖盘
2308,11:25:27,4.99,5489,11,卖盘
2309,11:25:30,5.0,33958,68,买盘
2310,11:25:33,5.0,161996,324,买盘
2311,11:25:36,5.0,25500,51,买盘
2312,11:25:39,4.99,45988,92,卖盘
2313,11:25:42,4.99,4990,10,卖盘
2314,11:25:45,4.99,11999,24,卖盘
2315,11:25:48,4.99,4491,9,卖盘
2316,11:25:51,4.99,573931,1148,卖盘
2317,11:25:54,4.99,65889,132,卖盘
2318,11:25:57,5.0,562961,1126,买盘
2319,11:26:00,4.99,313883,629,卖盘
2320,11:26:03,4.99,123769,248,卖盘
2321,11:26:06,5.0,134246,269,买盘
2322,11:26:09,5.0,362863,727,买盘
2323,11:26:12,4.99,580842,1164,卖盘
2324,11:26:15,5.0,59891,120,买盘
2325,11:26:18,5.0,75440,151,买盘
2326,11:26:21,4.99,155894,312,卖盘
2327,11:26:24,4.99,123792,248,卖盘
2328,11:26:27,5.0,49434,99,买盘
2329,11:26:30,4.99,121289,243,卖盘
2330,11:26:33,4.99,59381,119,卖盘
2331,11:26:36,4.99,642260,1287,卖盘
2332,11:26:39,4.99,245809,492,卖盘
2333,11:26:45,4.99,167671,336,卖盘
2334,11:26:48,4.99,2996,6,卖盘
2335,11:26:51,4.99,4990,10,卖盘
2336,11:26:54,5.0,346991,695,买盘
2337,11:26:57,5.0,156998,314,买盘
2338,11:27:00,4.99,582373,1167,卖盘
2339,11:27:03,4.99,2434124,4876,卖盘
2340,11:27:06,4.99,76846,154,卖盘
2341,11:27:09,5.0,37455,75,买盘
2342,11:27:12,4.99,98480,197,卖盘
2343,11:27:15,5.0,262778,526,买盘
2344,11:27:18,5.0,2500,5,买盘
2345,11:27:21,4.99,23954,48,卖盘
2346,11:27:24,5.0,13500,27,买盘
2347,11:27:27,4.99,141925,284,卖盘
2348,11:27:30,4.99,13473,27,卖盘
2349,11:27:33,5.0,46479,93,买盘
2350,11:27:36,5.0,58405,117,买盘
2351,11:27:39,5.0,44000,88,买盘
2352,11:27:42,5.0,398763,799,买盘
2353,11:27:45,4.99,8997,18,卖盘
2354,11:27:48,4.99,4990,10,卖盘
2355,11:27:51,5.0,63498,127,买盘
2356,11:27:54,4.99,272889,546,卖盘
2357,11:27:57,4.99,147704,296,卖盘
2358,11:28:00,4.99,1120910,2246,卖盘
2359,11:28:03,4.99,293036,587,卖盘
2360,11:28:06,5.0,617383,1237,买盘
2361,11:28:09,4.99,222554,446,卖盘
2362,11:28:12,4.99,84830,170,卖盘
2363,11:28:15,4.99,40929,82,卖盘
2364,11:28:18,5.0,164371,329,买盘
2365,11:28:21,5.0,47495,95,买盘
2366,11:28:24,5.0,10983,22,买盘
2367,11:28:27,4.99,195631,392,卖盘
2368,11:28:30,4.99,30499,61,卖盘
2369,11:28:33,5.0,127923,256,买盘
2370,11:28:36,4.99,64941,130,卖盘
2371,11:28:39,4.99,19461,39,卖盘
2372,11:28:42,4.99,24950,50,卖盘
2373,11:28:45,5.0,237201,475,买盘
2374,11:28:48,4.99,18973,38,卖盘
2375,11:28:51,4.99,12475,25,卖盘
2376,11:28:54,5.0,95873,192,买盘
2377,11:28:57,4.99,247713,496,卖盘
2378,11:29:00,4.99,89363,179,卖盘
2379,11:29:03,4.99,25948,52,卖盘
2380,11:29:06,4.99,113812,228,卖盘
2381,11:29:09,5.0,59926,120,买盘
2382,11:29:12,4.99,45409,91,卖盘
2383,11:29:15,4.99,384253,770,卖盘
2384,11:29:18,4.99,825945,1655,卖盘
2385,11:29:21,4.99,152262,305,卖盘
2386,11:29:24,5.0,92398,185,买盘
2387,11:29:27,5.0,20998,42,买盘
2388,11:29:30,5.0,355372,711,买盘
2389,11:29:33,5.0,79890,160,买盘
2390,11:29:36,5.0,29000,58,买盘
2391,11:29:39,4.99,19463,39,卖盘
2392,11:29:42,5.0,77402,155,买盘
2393,11:29:45,5.0,49967,100,买盘
2394,11:29:48,5.0,16500,33,买盘
2395,11:29:51,5.0,30500,61,买盘
2396,11:29:54,5.0,19500,39,买盘
2397,11:29:57,4.99,80479,161,卖盘
2398,11:30:00,5.0,10989,22,买盘
2399,13:00:00,4.99,106787,214,卖盘
2400,13:00:03,5.0,3454467,6920,买盘
2401,13:00:06,5.0,4194635,8401,买盘
2402,13:00:09,5.0,2599912,5204,买盘
2403,13:00:12,4.98,5773914,11573,卖盘
2404,13:00:15,4.98,1723310,3454,卖盘
2405,13:00:18,4.99,537907,1078,买盘
2406,13:00:21,4.98,133232,267,卖盘
2407,13:00:24,4.99,497922,998,买盘
2408,13:00:27,4.98,162106,325,卖盘
2409,13:00:30,4.98,335791,673,卖盘
2410,13:00:33,4.99,177988,357,买盘
2411,13:00:36,4.99,25430,51,买盘
2412,13:00:39,4.98,85158,171,卖盘
2413,13:00:42,4.98,186972,375,卖盘
2414,13:00:45,4.99,56368,113,买盘
2415,13:00:48,4.99,394010,790,买盘
2416,13:00:51,4.99,42913,86,买盘
2417,13:00:54,4.99,229504,460,买盘
2418,13:00:57,4.99,76774,154,买盘
2419,13:01:00,4.98,132714,266,卖盘
2420,13:01:03,4.99,661798,1328,买盘
2421,13:01:06,4.98,143539,288,卖盘
2422,13:01:09,4.98,499790,1003,卖盘
2423,13:01:12,4.98,25428,51,卖盘
2424,13:01:15,4.98,259235,520,卖盘
2425,13:01:18,4.98,17928,36,卖盘
2426,13:01:21,4.99,320953,644,买盘
2427,13:01:24,4.98,128103,257,卖盘
2428,13:01:27,4.99,147578,296,买盘
2429,13:01:30,4.98,126725,254,卖盘
2430,13:01:33,4.98,181556,364,卖盘
2431,13:01:36,4.99,1240336,2486,买盘
2432,13:01:39,4.99,1268743,2543,买盘
2433,13:01:42,4.99,151423,303,卖盘
2434,13:01:45,4.99,613279,1227,卖盘
2435,13:01:48,5.0,131498,263,买盘
2436,13:01:51,5.0,30495,61,买盘
2437,13:01:54,5.0,137396,275,买盘
2438,13:01:57,4.99,175381,351,卖盘
2439,13:02:00,5.0,176947,354,买盘
2440,13:02:03,5.0,150980,302,买盘
2441,13:02:06,5.0,131847,264,买盘
2442,13:02:09,4.99,287163,575,卖盘
2443,13:02:12,4.99,1660678,3328,卖盘
2444,13:02:15,4.99,741687,1486,卖盘
2445,13:02:18,4.99,79822,160,买盘
2446,13:02:21,4.99,327407,656,买盘
2447,13:02:24,4.99,157436,315,卖盘
2448,13:02:27,4.99,45909,92,卖盘
2449,13:02:30,4.99,220791,442,卖盘
2450,13:02:33,5.0,193249,387,买盘
2451,13:02:36,4.99,871021,1745,卖盘
2452,13:02:39,4.99,233532,468,买盘
2453,13:02:42,4.99,177145,355,买盘
2454,13:02:45,4.98,2110455,4223,卖盘
2455,13:02:48,4.98,216063,433,卖盘
2456,13:02:51,4.99,144415,289,卖盘
2457,13:02:54,4.99,97449,195,卖盘
2458,13:02:57,4.99,160433,321,卖盘
2459,13:03:00,4.99,200099,401,卖盘
2460,13:03:03,5.0,241882,484,买盘
2461,13:03:06,4.99,13972,28,卖盘
2462,13:03:09,4.99,56387,113,卖盘
2463,13:03:12,4.99,26966,54,卖盘
2464,13:03:15,4.99,139749,280,卖盘
2465,13:03:18,4.99,213838,428,卖盘
2466,13:03:21,5.0,203310,407,买盘
2467,13:03:24,5.0,196452,393,买盘
2468,13:03:27,4.99,164790,330,卖盘
2469,13:03:30,4.99,33463,67,卖盘
2470,13:03:33,4.99,816443,1636,卖盘
2471,13:03:36,4.99,414943,831,卖盘
2472,13:03:39,4.99,393212,788,卖盘
2473,13:03:42,4.99,33932,68,中性盘
2474,13:03:45,4.99,148702,298,买盘
2475,13:03:48,4.99,228031,457,买盘
2476,13:03:51,4.99,51398,103,买盘
2477,13:03:54,5.0,116992,234,买盘
2478,13:03:57,4.99,145209,291,卖盘
2479,13:04:00,5.0,166407,333,买盘
2480,13:04:03,5.0,25953,52,买盘
2481,13:04:06,4.99,76472,153,卖盘
2482,13:04:09,5.0,157764,316,买盘
2483,13:04:12,4.99,323083,647,卖盘
2484,13:04:15,5.0,114500,229,买盘
2485,13:04:18,5.0,234864,470,买盘
2486,13:04:21,4.99,42924,86,卖盘
2487,13:04:24,4.99,119919,240,卖盘
2488,13:04:27,5.0,78405,157,买盘
2489,13:04:30,4.99,33433,67,卖盘
2490,13:04:33,5.0,215945,432,买盘
2491,13:04:36,4.99,13485,27,卖盘
2492,13:04:39,5.0,424940,851,买盘
2493,13:04:42,5.0,39941,80,买盘
2494,13:04:45,5.0,366500,733,买盘
2495,13:04:48,5.0,198977,398,买盘
2496,13:04:51,5.0,125456,251,买盘
2497,13:04:54,5.0,107985,216,买盘
2498,13:04:57,4.99,87992,176,卖盘
2499,13:05:00,4.99,172464,345,卖盘
2500,13:05:03,5.0,21459,43,买盘
2501,13:05:06,5.0,275479,551,买盘
2502,13:05:09,5.0,234927,470,买盘
2503,13:05:12,4.99,76916,154,卖盘
2504,13:05:15,5.0,131951,264,买盘
2505,13:05:18,4.99,223940,448,卖盘
2506,13:05:21,4.99,13473,27,卖盘
2507,13:05:24,4.99,127347,255,卖盘
2508,13:05:27,4.99,109980,220,卖盘
2509,13:05:30,5.0,68420,137,买盘
2510,13:05:33,4.99,29445,59,卖盘
2511,13:05:36,5.0,99400,199,买盘
2512,13:05:39,5.0,49908,100,买盘
2513,13:05:42,5.0,201327,403,买盘
2514,13:05:45,5.0,97855,196,买盘
2515,13:05:48,5.0,149500,299,买盘
2516,13:05:51,4.99,156706,314,卖盘
2517,13:05:54,5.0,197998,396,买盘
2518,13:05:57,5.0,18995,38,买盘
2519,13:06:00,4.99,335870,673,卖盘
2520,13:06:03,5.0,70950,142,买盘
2521,13:06:06,4.99,695049,1392,卖盘
2522,13:06:09,5.0,245965,492,买盘
2523,13:06:12,4.99,9990,20,卖盘
2524,13:06:15,5.0,122872,246,买盘
2525,13:06:18,5.0,302961,606,买盘
2526,13:06:21,5.0,231770,464,买盘
2527,13:06:24,5.0,444984,890,买盘
2528,13:06:27,4.99,3435671,6885,卖盘
2529,13:06:30,5.0,214495,429,买盘
2530,13:06:33,5.0,13500,27,买盘
2531,13:06:36,4.99,267964,536,卖盘
2532,13:06:39,4.99,138446,277,卖盘
2533,13:06:42,4.99,32436,65,卖盘
2534,13:06:45,5.0,192500,385,买盘
2535,13:06:48,5.0,31463,63,买盘
2536,13:06:51,4.99,47954,96,卖盘
2537,13:06:54,4.99,87867,176,卖盘
2538,13:06:57,5.0,3578971,7158,买盘
2539,13:07:00,5.0,129997,260,买盘
2540,13:07:03,5.0,362819,727,买盘
2541,13:07:06,5.0,1223411,2448,买盘
2542,13:07:09,5.0,335902,672,买盘
2543,13:07:12,5.0,181500,363,买盘
2544,13:07:15,5.0,129000,258,卖盘
2545,13:07:18,5.0,172000,344,卖盘
2546,13:07:21,5.0,328719,657,卖盘
2547,13:07:24,5.01,215701,431,买盘
2548,13:07:27,5.01,38577,77,买盘
2549,13:07:30,5.01,146708,293,买盘
2550,13:07:33,5.01,37060,74,买盘
2551,13:07:36,5.0,99058,198,卖盘
2552,13:07:39,5.0,367276,734,卖盘
2553,13:07:42,5.0,6000,12,卖盘
2554,13:07:45,5.01,115154,230,买盘
2555,13:07:48,5.01,161227,322,买盘
2556,13:07:51,5.01,9519,19,买盘
2557,13:07:54,5.0,215170,430,卖盘
2558,13:07:57,5.01,59589,119,买盘
2559,13:08:00,5.0,388031,776,卖盘
2560,13:08:03,5.0,175325,350,卖盘
2561,13:08:06,5.0,441204,882,卖盘
2562,13:08:09,5.01,158747,317,买盘
2563,13:08:12,5.01,132201,264,买盘
2564,13:08:15,5.0,188867,377,卖盘
2565,13:08:18,5.01,404686,809,买盘
2566,13:08:21,5.01,108216,216,买盘
2567,13:08:24,5.0,494500,989,卖盘
2568,13:08:27,5.01,1063756,2127,买盘
2569,13:08:30,5.01,105210,210,买盘
2570,13:08:33,5.01,248428,496,买盘
2571,13:08:36,5.01,681849,1361,买盘
2572,13:08:39,5.01,129248,258,买盘
2573,13:08:42,5.0,419140,838,卖盘
2574,13:08:45,5.0,195875,391,卖盘
2575,13:08:48,5.01,5010,10,买盘
2576,13:08:51,5.01,867206,1731,买盘
2577,13:08:54,5.01,151712,303,买盘
2578,13:08:57,5.01,379693,758,买盘
2579,13:09:00,5.0,112042,224,卖盘
2580,13:09:03,5.0,282894,565,卖盘
2581,13:09:06,5.01,49073,98,买盘
2582,13:09:09,5.01,126252,252,买盘
2583,13:09:12,5.0,298517,597,卖盘
2584,13:09:15,5.01,97193,194,买盘
2585,13:09:18,5.01,125202,250,买盘
2586,13:09:21,5.0,196885,393,卖盘
2587,13:09:24,5.0,7510,15,卖盘
2588,13:09:27,5.01,368736,736,买盘
2589,13:09:33,5.01,144768,289,买盘
2590,13:09:36,5.0,500,1,卖盘
2591,13:09:39,5.01,249998,499,买盘
2592,13:09:42,5.0,28012,56,卖盘
2593,13:09:45,5.0,339630,678,卖盘
2594,13:09:48,5.0,245255,490,卖盘
2595,13:09:51,5.01,426823,852,买盘
2596,13:09:54,5.0,269973,539,卖盘
2597,13:09:57,5.0,510008,1018,卖盘
2598,13:10:00,5.0,634029,1266,卖盘
2599,13:10:03,5.0,219426,438,卖盘
2600,13:10:06,5.01,254458,508,买盘
2601,13:10:09,5.0,213201,426,卖盘
2602,13:10:12,5.01,61093,122,买盘
2603,13:10:15,5.0,160201,320,卖盘
2604,13:10:18,5.01,176718,353,买盘
2605,13:10:24,5.01,145278,290,买盘
2606,13:10:27,5.01,360208,719,买盘
2607,13:10:30,5.01,750999,1499,买盘
2608,13:10:33,5.01,139101,278,买盘
2609,13:10:36,5.0,220424,440,卖盘
2610,13:10:39,5.01,118206,236,买盘
2611,13:10:42,5.0,210385,420,卖盘
2612,13:10:45,5.01,378255,755,买盘
2613,13:10:48,5.01,137274,274,买盘
2614,13:10:51,5.01,687371,1372,买盘
2615,13:10:54,5.01,498495,995,买盘
2616,13:10:57,5.01,602202,1202,买盘
2617,13:11:00,5.0,63098,126,卖盘
2618,13:11:03,5.01,287925,575,买盘
2619,13:11:06,5.01,301414,602,买盘
2620,13:11:09,5.01,417473,834,买盘
2621,13:11:12,5.01,157815,315,买盘
2622,13:11:15,5.01,61120,122,买盘
2623,13:11:18,5.01,49599,99,买盘
2624,13:11:21,5.0,353456,706,卖盘
2625,13:11:24,5.01,206719,413,买盘
2626,13:11:27,5.01,523884,1046,买盘
2627,13:11:30,5.01,291055,581,买盘
2628,13:11:33,5.0,52538,105,卖盘
2629,13:11:36,5.0,188675,377,卖盘
2630,13:11:39,5.01,222945,445,买盘
2631,13:11:42,5.01,143784,287,买盘
2632,13:11:45,5.0,289566,578,卖盘
2633,13:11:48,5.0,144076,288,卖盘
2634,13:11:51,5.0,183741,367,卖盘
2635,13:11:54,5.0,254466,508,卖盘
2636,13:11:57,5.01,272829,545,买盘
2637,13:12:00,5.0,1054094,2108,卖盘
2638,13:12:03,5.0,1812689,3625,卖盘
2639,13:12:06,5.0,3474559,6949,卖盘
2640,13:12:09,5.0,5971907,11943,卖盘
2641,13:12:12,5.0,216703,433,卖盘
2642,13:12:15,5.0,32501,65,卖盘
2643,13:12:18,5.0,337523,675,卖盘
2644,13:12:21,5.01,153271,306,买盘
2645,13:12:24,5.01,38567,77,买盘
2646,13:12:27,5.0,21012,42,卖盘
2647,13:12:30,5.0,2038228,4076,卖盘
2648,13:12:33,5.0,140000,280,买盘
2649,13:12:36,5.0,104000,208,买盘
2650,13:12:39,5.0,785931,1572,买盘
2651,13:12:42,5.0,323983,648,买盘
2652,13:12:45,4.99,176979,354,卖盘
2653,13:12:48,5.0,78947,158,买盘
2654,13:12:51,5.0,129494,259,买盘
2655,13:12:54,5.0,65400,131,买盘
2656,13:12:57,5.0,291316,583,买盘
2657,13:13:00,4.99,585878,1172,卖盘
2658,13:13:03,4.99,322856,646,卖盘
2659,13:13:06,5.0,90472,181,买盘
2660,13:13:09,5.0,285969,572,买盘
2661,13:13:12,5.0,127490,255,买盘
2662,13:13:15,4.99,225757,452,卖盘
2663,13:13:18,5.0,55000,110,买盘
2664,13:13:21,4.99,134496,269,卖盘
2665,13:13:24,4.99,132982,266,卖盘
2666,13:13:27,5.0,64961,130,买盘
2667,13:13:30,5.0,297667,596,买盘
2668,13:13:33,5.0,347240,695,买盘
2669,13:13:36,5.0,142950,286,买盘
2670,13:13:39,5.0,83400,167,买盘
2671,13:13:42,5.0,128990,258,买盘
2672,13:13:45,5.0,12500,25,买盘
2673,13:13:48,5.0,136999,274,买盘
2674,13:13:51,5.0,60500,121,买盘
2675,13:13:54,5.0,20494,41,买盘
2676,13:13:57,5.0,117491,235,买盘
2677,13:14:00,4.99,206112,413,卖盘
2678,13:14:03,4.99,279286,559,卖盘
2679,13:14:06,5.0,114982,230,买盘
2680,13:14:09,4.99,217311,435,卖盘
2681,13:14:12,4.99,47416,95,卖盘
2682,13:14:15,5.0,22488,45,买盘
2683,13:14:18,4.99,744029,1491,卖盘
2684,13:14:21,4.99,143715,288,卖盘
2685,13:14:24,4.99,285704,572,卖盘
2686,13:14:27,4.99,5490,11,卖盘
2687,13:14:30,4.99,189948,380,卖盘
2688,13:14:33,4.99,91816,184,卖盘
2689,13:14:36,4.99,126448,253,卖盘
2690,13:14:39,4.99,58403,117,卖盘
2691,13:14:42,4.99,97875,196,卖盘
2692,13:14:45,4.99,141936,284,卖盘
2693,13:14:48,4.99,637068,1276,卖盘
2694,13:14:51,4.99,138798,278,卖盘
2695,13:14:54,4.99,62876,126,卖盘
2696,13:14:57,5.0,194329,389,买盘
2697,13:15:00,4.99,749294,1499,卖盘
2698,13:15:03,4.99,148207,297,卖盘
2699,13:15:06,4.99,379969,761,卖盘
2700,13:15:09,4.99,107288,215,卖盘
2701,13:15:12,4.99,114781,230,卖盘
2702,13:15:15,4.99,2606832,5224,卖盘
2703,13:15:18,4.99,185370,371,卖盘
2704,13:15:21,5.0,356311,714,买盘
2705,13:15:24,4.99,208781,418,卖盘
2706,13:15:27,4.99,102994,206,卖盘
2707,13:15:30,4.99,132496,265,卖盘
2708,13:15:33,4.99,14491,29,卖盘
2709,13:15:36,5.0,169901,340,买盘
2710,13:15:39,4.99,17479,35,卖盘
2711,13:15:42,4.99,55389,111,卖盘
2712,13:15:45,4.99,163173,327,卖盘
2713,13:15:48,5.0,143479,287,买盘
2714,13:15:51,4.99,93313,187,卖盘
2715,13:15:54,4.99,45409,91,卖盘
2716,13:15:57,4.99,31437,63,卖盘
2717,13:16:00,5.0,272228,545,买盘
2718,13:16:03,4.99,263472,528,卖盘
2719,13:16:06,4.99,45930,92,卖盘
2720,13:16:09,4.99,31458,63,卖盘
2721,13:16:12,5.0,199846,400,买盘
2722,13:16:15,5.0,61000,122,买盘
2723,13:16:18,5.0,211983,424,买盘
2724,13:16:21,4.99,79371,159,卖盘
2725,13:16:24,4.99,292914,587,卖盘
2726,13:16:27,4.99,117282,235,卖盘
2727,13:16:30,5.0,298682,598,买盘
2728,13:16:33,5.0,50489,101,买盘
2729,13:16:36,5.0,112000,224,买盘
2730,13:16:39,5.0,42932,86,买盘
2731,13:16:42,5.0,29445,59,买盘
2732,13:16:45,4.99,142325,285,卖盘
2733,13:16:48,4.99,85864,172,卖盘
2734,13:16:51,5.0,121458,243,买盘
2735,13:16:54,4.99,29466,59,卖盘
2736,13:16:57,4.99,83842,168,卖盘
2737,13:17:00,5.0,141463,283,买盘
2738,13:17:03,4.99,36926,74,卖盘
2739,13:17:06,4.99,241234,483,卖盘
2740,13:17:09,5.0,36957,74,买盘
2741,13:17:12,5.0,72862,146,买盘
2742,13:17:15,5.0,48408,97,买盘
2743,13:17:18,4.99,190889,382,卖盘
2744,13:17:21,4.99,355819,713,卖盘
2745,13:17:24,4.99,31439,63,卖盘
2746,13:17:27,5.0,201323,403,买盘
2747,13:17:30,5.0,5000,10,买盘
2748,13:17:33,4.99,77848,156,卖盘
2749,13:17:36,4.99,59880,120,卖盘
2750,13:17:39,4.99,111488,223,卖盘
2751,13:17:42,4.99,12478,25,卖盘
2752,13:17:45,4.99,175906,352,卖盘
2753,13:17:48,4.99,190848,382,卖盘
2754,13:17:51,5.0,122267,245,买盘
2755,13:17:54,4.99,252136,505,卖盘
2756,13:17:57,5.0,225782,452,买盘
2757,13:18:00,5.0,475090,952,买盘
2758,13:18:03,5.0,19466,39,买盘
2759,13:18:06,5.0,273710,548,买盘
2760,13:18:09,4.99,92466,185,卖盘
2761,13:18:12,5.0,9500,19,买盘
2762,13:18:15,5.0,75989,152,买盘
2763,13:18:18,5.0,187416,375,买盘
2764,13:18:21,5.0,49460,99,买盘
2765,13:18:24,4.99,414939,831,卖盘
2766,13:18:27,4.99,27488,55,卖盘
2767,13:18:30,5.0,21463,43,买盘
2768,13:18:33,5.0,3000,6,买盘
2769,13:18:36,5.0,86828,174,买盘
2770,13:18:39,4.99,138995,278,卖盘
2771,13:18:42,5.0,39933,80,买盘
2772,13:18:45,5.0,795466,1591,买盘
2773,13:18:48,5.0,339415,679,买盘
2774,13:18:51,4.99,933389,1867,卖盘
2775,13:18:54,5.0,509500,1019,买盘
2776,13:18:57,5.0,263487,527,买盘
2777,13:19:00,4.99,109473,219,卖盘
2778,13:19:03,5.0,709406,1419,买盘
2779,13:19:06,4.99,55433,111,卖盘
2780,13:19:09,5.0,10498,21,买盘
2781,13:19:12,4.99,15972,32,卖盘
2782,13:19:15,4.99,17477,35,卖盘
2783,13:19:18,4.99,48933,98,卖盘
2784,13:19:21,4.99,196659,394,卖盘
2785,13:19:24,4.99,998,2,卖盘
2786,13:19:27,4.99,641215,1285,卖盘
2787,13:19:30,4.99,115269,231,卖盘
2788,13:19:33,4.99,69391,139,卖盘
2789,13:19:36,4.99,739528,1482,卖盘
2790,13:19:39,4.99,173349,347,卖盘
2791,13:19:42,5.0,70897,142,买盘
2792,13:19:45,5.0,100349,201,买盘
2793,13:19:48,4.99,31437,63,卖盘
2794,13:19:51,4.99,105289,211,卖盘
2795,13:19:54,4.99,111776,224,卖盘
2796,13:19:57,4.99,44910,90,卖盘
2797,13:20:00,4.99,41417,83,卖盘
2798,13:20:03,4.99,220790,442,卖盘
2799,13:20:06,5.0,170667,342,买盘
2800,13:20:09,4.99,258981,519,卖盘
2801,13:20:12,5.0,10000,20,买盘
2802,13:20:15,4.99,55890,112,卖盘
2803,13:20:18,5.0,20469,41,买盘
2804,13:20:21,5.0,37999,76,买盘
2805,13:20:24,4.99,26949,54,卖盘
2806,13:20:27,4.99,157253,315,卖盘
2807,13:20:30,4.99,62415,125,卖盘
2808,13:20:33,4.99,69860,140,卖盘
2809,13:20:36,4.99,71862,144,卖盘
2810,13:20:39,4.99,135752,272,卖盘
2811,13:20:42,4.99,49453,99,卖盘
2812,13:20:45,4.99,38922,78,卖盘
2813,13:20:48,5.0,17495,35,买盘
2814,13:20:51,4.99,42415,85,卖盘
2815,13:20:54,4.99,37440,75,卖盘
2816,13:20:57,5.0,55402,111,买盘
2817,13:21:00,4.99,567957,1136,卖盘
2818,13:21:03,4.99,68962,138,卖盘
2819,13:21:06,4.99,290971,583,卖盘
2820,13:21:09,4.99,591814,1186,卖盘
2821,13:21:12,5.0,170701,342,买盘
2822,13:21:15,4.99,138223,277,卖盘
2823,13:21:18,4.99,11998,24,卖盘
2824,13:21:21,5.0,20000,40,买盘
2825,13:21:24,5.0,114771,230,买盘
2826,13:21:27,4.99,1120303,2245,卖盘
2827,13:21:30,4.99,160179,321,卖盘
2828,13:21:33,4.99,25449,51,卖盘
2829,13:21:36,4.99,633231,1269,卖盘
2830,13:21:39,4.99,15469,31,卖盘
2831,13:21:42,4.99,25949,52,卖盘
2832,13:21:45,4.99,10978,22,卖盘
2833,13:21:48,5.0,51916,104,买盘
2834,13:21:51,4.99,16966,34,卖盘
2835,13:21:54,5.0,145848,292,买盘
2836,13:21:57,5.0,84939,170,买盘
2837,13:22:00,4.99,188123,377,卖盘
2838,13:22:03,4.99,998,2,卖盘
2839,13:22:06,4.99,41923,84,卖盘
2840,13:22:09,4.99,151696,304,卖盘
2841,13:22:12,4.99,102340,205,卖盘
2842,13:22:15,4.99,44991,90,卖盘
2843,13:22:18,4.99,37976,76,卖盘
2844,13:22:21,4.99,104291,209,卖盘
2845,13:22:24,4.99,70878,142,卖盘
2846,13:22:27,5.0,126766,254,买盘
2847,13:22:30,4.99,99301,199,卖盘
2848,13:22:33,4.99,8982,18,卖盘
2849,13:22:36,4.99,146872,294,卖盘
2850,13:22:39,5.0,145000,290,买盘
2851,13:22:42,4.99,145726,292,卖盘
2852,13:22:45,4.99,27445,55,卖盘
2853,13:22:48,4.99,492513,987,卖盘
2854,13:22:51,4.99,262594,526,卖盘
2855,13:22:54,5.0,37929,76,买盘
2856,13:22:57,5.0,184164,369,买盘
2857,13:23:00,4.99,201596,404,卖盘
2858,13:23:03,4.99,153697,308,卖盘
2859,13:23:06,4.99,2526951,5064,卖盘
2860,13:23:09,4.99,180638,362,卖盘
2861,13:23:12,4.99,214636,430,卖盘
2862,13:23:15,5.0,17483,35,买盘
2863,13:23:18,4.99,84897,170,卖盘
2864,13:23:21,4.99,55389,111,卖盘
2865,13:23:24,4.99,137923,276,卖盘
2866,13:23:27,4.99,73353,147,卖盘
2867,13:23:30,5.0,22456,45,买盘
2868,13:23:33,4.99,56886,114,卖盘
2869,13:23:36,4.99,84830,170,卖盘
2870,13:23:39,4.99,320857,643,卖盘
2871,13:23:42,5.0,198925,398,买盘
2872,13:23:45,4.99,741071,1485,卖盘
2873,13:23:48,5.0,1095414,2195,买盘
2874,13:23:51,4.99,184131,369,卖盘
2875,13:23:54,4.99,448382,898,卖盘
2876,13:23:57,4.99,2629789,5270,卖盘
2877,13:24:00,4.99,402728,807,卖盘
2878,13:24:03,4.99,208003,417,买盘
2879,13:24:06,4.99,25449,51,买盘
2880,13:24:09,4.99,688013,1379,买盘
2881,13:24:12,4.99,436202,875,买盘
2882,13:24:15,4.99,239010,479,卖盘
2883,13:24:18,4.99,249999,501,卖盘
2884,13:24:21,4.99,7489,15,卖盘
2885,13:24:24,4.99,113772,228,卖盘
2886,13:24:27,4.99,155330,311,卖盘
2887,13:24:30,4.99,56891,114,卖盘
2888,13:24:33,5.0,37426,75,买盘
2889,13:24:36,4.99,156210,313,卖盘
2890,13:24:39,4.99,144247,289,卖盘
2891,13:24:42,4.99,51996,104,卖盘
2892,13:24:45,5.0,49422,99,买盘
2893,13:24:48,4.99,202754,406,卖盘
2894,13:24:51,4.99,36437,73,卖盘
2895,13:24:54,5.0,782380,1565,买盘
2896,13:24:57,4.99,32934,66,卖盘
2897,13:25:00,4.99,444110,889,卖盘
2898,13:25:03,4.99,294446,589,卖盘
2899,13:25:06,5.0,22481,45,买盘
2900,13:25:09,5.0,2157497,4315,买盘
2901,13:25:12,5.0,2534402,5069,买盘
2902,13:25:15,5.0,634931,1271,买盘
2903,13:25:18,5.0,948957,1898,买盘
2904,13:25:21,5.0,119985,240,买盘
2905,13:25:24,5.0,595919,1192,买盘
2906,13:25:27,5.0,525350,1051,买盘
2907,13:25:30,5.0,1021484,2043,买盘
2908,13:25:33,5.0,3024849,6050,买盘
2909,13:25:36,5.0,336958,674,买盘
2910,13:25:39,5.01,95150,190,买盘
2911,13:25:42,5.0,1591794,3186,卖盘
2912,13:25:45,5.01,25040,50,买盘
2913,13:25:48,5.0,57018,114,卖盘
2914,13:25:51,5.0,126561,253,卖盘
2915,13:25:54,5.01,144163,288,买盘
2916,13:25:57,5.0,83000,166,卖盘
2917,13:26:00,5.0,90589,181,卖盘
2918,13:26:03,5.0,44042,88,卖盘
2919,13:26:06,5.0,186510,373,卖盘
2920,13:26:09,5.01,209511,419,买盘
2921,13:26:12,5.01,150515,301,买盘
2922,13:26:15,5.01,42081,84,买盘
2923,13:26:18,5.0,214022,428,卖盘
2924,13:26:21,5.0,11512,23,卖盘
2925,13:26:24,5.01,248650,497,买盘
2926,13:26:27,5.01,11012,22,买盘
2927,13:26:30,5.0,43502,87,卖盘
2928,13:26:33,5.01,61597,123,买盘
2929,13:26:36,5.0,29557,59,卖盘
2930,13:26:39,5.0,200640,401,卖盘
2931,13:26:42,5.01,53105,106,买盘
2932,13:26:45,5.0,45024,90,卖盘
2933,13:26:48,5.0,823531,1647,卖盘
2934,13:26:51,5.0,195627,391,卖盘
2935,13:26:54,5.0,1113531,2223,卖盘
2936,13:26:57,5.01,211171,422,买盘
2937,13:27:00,5.0,140162,280,卖盘
2938,13:27:03,5.01,158753,317,买盘
2939,13:27:06,5.0,49020,98,卖盘
2940,13:27:09,5.01,577627,1153,买盘
2941,13:27:12,5.01,484411,967,买盘
2942,13:27:15,5.01,10020,20,买盘
2943,13:27:18,5.0,1487081,2974,卖盘
2944,13:27:21,5.01,22525,45,买盘
2945,13:27:24,5.0,249649,499,卖盘
2946,13:27:27,5.0,43005,86,卖盘
2947,13:27:30,5.0,45587,91,卖盘
2948,13:27:33,5.01,128051,256,买盘
2949,13:27:36,5.0,1180617,2361,卖盘
2950,13:27:39,5.0,111510,223,卖盘
2951,13:27:42,5.0,121504,243,卖盘
2952,13:27:45,5.0,74060,148,卖盘
2953,13:27:48,5.0,24038,48,卖盘
2954,13:27:51,5.0,12003,24,卖盘
2955,13:27:54,5.0,286520,573,卖盘
2956,13:27:57,5.01,84613,169,买盘
2957,13:28:00,5.0,99100,198,卖盘
2958,13:28:03,5.01,1501,3,买盘
2959,13:28:06,5.01,65022,130,买盘
2960,13:28:09,5.0,185332,370,卖盘
2961,13:28:12,5.01,123014,246,买盘
2962,13:28:15,5.0,66090,132,卖盘
2963,13:28:18,5.0,67004,134,卖盘
2964,13:28:21,5.0,1026708,2050,卖盘
2965,13:28:24,5.01,54063,108,买盘
2966,13:28:27,5.0,26018,52,卖盘
2967,13:28:30,5.01,97135,194,买盘
2968,13:28:33,5.01,27554,55,买盘
2969,13:28:36,5.0,254077,508,卖盘
2970,13:28:39,5.0,33006,66,卖盘
2971,13:28:42,5.01,65130,130,买盘
2972,13:28:45,5.01,26505,53,买盘
2973,13:28:48,5.01,406007,812,买盘
2974,13:28:51,5.01,25018,50,买盘
2975,13:28:54,5.0,272114,544,卖盘
2976,13:28:57,5.01,114228,228,买盘
2977,13:29:00,5.0,113085,226,卖盘
2978,13:29:03,5.0,116500,233,卖盘
2979,13:29:06,5.01,715345,1428,买盘
2980,13:29:09,5.0,346164,692,卖盘
2981,13:29:12,5.0,874460,1748,卖盘
2982,13:29:15,5.01,542865,1085,买盘
2983,13:29:18,5.0,222214,444,卖盘
2984,13:29:21,5.0,193074,386,卖盘
2985,13:29:24,5.0,175143,350,卖盘
2986,13:29:27,5.0,76080,152,卖盘
2987,13:29:30,5.0,86535,173,卖盘
2988,13:29:33,5.0,14000,28,卖盘
2989,13:29:36,5.0,382053,763,卖盘
2990,13:29:39,5.0,75629,151,卖盘
2991,13:29:42,5.0,59000,118,卖盘
2992,13:29:45,5.01,453189,906,买盘
2993,13:29:48,5.0,500,1,卖盘
2994,13:29:51,5.0,86122,172,卖盘
2995,13:29:54,5.0,114500,229,卖盘
2996,13:29:57,5.0,104501,209,卖盘
2997,13:30:00,5.0,185550,371,卖盘
2998,13:30:03,5.0,336531,673,卖盘
2999,13:30:06,5.0,61581,123,卖盘
3000,13:30:09,5.01,23535,47,买盘
3001,13:30:12,5.01,11017,22,买盘
3002,13:30:15,5.0,73001,146,卖盘
3003,13:30:18,5.01,128256,256,买盘
3004,13:30:21,5.01,188009,376,买盘
3005,13:30:24,5.01,69019,138,买盘
3006,13:30:27,5.0,24018,48,卖盘
3007,13:30:30,5.0,2627016,5254,卖盘
3008,13:30:33,5.0,59500,119,卖盘
3009,13:30:36,5.0,31520,63,卖盘
3010,13:30:39,5.0,71500,143,卖盘
3011,13:30:42,5.01,211374,422,买盘
3012,13:30:45,5.0,301016,602,卖盘
3013,13:30:48,5.0,79001,158,卖盘
3014,13:30:51,5.0,149666,299,卖盘
3015,13:30:54,5.0,5500,11,卖盘
3016,13:30:57,5.01,181189,362,买盘
3017,13:31:00,5.0,238540,477,卖盘
3018,13:31:03,5.0,33000,66,卖盘
3019,13:31:06,5.0,62020,124,卖盘
3020,13:31:09,5.0,6682963,13367,卖盘
3021,13:31:12,4.99,165839,332,卖盘
3022,13:31:15,5.0,145493,291,买盘
3023,13:31:18,5.0,177366,355,买盘
3024,13:31:21,5.0,174787,350,买盘
3025,13:31:24,4.99,88956,178,卖盘
3026,13:31:27,5.0,92500,185,买盘
3027,13:31:30,5.0,206976,414,买盘
3028,13:31:33,4.99,45441,91,卖盘
3029,13:31:36,5.0,27495,55,买盘
3030,13:31:39,4.99,1110468,2225,卖盘
3031,13:31:42,5.0,261980,524,买盘
3032,13:31:45,5.0,73500,147,买盘
3033,13:31:48,5.0,78999,158,买盘
3034,13:31:51,5.0,159212,319,买盘
3035,13:31:54,5.0,2947000,5894,买盘
3036,13:31:57,5.01,488005,976,买盘
3037,13:32:00,4.99,1994470,3990,卖盘
3038,13:32:03,5.0,59443,119,买盘
3039,13:32:06,5.0,354970,710,买盘
3040,13:32:09,5.0,33496,67,买盘
3041,13:32:12,5.0,5500,11,买盘
3042,13:32:15,5.0,185479,371,买盘
3043,13:32:18,5.0,498255,998,买盘
3044,13:32:21,5.0,56412,113,买盘
3045,13:32:24,5.0,61909,124,买盘
3046,13:32:27,5.0,252420,505,买盘
3047,13:32:30,5.0,49500,99,买盘
3048,13:32:33,5.0,37453,75,买盘
3049,13:32:36,4.99,218478,437,卖盘
3050,13:32:39,4.99,125265,251,卖盘
3051,13:32:42,4.99,78443,157,卖盘
3052,13:32:45,5.0,426792,854,买盘
3053,13:32:48,4.99,39460,79,卖盘
