,成交时间,成交价格,成交金额,成交量,性质
0,09:25:03,28.45,44716458,15718,卖盘
1,09:30:02,28.5,4906198,1722,买盘
2,09:30:05,28.52,3421736,1200,买盘
3,09:30:08,28.48,2652994,931,卖盘
4,09:30:11,28.53,1930004,677,买盘
5,09:30:14,28.52,3591972,1260,卖盘
6,09:30:17,28.51,2398961,841,卖盘
7,09:30:20,28.52,6000523,2105,买盘
8,09:30:23,28.59,4928323,1727,买盘
9,09:30:26,28.57,1320270,462,卖盘
10,09:30:29,28.59,2845767,996,中性盘
11,09:30:32,28.57,3063344,1072,卖盘
12,09:30:35,28.57,4701050,1645,卖盘
13,09:30:38,28.6,5751402,2012,买盘
14,09:30:41,28.64,3504005,1225,买盘
15,09:30:44,28.65,7865549,2747,买盘
16,09:30:47,28.66,3312784,1156,买盘
17,09:30:50,28.67,3944388,1376,买盘
18,09:30:53,28.69,9434544,3289,买盘
19,09:30:56,28.73,3802875,1325,买盘
20,09:30:59,28.75,2989861,1040,买盘
21,09:31:02,28.78,4409336,1532,买盘
22,09:31:05,28.85,6477059,2248,买盘
23,09:31:08,28.87,4238417,1468,买盘
24,09:31:11,28.9,4323466,1496,买盘
25,09:31:14,28.93,2002144,692,买盘
26,09:31:17,28.95,13551934,4680,买盘
27,09:31:20,29.05,7066489,2437,买盘
28,09:31:23,29.09,3626319,1249,买盘
29,09:31:26,29.06,5002465,1720,卖盘
30,09:31:29,29.06,6698735,2306,卖盘
31,09:31:32,28.95,13638250,4700,卖盘
32,09:31:35,28.99,10462023,3610,买盘
33,09:31:38,28.94,5168241,1782,卖盘
34,09:31:41,29.05,6445812,2223,买盘
35,09:31:44,29.03,6267007,2159,中性盘
36,09:31:47,29.04,5132991,1768,买盘
37,09:31:50,29.05,5559190,1913,买盘
38,09:31:53,29.08,4608521,1585,中性盘
39,09:31:56,29.1,5511374,1894,买盘
40,09:31:59,29.1,3409855,1172,卖盘
41,09:32:02,29.09,3463431,1190,卖盘
42,09:32:05,29.04,5934546,2041,卖盘
43,09:32:08,28.99,14638710,5043,卖盘
44,09:32:11,28.92,5633962,1947,卖盘
45,09:32:14,28.83,3423904,1186,卖盘
46,09:32:17,28.83,4431153,1538,买盘
47,09:32:20,28.83,2175144,755,卖盘
48,09:32:23,28.87,11908841,4127,买盘
49,09:32:26,28.95,3590924,1243,买盘
50,09:32:29,28.95,1284350,444,买盘
51,09:32:32,28.96,3877972,1338,买盘
52,09:32:35,28.98,2221003,767,中性盘
53,09:32:38,28.97,4201388,1449,中性盘
54,09:32:41,28.98,2788900,962,买盘
55,09:32:44,29.0,2276637,785,中性盘
56,09:32:47,29.0,3638327,1255,卖盘
57,09:32:50,28.97,3285951,1133,卖盘
58,09:32:53,29.0,4113897,1419,买盘
59,09:32:56,29.0,4910173,1693,买盘
60,09:32:59,28.97,3315079,1144,卖盘
61,09:33:02,28.96,1732585,598,中性盘
62,09:33:05,28.99,5445626,1880,买盘
63,09:33:08,28.93,4494636,1553,卖盘
64,09:33:11,28.9,2862122,990,卖盘
65,09:33:14,28.89,3422875,1185,中性盘
66,09:33:17,28.85,8356049,2894,卖盘
67,09:33:20,28.85,5083207,1762,买盘
68,09:33:23,28.8,5912883,2052,卖盘
69,09:33:26,28.83,4432423,1538,买盘
70,09:33:29,28.8,5410245,1878,卖盘
71,09:33:32,28.81,1806432,627,买盘
72,09:33:35,28.78,2262320,786,卖盘
73,09:33:38,28.78,1416117,492,买盘
74,09:33:41,28.73,1932730,672,卖盘
75,09:33:44,28.73,1467941,511,卖盘
76,09:33:47,28.69,1369362,477,卖盘
77,09:33:50,28.7,1626375,567,买盘
78,09:33:53,28.68,2625784,916,买盘
79,09:33:56,28.66,3717829,1296,卖盘
80,09:33:59,28.68,2831578,988,卖盘
81,09:34:02,28.65,1587858,554,卖盘
82,09:34:05,28.66,1851007,646,买盘
83,09:34:08,28.66,4687928,1635,卖盘
84,09:34:11,28.73,3167498,1104,买盘
85,09:34:14,28.73,2829113,986,卖盘
86,09:34:17,28.73,905270,315,卖盘
87,09:34:20,28.75,888191,309,买盘
88,09:34:23,28.71,1786080,622,卖盘
89,09:34:26,28.7,1231224,429,卖盘
90,09:34:29,28.74,1677111,584,买盘
91,09:34:32,28.74,482605,168,买盘
92,09:34:35,28.74,1580404,550,买盘
93,09:34:38,28.74,1094641,381,买盘
94,09:34:41,28.74,1097571,382,买盘
95,09:34:44,28.74,957631,333,卖盘
96,09:34:47,28.72,3195775,1112,卖盘
97,09:34:50,28.71,1952358,680,卖盘
98,09:34:53,28.68,4015264,1399,卖盘
99,09:34:56,28.7,837835,292,买盘
100,09:34:59,28.67,1236774,431,卖盘
101,09:35:02,28.68,1497508,522,买盘
102,09:35:05,28.7,2938299,1024,买盘
103,09:35:08,28.7,1615969,563,卖盘
104,09:35:11,28.71,2363759,823,中性盘
105,09:35:14,28.72,3018501,1052,中性盘
106,09:35:17,28.72,3698457,1288,买盘
107,09:35:20,28.7,1751192,610,中性盘
108,09:35:23,28.7,1547138,539,买盘
109,09:35:26,28.7,1837555,640,买盘
110,09:35:29,28.72,1728806,602,买盘
111,09:35:32,28.72,476712,166,买盘
112,09:35:35,28.73,934045,325,买盘
113,09:35:38,28.71,3086841,1075,卖盘
114,09:35:41,28.7,6292399,2192,卖盘
115,09:35:44,28.69,4298723,1498,卖盘
116,09:35:47,28.69,4142961,1444,买盘
117,09:35:50,28.68,2258028,787,买盘
118,09:35:53,28.68,2543249,886,卖盘
119,09:35:56,28.68,2613039,911,卖盘
120,09:35:59,28.65,4527644,1580,卖盘
121,09:36:02,28.64,2616688,914,中性盘
122,09:36:05,28.59,12356319,4323,卖盘
123,09:36:08,28.58,1581906,553,卖盘
124,09:36:11,28.58,743029,260,买盘
125,09:36:14,28.58,2878781,1007,卖盘
126,09:36:17,28.61,2294807,803,买盘
127,09:36:20,28.55,7102219,2491,卖盘
128,09:36:23,28.52,556376,195,卖盘
129,09:36:26,28.52,1238108,434,卖盘
130,09:36:29,28.53,3463389,1214,中性盘
131,09:36:32,28.54,2738973,960,中性盘
132,09:36:35,28.57,3085649,1081,买盘
133,09:36:38,28.56,933638,327,卖盘
134,09:36:41,28.57,2493688,873,买盘
135,09:36:44,28.57,3738927,1309,卖盘
136,09:36:47,28.57,1405899,492,卖盘
137,09:36:50,28.57,1257001,440,买盘
138,09:36:53,28.58,1463068,512,买盘
139,09:36:56,28.57,494241,173,中性盘
140,09:36:59,28.56,1168513,409,卖盘
141,09:37:02,28.58,1023345,358,买盘
142,09:37:05,28.57,2712383,949,卖盘
143,09:37:08,28.57,2252135,788,卖盘
144,09:37:11,28.58,1105914,387,买盘
145,09:37:14,28.58,4704523,1645,卖盘
146,09:37:17,28.6,1232477,431,中性盘
147,09:37:20,28.6,1430581,500,买盘
148,09:37:23,28.61,609152,213,买盘
149,09:37:26,28.63,2080280,727,买盘
150,09:37:29,28.63,463515,162,卖盘
151,09:37:32,28.6,2051542,717,卖盘
152,09:37:35,28.59,703731,246,卖盘
153,09:37:38,28.54,2080083,728,卖盘
154,09:37:41,28.59,2610856,914,买盘
155,09:37:44,28.55,2494909,874,卖盘
156,09:37:47,28.54,2317220,812,卖盘
157,09:37:50,28.52,6574897,2306,买盘
158,09:37:53,28.53,935601,328,买盘
159,09:37:56,28.52,3536724,1240,卖盘
160,09:37:59,28.52,741273,260,买盘
161,09:38:02,28.49,3140398,1102,卖盘
162,09:38:05,28.47,1380884,485,卖盘
163,09:38:08,28.45,9397981,3303,卖盘
164,09:38:11,28.45,3320123,1167,买盘
165,09:38:14,28.45,1732909,609,卖盘
166,09:38:17,28.45,2021943,711,卖盘
167,09:38:20,28.43,1120322,394,卖盘
168,09:38:23,28.44,2981357,1048,买盘
169,09:38:26,28.43,2507945,882,卖盘
170,09:38:29,28.43,1512640,532,买盘
171,09:38:32,28.48,4020369,1414,买盘
172,09:38:35,28.48,1172827,412,买盘
173,09:38:38,28.5,1104415,388,买盘
174,09:38:41,28.5,911878,320,买盘
175,09:38:44,28.5,812125,285,卖盘
176,09:38:47,28.5,738266,259,卖盘
177,09:38:50,28.5,954662,335,卖盘
178,09:38:53,28.52,439052,154,买盘
179,09:38:56,28.51,681499,239,卖盘
180,09:38:59,28.52,689999,242,买盘
181,09:39:02,28.55,1075717,377,买盘
182,09:39:05,28.58,399787,140,买盘
183,09:39:08,28.55,499552,175,卖盘
184,09:39:11,28.52,1104168,387,卖盘
185,09:39:14,28.55,1535702,538,买盘
186,09:39:17,28.53,476505,167,卖盘
187,09:39:20,28.53,707801,248,卖盘
188,09:39:23,28.54,462250,162,买盘
189,09:39:26,28.55,925032,324,买盘
190,09:39:29,28.56,1777956,622,中性盘
191,09:39:32,28.58,771254,270,买盘
192,09:39:35,28.6,97160,34,买盘
193,09:39:38,28.59,665959,233,买盘
194,09:39:41,28.59,568843,199,买盘
195,09:39:44,28.6,1203404,421,买盘
196,09:39:47,28.6,1057889,370,买盘
197,09:39:50,28.59,986554,345,卖盘
198,09:39:53,28.62,2213546,773,买盘
199,09:39:56,28.63,1553489,543,中性盘
200,09:39:59,28.65,323672,113,中性盘
201,09:40:02,28.67,936859,327,买盘
202,09:40:05,28.66,954253,333,卖盘
203,09:40:08,28.63,1123076,392,卖盘
204,09:40:11,28.63,953449,333,买盘
205,09:40:14,28.62,2378034,831,卖盘
206,09:40:17,28.63,1649295,576,买盘
207,09:40:20,28.62,472281,165,卖盘
208,09:40:23,28.6,2435200,851,卖盘
209,09:40:26,28.6,1258476,440,卖盘
210,09:40:29,28.59,1152441,403,卖盘
211,09:40:32,28.6,1295343,453,买盘
212,09:40:35,28.62,2243184,784,买盘
213,09:40:38,28.62,2431676,849,卖盘
214,09:40:41,28.66,1892425,660,买盘
215,09:40:44,28.65,2336784,816,卖盘
216,09:40:47,28.64,934030,326,中性盘
217,09:40:50,28.66,346760,121,买盘
218,09:40:53,28.64,1277684,446,卖盘
219,09:40:56,28.63,372250,130,卖盘
220,09:40:59,28.61,1794452,627,卖盘
221,09:41:02,28.6,8255162,2887,卖盘
222,09:41:05,28.6,1258868,440,买盘
223,09:41:08,28.58,374448,131,中性盘
224,09:41:11,28.57,231494,81,中性盘
225,09:41:14,28.57,542819,190,买盘
226,09:41:17,28.58,479876,168,买盘
227,09:41:20,28.57,722925,253,卖盘
228,09:41:23,28.57,362782,127,买盘
229,09:41:26,28.55,4434973,1553,卖盘
230,09:41:29,28.56,1335881,468,买盘
231,09:41:32,28.55,1007527,353,中性盘
232,09:41:35,28.53,391040,137,卖盘
233,09:41:38,28.55,802010,281,买盘
234,09:41:41,28.59,5749619,2012,买盘
235,09:41:44,28.61,949392,332,买盘
236,09:41:47,28.59,555090,194,卖盘
237,09:41:50,28.62,471962,165,买盘
238,09:41:53,28.61,903644,316,买盘
239,09:41:56,28.62,6810065,2379,买盘
240,09:41:59,28.61,892478,312,卖盘
241,09:42:02,28.61,406241,142,卖盘
242,09:42:05,28.63,875599,306,买盘
243,09:42:08,28.62,503882,176,卖盘
244,09:42:11,28.63,698363,244,买盘
245,09:42:14,28.62,575290,201,卖盘
246,09:42:17,28.62,660993,231,中性盘
247,09:42:20,28.58,723521,253,卖盘
248,09:42:23,28.57,580312,203,卖盘
249,09:42:26,28.56,648616,227,卖盘
250,09:42:29,28.56,468432,164,卖盘
251,09:42:32,28.56,297010,104,买盘
252,09:42:35,28.56,419764,147,买盘
253,09:42:38,28.53,1901207,666,卖盘
254,09:42:41,28.51,2039626,715,卖盘
255,09:42:44,28.51,1871627,656,卖盘
256,09:42:47,28.52,316486,111,买盘
257,09:42:50,28.51,527443,185,卖盘
258,09:42:53,28.54,2700422,946,买盘
259,09:42:56,28.57,608268,213,买盘
260,09:42:59,28.54,553944,194,卖盘
261,09:43:02,28.55,1022578,358,中性盘
262,09:43:05,28.57,742644,260,买盘
263,09:43:08,28.55,282739,99,卖盘
264,09:43:11,28.52,1384006,485,卖盘
265,09:43:14,28.52,1175195,412,卖盘
266,09:43:17,28.52,1160933,407,卖盘
267,09:43:20,28.51,467611,164,卖盘
268,09:43:23,28.52,804082,282,买盘
269,09:43:26,28.51,724275,254,卖盘
270,09:43:29,28.51,615849,216,卖盘
271,09:43:32,28.51,1189107,417,卖盘
272,09:43:35,28.51,1473996,517,卖盘
273,09:43:38,28.51,356363,125,买盘
274,09:43:41,28.51,488321,171,买盘
275,09:43:44,28.5,1085959,381,卖盘
276,09:43:47,28.5,1179940,414,卖盘
277,09:43:50,28.51,3319328,1165,买盘
278,09:43:53,28.52,3229270,1133,买盘
279,09:43:56,28.52,2163918,759,卖盘
280,09:43:59,28.52,356510,125,卖盘
281,09:44:02,28.54,887341,311,买盘
282,09:44:05,28.55,79917,28,买盘
283,09:44:08,28.54,767602,269,卖盘
284,09:44:11,28.54,350902,123,买盘
285,09:44:14,28.54,739032,259,买盘
286,09:44:17,28.54,950466,333,买盘
287,09:44:20,28.54,265344,93,买盘
288,09:44:23,28.53,599163,210,卖盘
289,09:44:26,28.54,995834,349,买盘
290,09:44:29,28.52,562083,197,卖盘
291,09:44:32,28.56,2953086,1035,买盘
292,09:44:35,28.55,425392,149,卖盘
293,09:44:38,28.56,822634,288,买盘
294,09:44:41,28.58,102843,36,买盘
295,09:44:44,28.59,200109,70,买盘
296,09:44:47,28.58,420142,147,卖盘
297,09:44:50,28.59,674546,236,买盘
298,09:44:53,28.58,2115484,740,卖盘
299,09:44:56,28.59,268656,94,买盘
300,09:44:59,28.57,745771,261,卖盘
301,09:45:02,28.55,968345,339,卖盘
302,09:45:05,28.56,768305,269,买盘
303,09:45:08,28.56,1804414,632,买盘
304,09:45:11,28.56,154226,54,买盘
305,09:45:14,28.56,71411,25,卖盘
306,09:45:17,28.57,2138232,749,买盘
307,09:45:20,28.56,276998,97,买盘
308,09:45:23,28.56,633875,222,买盘
309,09:45:26,28.58,2145750,751,买盘
310,09:45:29,28.57,485427,170,买盘
311,09:45:32,28.58,228621,80,买盘
312,09:45:35,28.58,580189,203,买盘
313,09:45:38,28.59,308670,108,买盘
314,09:45:41,28.59,117206,41,买盘
315,09:45:44,28.59,188674,66,买盘
316,09:45:47,28.59,926049,324,买盘
317,09:45:50,28.58,1632925,571,卖盘
318,09:45:53,28.58,1020576,357,卖盘
319,09:45:56,28.57,515591,180,卖盘
320,09:45:59,28.56,3926221,1375,卖盘
321,09:46:02,28.56,625315,219,买盘
322,09:46:05,28.55,813393,285,中性盘
323,09:46:08,28.57,2159559,756,买盘
324,09:46:11,28.63,2205182,771,买盘
325,09:46:14,28.61,254700,89,中性盘
326,09:46:17,28.61,392069,137,卖盘
327,09:46:20,28.63,498040,174,买盘
328,09:46:23,28.63,1328369,464,买盘
329,09:46:26,28.65,223449,78,买盘
330,09:46:29,28.64,151807,53,中性盘
331,09:46:32,28.66,536354,187,买盘
332,09:46:35,28.65,1042416,364,卖盘
333,09:46:38,28.65,785454,274,买盘
334,09:46:41,28.67,206389,72,买盘
335,09:46:44,28.66,1768128,617,卖盘
336,09:46:47,28.65,2428823,848,卖盘
337,09:46:50,28.66,1948567,680,买盘
338,09:46:53,28.65,561627,196,卖盘
339,09:46:56,28.65,1232314,430,买盘
340,09:46:59,28.66,375358,131,买盘
341,09:47:02,28.66,315185,110,买盘
342,09:47:05,28.67,590489,206,买盘
343,09:47:08,28.69,1712998,597,买盘
344,09:47:11,28.71,889685,310,买盘
345,09:47:14,28.69,2390519,833,卖盘
346,09:47:17,28.68,981129,342,卖盘
347,09:47:20,28.65,2971619,1037,卖盘
348,09:47:23,28.64,1252752,437,卖盘
349,09:47:26,28.65,1013982,354,买盘
350,09:47:29,28.65,1065220,372,买盘
351,09:47:32,28.64,458945,160,中性盘
352,09:47:35,28.64,862043,301,买盘
353,09:47:38,28.64,2341509,817,卖盘
354,09:47:41,28.64,532640,186,卖盘
355,09:47:44,28.62,1085573,379,卖盘
356,09:47:47,28.62,1565564,547,买盘
357,09:47:50,28.61,1324535,463,卖盘
358,09:47:53,28.61,1325150,463,买盘
359,09:47:56,28.64,2104054,735,买盘
360,09:47:59,28.64,847830,296,卖盘
361,09:48:02,28.64,1096353,383,买盘
362,09:48:05,28.62,349240,122,卖盘
363,09:48:08,28.62,804056,281,买盘
364,09:48:11,28.6,720836,252,卖盘
365,09:48:14,28.6,546040,191,买盘
366,09:48:17,28.58,271565,95,中性盘
367,09:48:20,28.58,294447,103,买盘
368,09:48:23,28.6,454648,159,买盘
369,09:48:26,28.6,440439,154,买盘
370,09:48:29,28.6,163071,57,卖盘
371,09:48:32,28.6,875061,306,卖盘
372,09:48:35,28.6,157300,55,卖盘
373,09:48:38,28.64,1619204,566,买盘
374,09:48:41,28.59,983982,344,卖盘
375,09:48:44,28.6,108699,38,中性盘
376,09:48:47,28.61,194503,68,中性盘
377,09:48:50,28.58,1960956,686,卖盘
378,09:48:53,28.57,614364,215,卖盘
379,09:48:56,28.56,331444,116,卖盘
380,09:48:59,28.57,294256,103,买盘
381,09:49:02,28.58,1294299,453,买盘
382,09:49:05,28.58,480074,168,卖盘
383,09:49:08,28.6,2310966,808,买盘
384,09:49:11,28.6,271717,95,卖盘
385,09:49:14,28.61,185948,65,买盘
386,09:49:17,28.6,188756,66,买盘
387,09:49:20,28.6,998064,349,买盘
388,09:49:23,28.6,652108,228,卖盘
389,09:49:26,28.58,837688,293,卖盘
390,09:49:29,28.61,285998,100,买盘
391,09:49:32,28.59,1719853,601,卖盘
392,09:49:35,28.64,1620946,566,买盘
393,09:49:38,28.64,1123322,392,卖盘
394,09:49:41,28.65,825758,288,中性盘
395,09:49:44,28.67,782857,273,买盘
396,09:49:47,28.68,384377,134,买盘
397,09:49:50,28.68,869148,303,卖盘
398,09:49:53,28.71,1413350,492,买盘
399,09:49:56,28.7,1019304,355,卖盘
400,09:49:59,28.7,1850599,645,卖盘
401,09:50:02,28.7,1939260,676,买盘
402,09:50:05,28.7,702771,245,买盘
403,09:50:08,28.68,858086,299,中性盘
404,09:50:11,28.68,671406,234,卖盘
405,09:50:14,28.68,1322513,461,中性盘
406,09:50:17,28.69,794470,277,买盘
407,09:50:20,28.67,283935,99,卖盘
408,09:50:23,28.68,346985,121,买盘
409,09:50:26,28.66,441459,154,卖盘
410,09:50:29,28.65,421286,147,卖盘
411,09:50:32,28.67,392659,137,买盘
412,09:50:35,28.64,432766,151,卖盘
413,09:50:38,28.68,335426,117,买盘
414,09:50:41,28.67,257976,90,中性盘
415,09:50:44,28.68,194950,68,买盘
416,09:50:47,28.67,220754,77,中性盘
417,09:50:50,28.67,579020,202,卖盘
418,09:50:53,28.66,765105,267,卖盘
419,09:50:56,28.64,779472,272,卖盘
420,09:50:59,28.66,289549,101,买盘
421,09:51:02,28.64,343874,120,卖盘
422,09:51:05,28.67,212148,74,买盘
423,09:51:08,28.64,561497,196,卖盘
424,09:51:11,28.66,636258,222,买盘
425,09:51:14,28.7,2401375,837,买盘
426,09:51:17,28.69,671467,234,卖盘
427,09:51:20,28.7,252537,88,买盘
428,09:51:23,28.7,453422,158,买盘
429,09:51:26,28.68,1808027,630,卖盘
430,09:51:29,28.67,886264,309,卖盘
431,09:51:32,28.68,1112250,388,买盘
432,09:51:35,28.67,731064,255,中性盘
433,09:51:38,28.67,346895,121,买盘
434,09:51:41,28.67,1610750,562,卖盘
435,09:51:44,28.67,535932,187,买盘
436,09:51:47,28.66,381254,133,中性盘
437,09:51:50,28.66,2968431,1035,买盘
438,09:51:53,28.69,481988,168,卖盘
439,09:51:56,28.69,1767814,616,买盘
440,09:51:59,28.71,416050,145,买盘
441,09:52:02,28.71,987525,344,买盘
442,09:52:05,28.7,1359877,474,卖盘
443,09:52:08,28.66,1713900,598,卖盘
444,09:52:11,28.64,458642,160,卖盘
445,09:52:14,28.64,710382,248,买盘
446,09:52:17,28.62,684269,239,卖盘
447,09:52:20,28.62,901537,315,中性盘
448,09:52:23,28.64,787390,275,买盘
449,09:52:26,28.68,581800,203,买盘
450,09:52:29,28.69,215103,75,买盘
451,09:52:32,28.67,252377,88,卖盘
452,09:52:35,28.67,326935,114,中性盘
453,09:52:38,28.65,882762,308,卖盘
454,09:52:41,28.65,429802,150,买盘
455,09:52:44,28.64,246354,86,卖盘
456,09:52:47,28.66,255012,89,买盘
457,09:52:50,28.66,1678323,585,买盘
458,09:52:53,28.65,816902,285,卖盘
459,09:52:56,28.67,375550,131,买盘
460,09:52:59,28.66,214956,75,卖盘
461,09:53:02,28.66,1077727,376,卖盘
462,09:53:05,28.66,432706,151,买盘
463,09:53:08,28.65,865229,302,中性盘
464,09:53:11,28.65,292215,102,卖盘
465,09:53:14,28.65,756145,264,买盘
466,09:53:17,28.65,380981,133,买盘
467,09:53:20,28.64,97395,34,中性盘
468,09:53:23,28.63,1727523,603,卖盘
469,09:53:26,28.64,438209,153,买盘
470,09:53:29,28.65,214866,75,买盘
471,09:53:32,28.64,461145,161,卖盘
472,09:53:35,28.65,681679,238,买盘
473,09:53:38,28.64,492584,172,卖盘
474,09:53:41,28.64,277807,97,买盘
475,09:53:44,28.64,317943,111,买盘
476,09:53:47,28.63,360840,126,卖盘
477,09:53:50,28.62,14566744,5088,卖盘
478,09:53:53,28.6,3297970,1153,卖盘
479,09:53:56,28.6,600583,210,买盘
480,09:53:59,28.6,1298709,454,买盘
481,09:54:02,28.59,451749,158,买盘
482,09:54:05,28.64,1310740,458,买盘
483,09:54:08,28.63,326546,114,卖盘
484,09:54:11,28.63,326475,114,卖盘
485,09:54:14,28.66,472660,165,买盘
486,09:54:17,28.65,200567,70,中性盘
487,09:54:20,28.66,223522,78,买盘
488,09:54:23,28.67,825426,288,买盘
489,09:54:26,28.66,1376757,480,卖盘
490,09:54:29,28.68,303958,106,买盘
491,09:54:32,28.68,143388,50,买盘
492,09:54:35,28.66,1098210,383,卖盘
493,09:54:38,28.69,389898,136,买盘
494,09:54:41,28.7,588100,205,买盘
495,09:54:44,28.69,453287,158,卖盘
496,09:54:47,28.69,3159514,1101,买盘
497,09:54:50,28.7,1517800,529,买盘
498,09:54:53,28.69,347239,121,卖盘
499,09:54:56,28.71,2528735,881,买盘
500,09:54:59,28.71,545434,190,买盘
501,09:55:02,28.71,599933,209,买盘
502,09:55:05,28.71,1254551,437,买盘
503,09:55:08,28.7,6065663,2117,卖盘
504,09:55:11,28.72,1369030,477,买盘
505,09:55:14,28.69,5960259,2082,卖盘
506,09:55:17,28.69,895153,312,买盘
507,09:55:20,28.69,1207739,421,买盘
508,09:55:23,28.68,496225,173,买盘
509,09:55:26,28.67,424309,148,中性盘
510,09:55:29,28.67,498809,174,买盘
511,09:55:32,28.67,559138,195,买盘
512,09:55:35,28.66,295158,103,买盘
513,09:55:38,28.67,475852,166,买盘
514,09:55:41,28.7,1801696,628,买盘
515,09:55:44,28.7,2768924,965,买盘
516,09:55:47,28.67,1451976,506,卖盘
517,09:55:50,28.7,777563,271,买盘
518,09:55:53,28.68,200826,70,卖盘
519,09:55:56,28.7,1150798,401,买盘
520,09:55:59,28.68,2516622,877,卖盘
521,09:56:02,28.69,1979389,690,买盘
522,09:56:05,28.69,476353,166,买盘
523,09:56:08,28.73,1656868,577,买盘
524,09:56:11,28.74,1074990,374,买盘
525,09:56:14,28.74,385202,134,卖盘
526,09:56:17,28.75,652544,227,买盘
527,09:56:20,28.74,1891440,658,卖盘
528,09:56:23,28.74,908261,316,买盘
529,09:56:26,28.74,968217,337,买盘
530,09:56:29,28.74,511609,178,买盘
531,09:56:32,28.77,399644,139,买盘
532,09:56:35,28.76,232934,81,买盘
533,09:56:38,28.76,454488,158,买盘
534,09:56:41,28.76,399826,139,卖盘
535,09:56:44,28.76,1040796,362,卖盘
536,09:56:47,28.74,891014,310,卖盘
537,09:56:50,28.74,290245,101,买盘
538,09:56:53,28.74,675488,235,买盘
539,09:56:56,28.74,477139,166,买盘
540,09:56:59,28.74,431067,150,卖盘
541,09:57:02,28.74,407998,142,买盘
542,09:57:05,28.76,12549751,4359,买盘
543,09:57:08,28.72,2232760,777,卖盘
544,09:57:11,28.76,896944,312,买盘
545,09:57:14,28.76,497788,173,中性盘
546,09:57:17,28.78,417141,145,中性盘
547,09:57:20,28.79,1171046,407,买盘
548,09:57:23,28.8,1874607,651,买盘
549,09:57:26,28.81,731726,254,买盘
550,09:57:29,28.81,308324,107,买盘
551,09:57:32,28.82,239215,83,买盘
552,09:57:35,28.81,2935421,1019,卖盘
553,09:57:38,28.8,1235986,429,卖盘
554,09:57:41,28.82,1613385,560,买盘
555,09:57:44,28.82,674302,234,买盘
556,09:57:47,28.81,1141299,396,卖盘
557,09:57:50,28.82,1406335,488,买盘
558,09:57:53,28.82,778077,270,买盘
559,09:57:56,28.83,1605135,557,买盘
560,09:57:59,28.82,636862,221,卖盘
561,09:58:02,28.8,4939788,1715,卖盘
562,09:58:05,28.81,1045774,363,买盘
563,09:58:08,28.81,1175382,408,买盘
564,09:58:11,28.81,293815,102,买盘
565,09:58:14,28.81,478184,166,买盘
566,09:58:17,28.81,812453,282,买盘
567,09:58:20,28.82,639668,222,买盘
568,09:58:23,28.83,709243,246,买盘
569,09:58:26,28.83,542054,188,卖盘
570,09:58:29,28.82,510216,177,卖盘
571,09:58:32,28.8,2788341,968,卖盘
572,09:58:35,28.8,601847,209,买盘
573,09:58:38,28.8,1391135,483,买盘
574,09:58:41,28.81,1261499,438,买盘
575,09:58:44,28.83,1855832,644,买盘
576,09:58:47,28.82,593861,206,中性盘
577,09:58:50,28.83,1476167,512,买盘
578,09:58:53,28.84,435437,151,买盘
579,09:58:56,28.83,648892,225,卖盘
580,09:58:59,28.84,1095941,380,买盘
581,09:59:02,28.83,1173762,407,卖盘
582,09:59:05,28.84,478844,166,买盘
583,09:59:08,28.84,219219,76,卖盘
584,09:59:11,28.83,2378904,825,卖盘
585,09:59:14,28.8,1219077,423,卖盘
586,09:59:17,28.8,1782078,619,卖盘
587,09:59:20,28.79,377224,131,卖盘
588,09:59:23,28.79,466326,162,买盘
589,09:59:26,28.79,325317,113,买盘
590,09:59:29,28.75,166876,58,卖盘
591,09:59:32,28.78,673057,234,买盘
592,09:59:35,28.75,621206,216,卖盘
593,09:59:38,28.77,699177,243,买盘
594,09:59:41,28.77,690311,240,买盘
595,09:59:44,28.76,733635,255,卖盘
596,09:59:47,28.77,448825,156,卖盘
597,09:59:50,28.76,575379,200,卖盘
598,09:59:53,28.76,1467888,510,买盘
599,09:59:56,28.75,281983,98,卖盘
600,09:59:59,28.76,232941,81,买盘
601,10:00:02,28.76,1021099,355,买盘
602,10:00:05,28.76,598118,208,卖盘
603,10:00:08,28.76,411123,143,买盘
604,10:00:11,28.76,1907032,663,买盘
605,10:00:14,28.78,552948,192,中性盘
606,10:00:17,28.77,693498,241,卖盘
607,10:00:20,28.78,227412,79,中性盘
608,10:00:23,28.79,569960,198,买盘
609,10:00:26,28.77,267642,93,卖盘
610,10:00:29,28.78,1470944,511,买盘
611,10:00:32,28.78,782783,272,买盘
612,10:00:35,28.79,803458,279,中性盘
613,10:00:38,28.81,331160,115,买盘
614,10:00:41,28.79,253410,88,中性盘
615,10:00:44,28.78,887352,308,卖盘
616,10:00:47,28.81,463653,161,买盘
617,10:00:50,28.8,100840,35,卖盘
618,10:00:53,28.8,273714,95,卖盘
619,10:00:56,28.8,953612,331,卖盘
620,10:00:59,28.81,515745,179,买盘
621,10:01:02,28.82,691840,240,买盘
622,10:01:05,28.83,285464,99,中性盘
623,10:01:08,28.82,645712,224,卖盘
624,10:01:11,28.82,729287,253,卖盘
625,10:01:14,28.82,590847,205,买盘
626,10:01:17,28.82,1243046,431,卖盘
627,10:01:20,28.83,613947,213,买盘
628,10:01:23,28.81,1265045,439,卖盘
629,10:01:26,28.8,2911853,1011,卖盘
630,10:01:29,28.79,958558,333,卖盘
631,10:01:32,28.77,644519,224,卖盘
632,10:01:35,28.76,405647,141,卖盘
633,10:01:38,28.76,169718,59,卖盘
634,10:01:41,28.76,408353,142,买盘
635,10:01:44,28.75,373863,130,卖盘
636,10:01:47,28.76,299102,104,买盘
637,10:01:50,28.76,235844,82,卖盘
638,10:01:53,28.75,894710,311,卖盘
639,10:01:56,28.76,339472,118,中性盘
640,10:01:59,28.76,431360,150,买盘
641,10:02:02,28.76,299066,104,买盘
642,10:02:05,28.76,460041,160,买盘
643,10:02:08,28.76,529116,184,买盘
644,10:02:11,28.78,1158868,403,买盘
645,10:02:14,28.79,1160188,403,买盘
646,10:02:17,28.78,190070,66,卖盘
647,10:02:20,28.8,287977,100,买盘
648,10:02:23,28.8,394713,137,卖盘
649,10:02:26,28.8,143961,50,买盘
650,10:02:29,28.78,328273,114,卖盘
651,10:02:32,28.8,270601,94,买盘
652,10:02:35,28.78,457807,159,中性盘
653,10:02:38,28.79,380076,132,中性盘
654,10:02:41,28.79,259098,90,买盘
655,10:02:44,28.79,250449,87,买盘
656,10:02:47,28.78,981565,341,卖盘
657,10:02:50,28.76,1133528,394,卖盘
658,10:02:53,28.74,1514994,527,卖盘
659,10:02:56,28.76,1520458,529,买盘
660,10:02:59,28.74,540292,188,买盘
661,10:03:02,28.73,838978,292,卖盘
662,10:03:05,28.73,445225,155,买盘
663,10:03:08,28.71,847042,295,卖盘
664,10:03:11,28.71,378916,132,买盘
665,10:03:14,28.7,281311,98,卖盘
666,10:03:17,28.7,1211190,422,卖盘
667,10:03:20,28.69,1196650,417,卖盘
668,10:03:23,28.7,1480538,516,买盘
669,10:03:26,28.71,2166930,755,买盘
670,10:03:29,28.69,953260,332,卖盘
671,10:03:32,28.7,502392,175,买盘
672,10:03:35,28.73,281412,98,买盘
673,10:03:38,28.74,459479,160,买盘
674,10:03:41,28.73,175296,61,中性盘
675,10:03:44,28.71,186714,65,卖盘
676,10:03:47,28.71,350333,122,卖盘
677,10:03:50,28.71,823935,287,买盘
678,10:03:53,28.7,978824,341,卖盘
679,10:03:56,28.7,502393,175,卖盘
680,10:03:59,28.7,740582,258,卖盘
681,10:04:02,28.7,330000,115,买盘
682,10:04:05,28.69,728599,254,卖盘
683,10:04:08,28.68,1021105,356,卖盘
684,10:04:11,28.67,295323,103,卖盘
685,10:04:14,28.66,214988,75,卖盘
686,10:04:17,28.67,836986,292,买盘
687,10:04:20,28.66,126107,44,卖盘
688,10:04:23,28.65,856863,299,卖盘
689,10:04:26,28.64,257829,90,卖盘
690,10:04:29,28.65,509843,178,买盘
691,10:04:32,28.64,581457,203,卖盘
692,10:04:35,28.64,438141,153,卖盘
693,10:04:38,28.64,2176805,760,买盘
694,10:04:41,28.63,587125,205,卖盘
695,10:04:44,28.64,103090,36,买盘
696,10:04:47,28.63,1036598,362,卖盘
697,10:04:50,28.62,432302,151,卖盘
698,10:04:53,28.62,403628,141,卖盘
699,10:04:56,28.62,137376,48,买盘
700,10:04:59,28.61,1007040,352,卖盘
701,10:05:02,28.62,343374,120,买盘
702,10:05:05,28.62,692623,242,买盘
703,10:05:08,28.61,1064338,372,买盘
704,10:05:11,28.6,646561,226,卖盘
705,10:05:14,28.6,457633,160,卖盘
706,10:05:17,28.61,964005,337,买盘
707,10:05:20,28.59,992501,347,卖盘
708,10:05:23,28.6,929483,325,买盘
709,10:05:26,28.59,245935,86,卖盘
710,10:05:29,28.59,337442,118,卖盘
711,10:05:32,28.59,686167,240,卖盘
712,10:05:35,28.6,1035201,362,买盘
713,10:05:38,28.6,580663,203,中性盘
714,10:05:41,28.61,737900,258,中性盘
715,10:05:44,28.61,97256,34,中性盘
716,10:05:47,28.6,143011,50,卖盘
717,10:05:50,28.6,122978,43,卖盘
718,10:05:53,28.6,1080735,378,买盘
719,10:05:56,28.6,503306,176,买盘
720,10:05:59,28.61,237413,83,买盘
721,10:06:02,28.6,366176,128,卖盘
722,10:06:05,28.61,369062,129,买盘
723,10:06:08,28.6,643693,225,卖盘
724,10:06:11,28.62,595080,208,买盘
725,10:06:14,28.61,546622,191,中性盘
726,10:06:17,28.62,171663,60,中性盘
727,10:06:20,28.61,537721,188,中性盘
728,10:06:23,28.6,2129154,744,卖盘
729,10:06:26,28.61,266051,93,买盘
730,10:06:29,28.61,483436,169,买盘
731,10:06:32,28.61,2135781,747,卖盘
732,10:06:35,28.61,423214,148,买盘
733,10:06:38,28.61,466301,163,买盘
734,10:06:41,28.61,246046,86,买盘
735,10:06:44,28.6,205923,72,卖盘
736,10:06:47,28.59,331775,116,卖盘
737,10:06:50,28.6,223088,78,卖盘
738,10:06:53,28.58,746450,261,卖盘
739,10:06:56,28.6,94355,33,中性盘
740,10:06:59,28.61,4581817,1602,买盘
741,10:07:02,28.59,620758,217,卖盘
742,10:07:05,28.61,180179,63,买盘
743,10:07:08,28.61,1152639,403,买盘
744,10:07:11,28.61,526346,184,卖盘
745,10:07:14,28.61,1280980,448,买盘
746,10:07:17,28.61,1943307,680,买盘
747,10:07:20,28.63,308996,108,买盘
748,10:07:23,28.6,360514,126,卖盘
749,10:07:26,28.61,357524,125,买盘
750,10:07:29,28.62,286080,100,买盘
751,10:07:32,28.6,2046200,716,卖盘
752,10:07:35,28.6,1819755,637,买盘
753,10:07:38,28.6,880750,308,买盘
754,10:07:41,28.61,380508,133,买盘
755,10:07:44,28.61,1635102,572,卖盘
756,10:07:47,28.62,329022,115,买盘
757,10:07:50,28.61,174571,61,卖盘
758,10:07:53,28.61,234604,82,买盘
759,10:07:56,28.61,257433,90,买盘
760,10:07:59,28.61,220281,77,买盘
761,10:08:02,28.6,1175491,411,卖盘
762,10:08:05,28.6,243087,85,买盘
763,10:08:08,28.6,386129,135,买盘
764,10:08:11,28.6,861057,301,买盘
765,10:08:14,28.6,303159,106,卖盘
766,10:08:17,28.6,391780,137,买盘
767,10:08:20,28.6,308802,108,买盘
768,10:08:23,28.59,391785,137,卖盘
769,10:08:26,28.58,503112,176,卖盘
770,10:08:29,28.59,208692,73,买盘
771,10:08:32,28.58,411490,144,卖盘
772,10:08:35,28.56,694250,243,卖盘
773,10:08:38,28.58,911404,319,买盘
774,10:08:41,28.57,277082,97,中性盘
775,10:08:44,28.55,585417,205,卖盘
776,10:08:47,28.55,439768,154,卖盘
777,10:08:50,28.54,1412809,495,卖盘
778,10:08:53,28.55,1401988,491,买盘
779,10:08:56,28.57,645144,226,买盘
780,10:08:59,28.55,1250453,438,卖盘
781,10:09:02,28.58,3429261,1200,买盘
782,10:09:05,28.6,763242,267,买盘
783,10:09:08,28.58,923276,323,卖盘
784,10:09:11,28.58,1966716,688,买盘
785,10:09:14,28.6,302977,106,买盘
786,10:09:17,28.58,537399,188,卖盘
787,10:09:20,28.58,803284,281,卖盘
788,10:09:23,28.59,426064,149,中性盘
789,10:09:26,28.62,874957,306,买盘
790,10:09:29,28.62,331891,116,买盘
791,10:09:32,28.62,294696,103,买盘
792,10:09:35,28.63,1107206,387,买盘
793,10:09:38,28.59,1033057,361,卖盘
794,10:09:41,28.59,463447,162,卖盘
795,10:09:44,28.59,380315,133,买盘
796,10:09:47,28.59,551820,193,买盘
797,10:09:50,28.61,391822,137,买盘
798,10:09:53,28.61,643423,225,买盘
799,10:09:56,28.61,787178,275,买盘
800,10:09:59,28.64,251924,88,买盘
801,10:10:02,28.64,2546900,890,买盘
802,10:10:05,28.66,1014506,354,买盘
803,10:10:08,28.65,469972,164,中性盘
804,10:10:11,28.66,383986,134,买盘
805,10:10:14,28.64,246425,86,卖盘
806,10:10:17,28.61,921298,322,卖盘
807,10:10:20,28.59,48602,17,卖盘
808,10:10:23,28.59,723424,253,买盘
809,10:10:26,28.59,451543,158,买盘
810,10:10:29,28.59,248523,87,买盘
811,10:10:32,28.57,408629,143,中性盘
812,10:10:35,28.57,302807,106,买盘
813,10:10:38,28.6,434510,152,买盘
814,10:10:41,28.57,740375,259,卖盘
815,10:10:44,28.57,85718,30,中性盘
816,10:10:47,28.58,148592,52,买盘
817,10:10:50,28.59,2841726,995,买盘
818,10:10:53,28.57,220112,77,卖盘
819,10:10:56,28.57,188624,66,卖盘
820,10:10:59,28.58,1314551,460,买盘
821,10:11:02,28.57,128547,45,买盘
822,10:11:05,28.55,993787,348,卖盘
823,10:11:08,28.55,685172,240,买盘
824,10:11:11,28.55,271210,95,卖盘
825,10:11:14,28.51,1622952,569,卖盘
826,10:11:17,28.51,384927,135,卖盘
827,10:11:20,28.52,781267,274,买盘
828,10:11:23,28.51,536174,188,卖盘
829,10:11:26,28.52,185343,65,买盘
830,10:11:29,28.52,1000788,351,买盘
831,10:11:32,28.51,108332,38,买盘
832,10:11:35,28.5,1088731,382,卖盘
833,10:11:38,28.51,3420119,1200,买盘
834,10:11:41,28.51,527273,185,买盘
835,10:11:44,28.51,949071,333,买盘
836,10:11:47,28.51,664162,233,买盘
837,10:11:50,28.5,1077339,378,卖盘
838,10:11:53,28.49,524370,184,卖盘
839,10:11:56,28.49,176700,62,卖盘
840,10:11:59,28.49,438738,154,卖盘
841,10:12:02,28.48,575339,202,卖盘
842,10:12:05,28.48,1008207,354,卖盘
843,10:12:08,28.47,666316,234,卖盘
844,10:12:11,28.47,5358700,1883,卖盘
845,10:12:14,28.48,390040,137,买盘
846,10:12:17,28.48,1402356,493,买盘
847,10:12:20,28.49,239261,84,买盘
848,10:12:23,28.47,432901,152,卖盘
849,10:12:26,28.47,167984,59,卖盘
850,10:12:29,28.47,179398,63,卖盘
851,10:12:32,28.47,224952,79,卖盘
852,10:12:35,28.47,1110350,390,卖盘
853,10:12:38,28.47,518047,182,买盘
854,10:12:41,28.46,375756,132,卖盘
855,10:12:44,28.46,284601,100,卖盘
856,10:12:47,28.46,392749,138,卖盘
857,10:12:50,28.46,421116,148,买盘
858,10:12:53,28.45,927502,326,卖盘
859,10:12:56,28.46,313011,110,买盘
860,10:12:59,28.46,301590,106,买盘
861,10:13:02,28.48,3419369,1201,买盘
862,10:13:05,28.48,429959,151,卖盘
863,10:13:08,28.48,712126,250,卖盘
864,10:13:11,28.47,239263,84,卖盘
865,10:13:14,28.48,204945,72,买盘
866,10:13:17,28.48,535431,188,卖盘
867,10:13:20,28.48,259233,91,卖盘
868,10:13:23,28.49,780744,274,中性盘
869,10:13:26,28.49,498448,175,卖盘
870,10:13:29,28.49,524104,184,买盘
871,10:13:32,28.48,860109,302,卖盘
872,10:13:35,28.48,973557,342,买盘
873,10:13:38,28.48,276249,97,买盘
874,10:13:41,28.48,996244,350,买盘
875,10:13:44,28.48,1004558,353,卖盘
876,10:13:47,28.48,885017,311,买盘
877,10:13:50,28.47,970406,341,卖盘
878,10:13:53,28.47,3015890,1060,买盘
879,10:13:56,28.48,478414,168,买盘
880,10:13:59,28.48,225005,79,卖盘
881,10:14:02,28.48,290507,102,买盘
882,10:14:05,28.47,364509,128,卖盘
883,10:14:08,28.47,367303,129,卖盘
884,10:14:11,28.47,338871,119,卖盘
885,10:14:14,28.48,185110,65,买盘
886,10:14:17,28.48,133852,47,买盘
887,10:14:20,28.5,1510397,530,买盘
888,10:14:23,28.52,4058762,1424,买盘
889,10:14:26,28.52,539194,189,卖盘
890,10:14:29,28.52,22816,8,买盘
891,10:14:32,28.52,404900,142,买盘
892,10:14:35,28.52,176822,62,买盘
893,10:14:38,28.51,216694,76,卖盘
894,10:14:41,28.52,259471,91,买盘
895,10:14:44,28.52,182529,64,买盘
896,10:14:47,28.52,410678,144,卖盘
897,10:14:50,28.52,410667,144,买盘
898,10:14:53,28.52,339452,119,买盘
899,10:14:56,28.52,62768,22,卖盘
900,10:14:59,28.52,168320,59,卖盘
901,10:15:02,28.54,399523,140,买盘
902,10:15:05,28.54,333871,117,卖盘
903,10:15:08,28.54,308191,108,买盘
904,10:15:11,28.56,168417,59,买盘
905,10:15:14,28.58,471360,165,买盘
906,10:15:17,28.59,743727,260,买盘
907,10:15:20,28.6,197272,69,买盘
908,10:15:23,28.6,872359,305,买盘
909,10:15:26,28.6,383295,134,买盘
910,10:15:29,28.59,560407,196,卖盘
911,10:15:32,28.58,651586,228,卖盘
912,10:15:35,28.56,405779,142,卖盘
913,10:15:38,28.58,251469,88,买盘
914,10:15:41,28.59,1026478,359,买盘
915,10:15:44,28.58,243009,85,卖盘
916,10:15:47,28.58,357260,125,中性盘
917,10:15:50,28.58,514368,180,买盘
918,10:15:53,28.57,100022,35,卖盘
919,10:15:56,28.57,951796,333,买盘
920,10:15:59,28.56,74269,26,卖盘
921,10:16:02,28.58,762717,267,买盘
922,10:16:05,28.59,288767,101,买盘
923,10:16:08,28.59,625887,219,卖盘
924,10:16:11,28.6,360338,126,买盘
925,10:16:14,28.59,686288,240,卖盘
926,10:16:17,28.59,217355,76,卖盘
927,10:16:20,28.6,420405,147,买盘
928,10:16:23,28.59,420400,147,卖盘
929,10:16:26,28.59,457405,160,卖盘
930,10:16:29,28.59,263004,92,买盘
931,10:16:32,28.58,177254,62,卖盘
932,10:16:35,28.58,54316,19,卖盘
933,10:16:38,28.58,728866,255,卖盘
934,10:16:41,28.56,202812,71,卖盘
935,10:16:44,28.56,219900,77,买盘
936,10:16:47,28.56,102814,36,买盘
937,10:16:50,28.56,148500,52,买盘
938,10:16:53,28.55,157043,55,卖盘
939,10:16:56,28.55,394102,138,卖盘
940,10:16:59,28.55,536740,188,买盘
941,10:17:02,28.55,122758,43,买盘
942,10:17:05,28.54,399572,140,卖盘
943,10:17:08,28.55,279744,98,买盘
944,10:17:11,28.54,456669,160,卖盘
945,10:17:14,28.53,362353,127,卖盘
946,10:17:17,28.52,88427,31,卖盘
947,10:17:20,28.52,325201,114,卖盘
948,10:17:23,28.52,145439,51,买盘
949,10:17:26,28.52,1075186,377,买盘
950,10:17:29,28.52,1063702,373,买盘
951,10:17:32,28.52,658829,231,中性盘
952,10:17:35,28.51,373578,131,卖盘
953,10:17:38,28.51,339302,119,卖盘
954,10:17:41,28.51,236633,83,买盘
955,10:17:44,28.5,188137,66,卖盘
956,10:17:47,28.5,327763,115,卖盘
957,10:17:50,28.51,333486,117,买盘
958,10:17:53,28.5,692552,243,卖盘
959,10:17:56,28.5,532969,187,卖盘
960,10:17:59,28.51,173873,61,买盘
961,10:18:02,28.5,1014815,356,卖盘
962,10:18:05,28.5,407542,143,买盘
963,10:18:08,28.49,236527,83,卖盘
964,10:18:11,28.5,1134272,398,买盘
965,10:18:14,28.5,82665,29,卖盘
966,10:18:17,28.5,424686,149,卖盘
967,10:18:20,28.51,355821,125,买盘
968,10:18:23,28.5,153864,54,中性盘
969,10:18:26,28.5,216575,76,买盘
970,10:18:29,28.49,302032,106,卖盘
971,10:18:32,28.49,601309,211,卖盘
972,10:18:35,28.49,251159,88,卖盘
973,10:18:38,28.49,54138,19,卖盘
974,10:18:41,28.5,703934,247,买盘
975,10:18:44,28.49,59837,21,卖盘
976,10:18:47,28.5,313416,110,买盘
977,10:18:50,28.49,264979,93,卖盘
978,10:18:53,28.49,216524,76,卖盘
979,10:18:56,28.49,532784,187,卖盘
980,10:18:59,28.49,176620,62,买盘
981,10:19:02,28.49,273478,96,买盘
982,10:19:05,28.48,575465,202,卖盘
983,10:19:08,28.48,276283,97,卖盘
984,10:19:11,28.49,324724,114,买盘
985,10:19:14,28.48,535558,188,卖盘
986,10:19:17,28.49,324760,114,买盘
987,10:19:20,28.49,441533,155,买盘
988,10:19:23,28.49,1409800,495,买盘
989,10:19:26,28.48,111095,39,卖盘
990,10:19:29,28.49,299062,105,买盘
991,10:19:32,28.48,182309,64,中性盘
992,10:19:35,28.49,629605,221,买盘
993,10:19:38,28.49,62675,22,买盘
994,10:19:41,28.49,59823,21,买盘
995,10:19:44,28.49,421551,148,买盘
996,10:19:47,28.49,931402,327,买盘
997,10:19:50,28.51,1251014,439,买盘
998,10:19:53,28.5,775395,272,中性盘
999,10:19:56,28.5,239406,84,卖盘
1000,10:19:59,28.49,361870,127,卖盘
1001,10:20:02,28.49,310565,109,卖盘
1002,10:20:05,28.49,262156,92,卖盘
1003,10:20:08,28.5,512939,180,买盘
1004,10:20:11,28.5,162456,57,卖盘
1005,10:20:14,28.51,302110,106,买盘
1006,10:20:17,28.51,128264,45,买盘
1007,10:20:20,28.5,267919,94,卖盘
1008,10:20:23,28.51,638338,224,买盘
1009,10:20:26,28.5,689594,242,卖盘
1010,10:20:29,28.49,253623,89,卖盘
1011,10:20:32,28.49,185191,65,中性盘
1012,10:20:35,28.49,259254,91,买盘
1013,10:20:38,28.49,290579,102,买盘
1014,10:20:41,28.49,156729,55,卖盘
1015,10:20:44,28.49,102586,36,卖盘
1016,10:20:47,28.49,142484,50,卖盘
1017,10:20:50,28.5,706683,248,买盘
1018,10:20:53,28.51,307814,108,买盘
1019,10:20:56,28.5,193794,68,中性盘
1020,10:20:59,28.5,279242,98,买盘
1021,10:21:02,28.5,353449,124,买盘
1022,10:21:05,28.51,276459,97,买盘
1023,10:21:08,28.52,516857,181,买盘
1024,10:21:11,28.5,450534,158,卖盘
1025,10:21:14,28.52,333642,117,中性盘
1026,10:21:17,28.52,299452,105,买盘
1027,10:21:20,28.53,251059,88,买盘
1028,10:21:23,28.53,405230,142,买盘
1029,10:21:26,28.54,194102,68,买盘
1030,10:21:29,28.55,171300,60,买盘
1031,10:21:32,28.55,482053,169,买盘
1032,10:21:35,28.55,442605,155,卖盘
1033,10:21:38,28.56,171332,60,中性盘
1034,10:21:41,28.56,571110,200,买盘
1035,10:21:44,28.56,296962,104,买盘
1036,10:21:47,28.54,528119,185,卖盘
1037,10:21:50,28.54,582123,204,中性盘
1038,10:21:53,28.53,222559,78,卖盘
1039,10:21:56,28.54,964604,338,买盘
1040,10:21:59,28.54,382320,134,买盘
1041,10:22:02,28.56,1407386,493,买盘
1042,10:22:05,28.57,302847,106,买盘
1043,10:22:08,28.59,220090,77,买盘
1044,10:22:11,28.59,508807,178,买盘
1045,10:22:14,28.58,137188,48,中性盘
1046,10:22:17,28.57,397283,139,卖盘
1047,10:22:20,28.57,277129,97,买盘
1048,10:22:23,28.56,234238,82,卖盘
1049,10:22:26,28.56,319826,112,买盘
1050,10:22:29,28.56,197053,69,买盘
1051,10:22:32,28.55,77111,27,卖盘
1052,10:22:35,28.55,162736,57,卖盘
1053,10:22:38,28.54,259752,91,卖盘
1054,10:22:41,28.55,288353,101,买盘
1055,10:22:44,28.56,442518,155,买盘
1056,10:22:47,28.55,216984,76,卖盘
1057,10:22:50,28.55,308340,108,买盘
1058,10:22:53,28.55,125620,44,买盘
1059,10:22:56,28.58,1445780,506,买盘
1060,10:22:59,28.58,448691,157,买盘
1061,10:23:02,28.6,343128,120,买盘
1062,10:23:05,28.58,374427,131,卖盘
1063,10:23:08,28.58,97192,34,卖盘
1064,10:23:11,28.59,380145,133,买盘
1065,10:23:14,28.58,228715,80,卖盘
1066,10:23:17,28.57,325912,114,卖盘
1067,10:23:20,28.6,217310,76,买盘
1068,10:23:23,28.57,323074,113,卖盘
1069,10:23:26,28.59,265766,93,买盘
1070,10:23:29,28.58,280105,98,中性盘
1071,10:23:32,28.58,88589,31,买盘
1072,10:23:35,28.58,420046,147,买盘
1073,10:23:38,28.57,211389,74,卖盘
1074,10:23:41,28.57,474255,166,买盘
1075,10:23:44,28.56,242820,85,卖盘
1076,10:23:47,28.56,411345,144,卖盘
1077,10:23:50,28.57,174281,61,买盘
1078,10:23:53,28.55,1025775,359,卖盘
1079,10:23:56,28.57,400082,140,中性盘
1080,10:23:59,28.57,225687,79,买盘
1081,10:24:02,28.57,185681,65,卖盘
1082,10:24:05,28.58,699872,245,买盘
1083,10:24:08,28.6,866104,303,买盘
1084,10:24:11,28.59,1046686,366,中性盘
1085,10:24:14,28.6,434668,152,买盘
1086,10:24:17,28.6,131562,46,买盘
1087,10:24:20,28.61,220241,77,买盘
1088,10:24:23,28.61,120158,42,买盘
1089,10:24:26,28.61,205991,72,买盘
1090,10:24:29,28.62,194519,68,买盘
1091,10:24:32,28.62,563885,197,买盘
1092,10:24:35,28.61,48662,17,卖盘
1093,10:24:38,28.62,180311,63,卖盘
1094,10:24:41,28.63,583987,204,买盘
1095,10:24:44,28.63,80172,28,卖盘
1096,10:24:47,28.65,799088,279,买盘
1097,10:24:50,28.64,197610,69,卖盘
1098,10:24:53,28.63,409605,143,卖盘
1099,10:24:56,28.66,704804,246,买盘
1100,10:24:59,28.66,2052099,716,买盘
1101,10:25:02,28.68,260929,91,买盘
1102,10:25:05,28.67,197832,69,卖盘
1103,10:25:08,28.68,1158684,404,买盘
1104,10:25:11,28.68,731305,255,买盘
1105,10:25:14,28.71,1099206,383,买盘
1106,10:25:17,28.69,272651,95,卖盘
1107,10:25:20,28.69,487860,170,卖盘
1108,10:25:23,28.7,513532,179,买盘
1109,10:25:26,28.69,464768,162,买盘
1110,10:25:29,28.68,1150062,401,卖盘
1111,10:25:32,28.69,519148,181,买盘
1112,10:25:35,28.69,725734,253,买盘
1113,10:25:38,28.68,177840,62,中性盘
1114,10:25:41,28.7,794623,277,买盘
1115,10:25:44,28.7,889925,310,买盘
1116,10:25:47,28.7,427672,149,卖盘
1117,10:25:50,28.71,152148,53,买盘
1118,10:25:53,28.69,1498505,522,卖盘
1119,10:25:56,28.68,886458,309,卖盘
1120,10:25:59,28.67,229381,80,中性盘
1121,10:26:02,28.68,473097,165,买盘
1122,10:26:05,28.68,407274,142,卖盘
1123,10:26:08,28.67,217934,76,卖盘
1124,10:26:11,28.7,1732810,604,买盘
1125,10:26:14,28.69,671571,234,卖盘
1126,10:26:17,28.7,126258,44,买盘
1127,10:26:20,28.69,83208,29,卖盘
1128,10:26:23,28.69,209435,73,买盘
1129,10:26:26,28.68,103248,36,卖盘
1130,10:26:29,28.67,177788,62,卖盘
1131,10:26:32,28.67,263764,92,卖盘
1132,10:26:35,28.67,292434,102,买盘
1133,10:26:38,28.67,260873,91,买盘
1134,10:26:41,28.67,642201,224,买盘
1135,10:26:44,28.67,653712,228,卖盘
1136,10:26:47,28.66,418617,146,卖盘
1137,10:26:50,28.67,263688,92,买盘
1138,10:26:53,28.65,246444,86,卖盘
1139,10:26:56,28.65,131807,46,卖盘
1140,10:26:59,28.64,60147,21,卖盘
1141,10:27:02,28.64,621726,217,卖盘
1142,10:27:05,28.64,458510,160,中性盘
1143,10:27:08,28.67,280826,98,买盘
1144,10:27:11,28.67,891508,311,买盘
1145,10:27:14,28.66,83103,29,卖盘
1146,10:27:17,28.67,45868,16,买盘
1147,10:27:20,28.67,117541,41,买盘
1148,10:27:23,28.66,94592,33,卖盘
1149,10:27:26,28.67,269399,94,买盘
1150,10:27:29,28.66,37262,13,中性盘
1151,10:27:32,28.66,584909,204,买盘
1152,10:27:35,28.67,180588,63,买盘
1153,10:27:38,28.66,415633,145,卖盘
1154,10:27:41,28.64,954249,333,卖盘
1155,10:27:44,28.64,91634,32,买盘
1156,10:27:47,28.64,896848,313,买盘
1157,10:27:50,28.64,154641,54,买盘
1158,10:27:53,28.64,220473,77,买盘
1159,10:27:56,28.64,547011,191,买盘
1160,10:27:59,28.64,54416,19,卖盘
1161,10:28:02,28.63,372235,130,卖盘
1162,10:28:05,28.61,137340,48,卖盘
1163,10:28:08,28.6,243121,85,卖盘
1164,10:28:11,28.59,1072693,375,卖盘
1165,10:28:14,28.6,285964,100,中性盘
1166,10:28:17,28.59,125822,44,卖盘
1167,10:28:20,28.58,74314,26,卖盘
1168,10:28:23,28.59,603359,211,买盘
1169,10:28:26,28.58,294075,103,卖盘
1170,10:28:29,28.58,134314,47,买盘
1171,10:28:32,28.58,491452,172,买盘
1172,10:28:35,28.57,60000,21,卖盘
1173,10:28:38,28.57,211418,74,买盘
1174,10:28:41,28.56,245667,86,卖盘
1175,10:28:44,28.56,77127,27,卖盘
1176,10:28:47,28.56,448395,157,卖盘
1177,10:28:50,28.57,117125,41,买盘
1178,10:28:53,28.56,182835,64,卖盘
1179,10:28:56,28.58,574283,201,买盘
1180,10:28:59,28.58,397274,139,买盘
1181,10:29:02,28.55,779802,273,卖盘
1182,10:29:05,28.56,108533,38,卖盘
1183,10:29:08,28.55,736637,258,卖盘
1184,10:29:11,28.55,191291,67,买盘
1185,10:29:14,28.55,302754,106,卖盘
1186,10:29:17,28.54,302528,106,卖盘
1187,10:29:20,28.55,1110041,389,买盘
1188,10:29:23,28.56,128537,45,中性盘
1189,10:29:26,28.56,51410,18,卖盘
1190,10:29:29,28.56,122802,43,卖盘
1191,10:29:32,28.55,91385,32,卖盘
1192,10:29:35,28.55,134202,47,卖盘
1193,10:29:38,28.55,1988542,696,卖盘
1194,10:29:41,28.58,1527077,534,买盘
1195,10:29:44,28.55,191321,67,卖盘
1196,10:29:47,28.55,482524,169,买盘
1197,10:29:50,28.59,548552,192,买盘
1198,10:29:53,28.58,54292,19,买盘
1199,10:29:56,28.58,31443,11,卖盘
1200,10:29:59,28.59,88616,31,买盘
1201,10:30:02,28.59,148642,52,买盘
1202,10:30:05,28.57,117157,41,卖盘
1203,10:30:08,28.57,122850,43,买盘
1204,10:30:11,28.57,248525,87,买盘
1205,10:30:14,28.57,131377,46,买盘
1206,10:30:17,28.57,111419,39,买盘
1207,10:30:20,28.56,125674,44,买盘
1208,10:30:23,28.55,131378,46,卖盘
1209,10:30:26,28.55,343995,120,卖盘
1210,10:30:29,28.55,452682,159,卖盘
1211,10:30:32,28.54,316894,111,卖盘
1212,10:30:35,28.55,85639,30,买盘
1213,10:30:38,28.54,353893,124,卖盘
1214,10:30:41,28.55,773198,271,买盘
1215,10:30:44,28.54,228344,80,卖盘
1216,10:30:47,28.55,471071,165,买盘
1217,10:30:50,28.55,228410,80,卖盘
1218,10:30:53,28.57,117135,41,买盘
1219,10:30:56,28.56,99937,35,买盘
1220,10:30:59,28.57,137111,48,买盘
1221,10:31:02,28.55,259836,91,卖盘
1222,10:31:05,28.56,413980,145,买盘
1223,10:31:08,28.59,445760,156,买盘
1224,10:31:11,28.59,97180,34,买盘
1225,10:31:14,28.6,874909,306,买盘
1226,10:31:17,28.6,114423,40,卖盘
1227,10:31:20,28.61,88672,31,买盘
1228,10:31:23,28.61,68664,24,买盘
1229,10:31:26,28.61,277518,97,买盘
1230,10:31:29,28.62,440609,154,买盘
1231,10:31:32,28.61,131624,46,卖盘
1232,10:31:35,28.62,111581,39,买盘
1233,10:31:38,28.6,100101,35,卖盘
1234,10:31:41,28.6,165912,58,买盘
1235,10:31:44,28.59,354620,124,卖盘
1236,10:31:47,28.6,174446,61,买盘
1237,10:31:50,28.6,125818,44,买盘
1238,10:31:53,28.6,180132,63,买盘
1239,10:31:56,28.6,360334,126,买盘
1240,10:31:59,28.62,91562,32,买盘
1241,10:32:02,28.61,160229,56,卖盘
1242,10:32:05,28.61,157355,55,卖盘
1243,10:32:08,28.6,846704,296,卖盘
1244,10:32:11,28.6,2519687,881,卖盘
1245,10:32:14,28.6,426007,149,买盘
1246,10:32:17,28.6,220164,77,买盘
1247,10:32:20,28.59,148666,52,卖盘
1248,10:32:23,28.59,71470,25,买盘
1249,10:32:26,28.59,408862,143,买盘
1250,10:32:29,28.59,240117,84,卖盘
1251,10:32:32,28.59,308786,108,卖盘
1252,10:32:35,28.6,431800,151,买盘
1253,10:32:38,28.59,160142,56,卖盘
1254,10:32:41,28.59,128682,45,卖盘
1255,10:32:44,28.59,137254,48,卖盘
1256,10:32:47,28.59,20016,7,卖盘
1257,10:32:50,28.59,208762,73,卖盘
1258,10:32:53,28.59,34312,12,卖盘
1259,10:32:56,28.59,151527,53,卖盘
1260,10:32:59,28.58,865959,303,卖盘
1261,10:33:02,28.58,85740,30,买盘
1262,10:33:05,28.56,299989,105,卖盘
1263,10:33:08,28.56,288450,101,买盘
1264,10:33:11,28.58,259917,91,买盘
1265,10:33:14,28.57,59997,21,卖盘
1266,10:33:17,28.58,31433,11,买盘
1267,10:33:20,28.57,260013,91,卖盘
1268,10:33:23,28.57,186452,65,买盘
1269,10:33:26,28.57,94258,33,买盘
1270,10:33:29,28.57,150628,53,买盘
1271,10:33:32,28.56,54275,19,卖盘
1272,10:33:35,28.57,149336,52,买盘
1273,10:33:38,28.58,157164,55,买盘
1274,10:33:41,28.58,20005,7,买盘
1275,10:33:44,28.58,74297,26,买盘
1276,10:33:47,28.57,259216,91,卖盘
1277,10:33:50,28.57,82850,29,买盘
1278,10:33:53,28.57,159976,56,买盘
1279,10:33:56,28.57,54282,19,买盘
1280,10:33:59,28.57,88550,31,买盘
1281,10:34:02,28.57,294191,103,买盘
1282,10:34:05,28.54,668071,234,卖盘
1283,10:34:08,28.53,231193,81,卖盘
1284,10:34:11,28.54,419716,147,买盘
1285,10:34:14,28.57,82822,29,买盘
1286,10:34:17,28.55,65681,23,中性盘
1287,10:34:20,28.56,42836,15,买盘
1288,10:34:23,28.54,114170,40,卖盘
1289,10:34:26,28.54,256832,90,卖盘
1290,10:34:29,28.54,28540,10,买盘
1291,10:34:32,28.53,202591,71,卖盘
1292,10:34:35,28.54,62771,22,买盘
1293,10:34:38,28.53,282455,99,卖盘
1294,10:34:41,28.53,416614,146,卖盘
1295,10:34:44,28.53,114121,40,卖盘
1296,10:34:47,28.54,328101,115,买盘
1297,10:34:50,28.54,122713,43,买盘
1298,10:34:53,28.53,114126,40,卖盘
1299,10:34:56,28.53,504996,177,卖盘
1300,10:34:59,28.54,185501,65,买盘
1301,10:35:02,28.52,504973,177,卖盘
1302,10:35:05,28.53,542024,190,中性盘
1303,10:35:08,28.54,111288,39,买盘
1304,10:35:11,28.53,273943,96,卖盘
1305,10:35:14,28.55,599347,210,买盘
1306,10:35:17,28.55,727713,255,中性盘
1307,10:35:20,28.56,82777,29,买盘
1308,10:35:23,28.55,119908,42,买盘
1309,10:35:26,28.55,265449,93,买盘
1310,10:35:29,28.54,154146,54,卖盘
1311,10:35:32,28.53,62781,22,卖盘
1312,10:35:35,28.54,239689,84,买盘
1313,10:35:38,28.54,71350,25,买盘
1314,10:35:41,28.54,550843,193,卖盘
1315,10:35:44,28.54,154137,54,卖盘
1316,10:35:47,28.54,22832,8,买盘
1317,10:35:50,28.54,225426,79,买盘
1318,10:35:53,28.54,139847,49,买盘
1319,10:35:56,28.54,102755,36,卖盘
1320,10:35:59,28.54,34257,12,卖盘
1321,10:36:02,28.55,114193,40,买盘
1322,10:36:05,28.55,125614,44,买盘
1323,10:36:08,28.56,316865,111,买盘
1324,10:36:11,28.55,105645,37,买盘
1325,10:36:14,28.54,368269,129,卖盘
1326,10:36:17,28.55,11420,4,买盘
1327,10:36:20,28.55,48532,17,买盘
1328,10:36:23,28.55,62807,22,买盘
1329,10:36:26,28.55,111342,39,买盘
1330,10:36:29,28.55,268329,94,买盘
1331,10:36:32,28.55,105617,37,买盘
1332,10:36:35,28.55,57088,20,买盘
1333,10:36:38,28.55,142718,50,买盘
1334,10:36:41,28.55,137032,48,买盘
1335,10:36:44,28.54,528011,185,卖盘
1336,10:36:47,28.54,445224,156,卖盘
1337,10:36:50,28.54,145528,51,买盘
1338,10:36:53,28.54,482185,169,买盘
1339,10:36:56,28.54,1475477,517,买盘
1340,10:36:59,28.53,1410111,494,卖盘
1341,10:37:02,28.55,82810,29,中性盘
1342,10:37:05,28.55,62810,22,卖盘
1343,10:37:08,28.58,449288,157,买盘
1344,10:37:11,28.58,68585,24,买盘
1345,10:37:14,28.57,80004,28,卖盘
1346,10:37:17,28.5,5047167,1770,卖盘
1347,10:37:20,28.53,442141,155,买盘
1348,10:37:23,28.54,137022,48,卖盘
1349,10:37:26,28.56,59964,21,买盘
1350,10:37:29,28.56,248364,87,买盘
1351,10:37:32,28.55,248399,87,中性盘
1352,10:37:35,28.55,5710,2,卖盘
1353,10:37:38,28.55,102817,36,卖盘
1354,10:37:41,28.55,88533,31,卖盘
1355,10:37:44,28.57,28554,10,买盘
1356,10:37:47,28.57,88540,31,买盘
1357,10:37:50,28.55,179949,63,卖盘
1358,10:37:53,28.55,74238,26,卖盘
1359,10:37:56,28.55,174236,61,卖盘
1360,10:37:59,28.56,151399,53,中性盘
1361,10:38:02,28.57,137113,48,买盘
1362,10:38:05,28.55,296920,104,卖盘
1363,10:38:08,28.56,205624,72,买盘
1364,10:38:11,28.56,194223,68,卖盘
1365,10:38:14,28.56,17135,6,买盘
1366,10:38:17,28.55,245548,86,卖盘
1367,10:38:20,28.55,168433,59,买盘
1368,10:38:23,28.55,425406,149,买盘
1369,10:38:26,28.54,1766619,619,卖盘
1370,10:38:29,28.55,567936,199,买盘
1371,10:38:32,28.55,348407,122,卖盘
1372,10:38:35,28.55,39970,14,买盘
1373,10:38:38,28.56,102807,36,买盘
1374,10:38:41,28.56,62830,22,买盘
1375,10:38:44,28.56,65673,23,买盘
1376,10:38:47,28.56,1484966,520,买盘
1377,10:38:50,28.57,1187874,416,买盘
1378,10:38:53,28.57,174267,61,买盘
1379,10:38:56,28.56,68547,24,卖盘
1380,10:38:59,28.57,277073,97,买盘
1381,10:39:02,28.55,371356,130,卖盘
1382,10:39:05,28.56,45696,16,买盘
1383,10:39:08,28.56,268531,94,买盘
1384,10:39:11,28.57,108566,38,买盘
1385,10:39:14,28.57,142849,50,买盘
1386,10:39:17,28.58,134293,47,买盘
1387,10:39:20,28.58,62867,22,买盘
1388,10:39:23,28.57,165745,58,卖盘
1389,10:39:26,28.57,362941,127,卖盘
1390,10:39:29,28.57,154283,54,卖盘
1391,10:39:32,28.56,205721,72,卖盘
1392,10:39:35,28.57,425680,149,买盘
1393,10:39:38,28.57,199973,70,买盘
1394,10:39:41,28.57,88566,31,买盘
1395,10:39:44,28.57,37130,13,买盘
1396,10:39:47,28.56,408410,143,卖盘
1397,10:39:50,28.56,134223,47,买盘
1398,10:39:53,28.55,28556,10,卖盘
1399,10:39:56,28.56,45696,16,买盘
1400,10:39:59,28.55,148474,52,卖盘
1401,10:40:02,28.56,265612,93,买盘
1402,10:40:05,28.56,157072,55,买盘
1403,10:40:08,28.57,159977,56,买盘
1404,10:40:11,28.55,85677,30,卖盘
1405,10:40:14,28.56,22848,8,卖盘
1406,10:40:17,28.57,182753,64,买盘
1407,10:40:20,28.56,245568,86,中性盘
1408,10:40:23,28.56,77112,27,买盘
1409,10:40:26,28.55,279807,98,卖盘
1410,10:40:29,28.56,125664,44,买盘
1411,10:40:32,28.56,248390,87,买盘
1412,10:40:35,28.55,151327,53,卖盘
1413,10:40:38,28.55,168449,59,卖盘
1414,10:40:41,28.55,322566,113,买盘
1415,10:40:44,28.55,28550,10,买盘
1416,10:40:47,28.55,154141,54,买盘
1417,10:40:50,28.55,159860,56,买盘
1418,10:40:53,28.55,39969,14,买盘
1419,10:40:56,28.55,476754,167,买盘
1420,10:40:59,28.55,231267,81,买盘
1421,10:41:02,28.55,137058,48,卖盘
1422,10:41:05,28.55,119909,42,卖盘
1423,10:41:08,28.55,125619,44,买盘
1424,10:41:11,28.54,274008,96,卖盘
1425,10:41:14,28.54,62788,22,卖盘
1426,10:41:17,28.54,85620,30,买盘
1427,10:41:20,28.53,196917,69,卖盘
1428,10:41:23,28.53,445098,156,卖盘
1429,10:41:26,28.53,42797,15,卖盘
1430,10:41:29,28.54,476586,167,买盘
1431,10:41:32,28.53,108434,38,卖盘
1432,10:41:35,28.54,348086,122,买盘
1433,10:41:38,28.53,105547,37,中性盘
1434,10:41:41,28.53,139787,49,买盘
1435,10:41:44,28.52,54194,19,卖盘
1436,10:41:47,28.53,136910,48,买盘
1437,10:41:50,28.53,139761,49,买盘
1438,10:41:53,28.52,347963,122,卖盘
1439,10:41:56,28.52,330831,116,买盘
1440,10:41:59,28.53,219565,77,买盘
1441,10:42:02,28.52,131209,46,卖盘
1442,10:42:05,28.53,88424,31,买盘
1443,10:42:08,28.53,88434,31,买盘
1444,10:42:11,28.53,171169,60,买盘
1445,10:42:14,28.52,191089,67,卖盘
1446,10:42:17,28.53,82724,29,买盘
1447,10:42:20,28.53,125523,44,买盘
1448,10:42:23,28.52,193935,68,卖盘
1449,10:42:26,28.51,895496,314,卖盘
1450,10:42:29,28.52,125491,44,买盘
1451,10:42:32,28.52,139743,49,中性盘
1452,10:42:35,28.53,279427,98,买盘
1453,10:42:38,28.52,116933,41,卖盘
1454,10:42:41,28.53,308037,108,买盘
1455,10:42:44,28.53,231018,81,买盘
1456,10:42:47,28.52,242432,85,卖盘
1457,10:42:50,28.52,134035,47,买盘
1458,10:42:53,28.52,476299,167,买盘
1459,10:42:56,28.53,422046,148,买盘
1460,10:42:59,28.52,99821,35,中性盘
1461,10:43:02,28.52,402078,141,买盘
1462,10:43:05,28.52,102667,36,买盘
1463,10:43:08,28.52,208162,73,买盘
1464,10:43:11,28.51,148281,52,卖盘
1465,10:43:14,28.52,25660,9,买盘
1466,10:43:17,28.51,259452,91,卖盘
1467,10:43:20,28.52,444780,156,买盘
1468,10:43:23,28.51,276552,97,卖盘
1469,10:43:26,28.51,344891,121,买盘
1470,10:43:29,28.5,259403,91,卖盘
1471,10:43:32,28.5,54159,19,卖盘
1472,10:43:35,28.51,17103,6,买盘
1473,10:43:38,28.51,302121,106,买盘
1474,10:43:41,28.52,607277,213,买盘
1475,10:43:44,28.51,193886,68,卖盘
1476,10:43:47,28.52,74133,26,买盘
1477,10:43:50,28.52,176804,62,买盘
1478,10:43:53,28.51,17110,6,卖盘
1479,10:43:56,28.51,42769,15,卖盘
1480,10:43:59,28.52,182494,64,买盘
1481,10:44:02,28.51,476126,167,卖盘
1482,10:44:05,28.51,1508522,529,卖盘
1483,10:44:08,28.52,202415,71,买盘
1484,10:44:11,28.52,165390,58,买盘
1485,10:44:14,28.52,59883,21,买盘
1486,10:44:17,28.52,88396,31,买盘
1487,10:44:20,28.53,327956,115,买盘
1488,10:44:23,28.54,539217,189,买盘
1489,10:44:26,28.55,154089,54,买盘
1490,10:44:29,28.54,74208,26,买盘
1491,10:44:32,28.54,37107,13,卖盘
1492,10:44:35,28.54,34248,12,卖盘
1493,10:44:38,28.55,565273,198,买盘
1494,10:44:41,28.55,94223,33,买盘
1495,10:44:44,28.55,151330,53,卖盘
1496,10:44:47,28.55,114222,40,卖盘
1497,10:44:50,28.56,79950,28,买盘
1498,10:44:53,28.55,57100,20,卖盘
1499,10:44:56,28.58,511251,179,买盘
1500,10:44:59,28.58,194299,68,买盘
1501,10:45:02,28.58,5716,2,买盘
1502,10:45:05,28.58,157195,55,买盘
1503,10:45:08,28.56,142856,50,卖盘
1504,10:45:11,28.56,185678,65,卖盘
1505,10:45:14,28.56,154250,54,卖盘
1506,10:45:17,28.56,134229,47,买盘
1507,10:45:20,28.57,342733,120,买盘
1508,10:45:23,28.55,191305,67,卖盘
1509,10:45:26,28.56,48537,17,买盘
1510,10:45:29,28.57,739478,259,买盘
1511,10:45:32,28.55,259843,91,卖盘
1512,10:45:35,28.55,559472,196,买盘
1513,10:45:38,28.54,570923,200,卖盘
1514,10:45:41,28.57,425458,149,买盘
1515,10:45:44,28.54,39970,14,卖盘
1516,10:45:47,28.57,111330,39,买盘
1517,10:45:50,28.57,105664,37,买盘
1518,10:45:53,28.54,14276,5,卖盘
1519,10:45:56,28.54,214064,75,卖盘
1520,10:45:59,28.56,85669,30,买盘
1521,10:46:02,28.56,94190,33,买盘
1522,10:46:05,28.55,134169,47,买盘
1523,10:46:08,28.54,342541,120,卖盘
1524,10:46:11,28.54,388183,136,卖盘
1525,10:46:14,28.54,159826,56,卖盘
1526,10:46:17,28.54,45661,16,买盘
1527,10:46:20,28.55,319678,112,买盘
1528,10:46:23,28.54,91351,32,卖盘
1529,10:46:26,28.55,94186,33,买盘
1530,10:46:29,28.55,139875,49,买盘
1531,10:46:32,28.55,214086,75,买盘
1532,10:46:35,28.54,59935,21,卖盘
1533,10:46:38,28.55,208359,73,买盘
1534,10:46:41,28.55,114191,40,买盘
1535,10:46:44,28.54,74228,26,卖盘
1536,10:46:47,28.55,57099,20,买盘
1537,10:46:50,28.55,199808,70,买盘
1538,10:46:53,28.54,185515,65,卖盘
1539,10:46:56,28.55,51374,18,买盘
1540,10:46:59,28.55,45679,16,买盘
1541,10:47:02,28.54,51378,18,卖盘
1542,10:47:05,28.54,122727,43,卖盘
1543,10:47:08,28.53,271111,95,卖盘
1544,10:47:11,28.54,94179,33,买盘
1545,10:47:14,28.54,54226,19,买盘
1546,10:47:17,28.54,85597,30,买盘
1547,10:47:20,28.54,168386,59,买盘
1548,10:47:23,28.53,48501,17,卖盘
1549,10:47:26,28.54,71349,25,买盘
1550,10:47:29,28.54,91321,32,中性盘
1551,10:47:32,28.53,77033,27,卖盘
1552,10:47:35,28.53,25677,9,卖盘
1553,10:47:38,28.54,122718,43,买盘
1554,10:47:41,28.54,199739,70,买盘
1555,10:47:44,28.54,48517,17,买盘
1556,10:47:47,28.54,179801,63,买盘
1557,10:47:50,28.53,405242,142,卖盘
1558,10:47:53,28.54,34248,12,中性盘
1559,10:47:56,28.54,114168,40,卖盘
1560,10:47:59,28.54,114132,40,买盘
1561,10:48:02,28.53,128413,45,卖盘
1562,10:48:05,28.54,136986,48,买盘
1563,10:48:08,28.54,904602,317,买盘
1564,10:48:11,28.53,1209918,424,卖盘
1565,10:48:14,28.53,91312,32,中性盘
1566,10:48:17,28.53,310930,109,买盘
1567,10:48:20,28.53,319468,112,买盘
1568,10:48:23,28.52,784332,275,卖盘
1569,10:48:26,28.51,704366,247,卖盘
1570,10:48:29,28.53,889627,312,买盘
1571,10:48:32,28.51,578761,203,卖盘
1572,10:48:35,28.5,461800,162,卖盘
1573,10:48:38,28.51,242289,85,卖盘
1574,10:48:41,28.51,228107,80,卖盘
1575,10:48:44,28.52,336458,118,买盘
1576,10:48:47,28.51,536031,188,卖盘
1577,10:48:50,28.51,393518,138,卖盘
1578,10:48:53,28.52,125458,44,买盘
1579,10:48:56,28.52,413550,145,卖盘
1580,10:48:59,28.52,262364,92,卖盘
1581,10:49:02,28.53,1166773,409,买盘
1582,10:49:05,28.54,542105,190,买盘
1583,10:49:08,28.52,251048,88,卖盘
1584,10:49:11,28.52,136906,48,卖盘
1585,10:49:14,28.52,313618,110,买盘
1586,10:49:17,28.52,305080,107,买盘
1587,10:49:20,28.52,330800,116,买盘
1588,10:49:23,28.53,375568,132,买盘
1589,10:49:26,28.52,6015015,2111,卖盘
1590,10:49:29,28.53,712435,250,买盘
1591,10:49:32,28.51,701016,246,卖盘
1592,10:49:35,28.51,589911,207,卖盘
1593,10:49:38,28.5,590061,207,卖盘
1594,10:49:41,28.51,256520,90,买盘
1595,10:49:44,28.5,131103,46,卖盘
1596,10:49:47,28.5,194587,68,卖盘
1597,10:49:50,28.5,1071621,376,卖盘
1598,10:49:53,28.52,6876955,2414,买盘
1599,10:49:56,28.53,499275,175,买盘
1600,10:49:59,28.52,419139,147,中性盘
1601,10:50:02,28.52,85560,30,买盘
1602,10:50:05,28.52,222408,78,买盘
1603,10:50:08,28.51,196749,69,卖盘
1604,10:50:11,28.53,6868770,2410,买盘
1605,10:50:14,28.51,767617,269,卖盘
1606,10:50:17,28.53,702142,246,买盘
1607,10:50:20,28.53,393619,138,买盘
1608,10:50:23,28.53,256800,90,买盘
1609,10:50:26,28.53,747585,262,卖盘
1610,10:50:29,28.53,313894,110,买盘
1611,10:50:32,28.53,148411,52,买盘
1612,10:50:35,28.53,48501,17,买盘
1613,10:50:38,28.54,430933,151,买盘
1614,10:50:41,28.53,176975,62,卖盘
1615,10:50:44,28.55,619728,217,买盘
1616,10:50:47,28.55,182672,64,买盘
1617,10:50:50,28.53,339831,119,卖盘
1618,10:50:53,28.56,62798,22,买盘
1619,10:50:56,28.56,591107,207,买盘
1620,10:50:59,28.56,108522,38,买盘
1621,10:51:02,28.56,488411,171,买盘
1622,10:51:05,28.56,448299,157,买盘
1623,10:51:08,28.56,322736,113,买盘
1624,10:51:11,28.57,165683,58,买盘
1625,10:51:14,28.56,385546,135,中性盘
1626,10:51:17,28.54,111338,39,卖盘
1627,10:51:20,28.55,348342,122,买盘
1628,10:51:23,28.54,139875,49,中性盘
1629,10:51:26,28.54,125607,44,卖盘
1630,10:51:29,28.56,822474,288,买盘
1631,10:51:32,28.54,142741,50,卖盘
1632,10:51:35,28.55,302672,106,中性盘
1633,10:51:38,28.55,82788,29,买盘
1634,10:51:41,28.55,348334,122,买盘
1635,10:51:44,28.55,54263,19,卖盘
1636,10:51:47,28.56,39982,14,买盘
1637,10:51:50,28.58,254229,89,买盘
1638,10:51:53,28.58,620156,217,买盘
1639,10:51:56,28.57,671400,235,卖盘
1640,10:51:59,28.58,177086,62,买盘
1641,10:52:02,28.58,174316,61,买盘
1642,10:52:05,28.58,45727,16,买盘
1643,10:52:08,28.58,125729,44,买盘
1644,10:52:11,28.57,174313,61,中性盘
1645,10:52:14,28.56,45709,16,卖盘
1646,10:52:17,28.56,239918,84,卖盘
1647,10:52:20,28.56,68552,24,买盘
1648,10:52:23,28.55,57107,20,卖盘
1649,10:52:26,28.54,145621,51,卖盘
1650,10:52:29,28.55,68520,24,买盘
1651,10:52:32,28.55,62810,22,买盘
1652,10:52:38,28.54,296860,104,卖盘
1653,10:52:41,28.55,322522,113,买盘
1654,10:52:44,28.56,779452,273,买盘
1655,10:52:47,28.56,159968,56,卖盘
1656,10:52:50,28.57,85696,30,买盘
1657,10:52:53,28.57,114255,40,买盘
1658,10:52:56,28.57,48552,17,买盘
1659,10:52:59,28.57,88567,31,买盘
1660,10:53:02,28.55,219909,77,卖盘
1661,10:53:05,28.55,74235,26,卖盘
1662,10:53:08,28.55,42825,15,买盘
1663,10:53:11,28.54,622325,218,卖盘
1664,10:53:14,28.55,8565,3,买盘
1665,10:53:17,28.55,199841,70,买盘
1666,10:53:20,28.55,57100,20,中性盘
1667,10:53:23,28.55,102794,36,卖盘
1668,10:53:26,28.56,154174,54,买盘
1669,10:53:29,28.56,265554,93,买盘
1670,10:53:32,28.55,34265,12,中性盘
1671,10:53:35,28.54,68497,24,卖盘
1672,10:53:38,28.55,57097,20,买盘
1673,10:53:41,28.55,171265,60,买盘
1674,10:53:44,28.54,114183,40,卖盘
1675,10:53:47,28.53,913244,320,卖盘
1676,10:53:50,28.54,174060,61,买盘
1677,10:53:53,28.54,191190,67,买盘
1678,10:53:56,28.54,91301,32,买盘
1679,10:53:59,28.53,97014,34,卖盘
1680,10:54:02,28.53,1486756,521,卖盘
1681,10:54:05,28.53,176897,62,买盘
1682,10:54:08,28.54,148372,52,买盘
1683,10:54:11,28.53,102685,36,卖盘
1684,10:54:14,28.53,116961,41,买盘
1685,10:54:17,28.53,299565,105,买盘
1686,10:54:20,28.53,236772,83,买盘
1687,10:54:23,28.53,737692,259,买盘
1688,10:54:26,28.52,71294,25,买盘
1689,10:54:29,28.53,105528,37,买盘
1690,10:54:32,28.53,88436,31,买盘
1691,10:54:35,28.52,116918,41,卖盘
1692,10:54:38,28.52,960828,337,买盘
1693,10:54:41,28.53,621774,218,买盘
1694,10:54:44,28.53,79860,28,买盘
1695,10:54:47,28.54,45642,16,买盘
1696,10:54:50,28.52,57066,20,卖盘
1697,10:54:53,28.52,102701,36,卖盘
1698,10:54:56,28.54,2274995,798,买盘
1699,10:54:59,28.54,291308,102,买盘
1700,10:55:02,28.53,94191,33,中性盘
1701,10:55:05,28.51,530454,186,卖盘
1702,10:55:08,28.52,196817,69,买盘
1703,10:55:11,28.52,228174,80,卖盘
1704,10:55:14,28.54,202574,71,买盘
1705,10:55:17,28.53,108383,38,买盘
1706,10:55:20,28.51,353539,124,卖盘
1707,10:55:23,28.52,37076,13,买盘
1708,10:55:26,28.52,37076,13,买盘
1709,10:55:29,28.52,91254,32,买盘
1710,10:55:32,28.51,222422,78,卖盘
1711,10:55:35,28.51,116907,41,卖盘
1712,10:55:38,28.51,34215,12,卖盘
1713,10:55:41,28.52,139716,49,买盘
1714,10:55:44,28.52,57025,20,买盘
1715,10:55:47,28.51,79828,28,卖盘
1716,10:55:50,28.51,450468,158,卖盘
1717,10:55:53,28.5,3135033,1100,卖盘
1718,10:55:56,28.49,56980,20,卖盘
1719,10:55:59,28.49,458712,161,卖盘
1720,10:56:02,28.49,102585,36,卖盘
1721,10:56:05,28.49,769239,270,卖盘
1722,10:56:08,28.5,527111,185,买盘
1723,10:56:11,28.49,151021,53,卖盘
1724,10:56:14,28.49,265031,93,卖盘
1725,10:56:17,28.5,151016,53,买盘
1726,10:56:20,28.5,188096,66,买盘
1727,10:56:23,28.49,28492,10,卖盘
1728,10:56:26,28.49,102574,36,卖盘
1729,10:56:29,28.49,113958,40,卖盘
1730,10:56:32,28.49,111106,39,买盘
1731,10:56:35,28.48,54116,19,卖盘
1732,10:56:38,28.48,25635,9,卖盘
1733,10:56:41,28.49,518547,182,买盘
1734,10:56:44,28.49,145320,51,买盘
1735,10:56:47,28.49,68391,24,卖盘
1736,10:56:50,28.49,319104,112,卖盘
1737,10:56:53,28.49,245020,86,卖盘
1738,10:56:56,28.5,99729,35,买盘
1739,10:56:59,28.5,128223,45,买盘
1740,10:57:02,28.5,350524,123,买盘
1741,10:57:05,28.5,270734,95,买盘
1742,10:57:08,28.5,139659,49,卖盘
1743,10:57:11,28.5,293537,103,卖盘
1744,10:57:14,28.5,162430,57,买盘
1745,10:57:17,28.51,182403,64,买盘
1746,10:57:20,28.5,814682,286,卖盘
1747,10:57:23,28.49,359105,126,卖盘
1748,10:57:26,28.49,190887,67,中性盘
1749,10:57:29,28.49,150991,53,卖盘
1750,10:57:32,28.49,387427,136,买盘
1751,10:57:35,28.48,689233,242,卖盘
1752,10:57:38,28.49,489920,172,买盘
1753,10:57:41,28.48,108248,38,卖盘
1754,10:57:44,28.48,230714,81,卖盘
1755,10:57:47,28.48,139557,49,卖盘
1756,10:57:50,28.5,669686,235,买盘
1757,10:57:53,28.5,344891,121,卖盘
1758,10:57:56,28.5,119688,42,卖盘
1759,10:57:59,28.5,62681,22,买盘
1760,10:58:02,28.46,2186684,768,卖盘
1761,10:58:05,28.48,185142,65,买盘
1762,10:58:08,28.47,239161,84,中性盘
1763,10:58:11,28.47,96808,34,卖盘
1764,10:58:14,28.46,176485,62,卖盘
1765,10:58:17,28.47,39854,14,买盘
1766,10:58:20,28.47,1178493,414,买盘
1767,10:58:23,28.46,731457,257,卖盘
1768,10:58:26,28.46,1602104,563,卖盘
1769,10:58:29,28.45,332941,117,卖盘
1770,10:58:32,28.45,150794,53,卖盘
1771,10:58:35,28.45,355625,125,卖盘
1772,10:58:38,28.45,2683044,943,卖盘
1773,10:58:41,28.45,386932,136,卖盘
1774,10:58:44,28.45,881950,310,买盘
1775,10:58:47,28.45,1673246,588,卖盘
1776,10:58:50,28.45,310155,109,卖盘
1777,10:58:53,28.45,594626,209,卖盘
1778,10:58:56,28.46,287348,101,买盘
1779,10:58:59,28.45,1340347,471,卖盘
1780,10:59:02,28.47,848196,298,中性盘
1781,10:59:05,28.48,185106,65,买盘
1782,10:59:08,28.49,170915,60,买盘
1783,10:59:11,28.48,233567,82,卖盘
1784,10:59:14,28.48,145293,51,卖盘
1785,10:59:17,28.49,105400,37,买盘
1786,10:59:20,28.48,364556,128,卖盘
1787,10:59:23,28.49,202244,71,买盘
1788,10:59:26,28.48,430061,151,卖盘
1789,10:59:29,28.47,361706,127,卖盘
1790,10:59:32,28.48,68352,24,买盘
1791,10:59:35,28.48,133852,47,买盘
1792,10:59:38,28.47,444150,156,卖盘
1793,10:59:41,28.48,412863,145,买盘
1794,10:59:44,28.48,168028,59,买盘
1795,10:59:47,28.49,307676,108,买盘
1796,10:59:50,28.49,917572,322,中性盘
1797,10:59:53,28.51,2775672,974,买盘
1798,10:59:56,28.51,406472,143,买盘
1799,10:59:59,28.51,558625,196,中性盘
1800,11:00:02,28.49,668101,234,卖盘
1801,11:00:05,28.48,538231,189,卖盘
1802,11:00:08,28.48,261989,92,中性盘
1803,11:00:11,28.5,76948,27,买盘
1804,11:00:14,28.48,88325,31,卖盘
1805,11:00:17,28.48,168049,59,卖盘
1806,11:00:20,28.49,111093,39,买盘
1807,11:00:23,28.49,59829,21,买盘
1808,11:00:26,28.49,182366,64,买盘
1809,11:00:29,28.5,230779,81,买盘
1810,11:00:32,28.5,162417,57,买盘
1811,11:00:35,28.49,85478,30,卖盘
1812,11:00:38,28.49,131055,46,卖盘
1813,11:00:41,28.5,176653,62,买盘
1814,11:00:44,28.48,626800,220,卖盘
1815,11:00:47,28.5,105441,37,买盘
1816,11:00:50,28.49,71225,25,中性盘
1817,11:00:53,28.49,344714,121,买盘
1818,11:00:56,28.48,153798,54,卖盘
1819,11:00:59,28.5,313381,110,买盘
1820,11:01:02,28.49,122501,43,卖盘
1821,11:01:05,28.5,128228,45,买盘
1822,11:01:08,28.5,530098,186,买盘
1823,11:01:11,28.49,327743,115,卖盘
1824,11:01:14,28.49,105409,37,卖盘
1825,11:01:17,28.5,153856,54,买盘
1826,11:01:20,28.5,79787,28,买盘
1827,11:01:23,28.5,378872,133,买盘
1828,11:01:26,28.51,299245,105,买盘
1829,11:01:29,28.51,114015,40,买盘
1830,11:01:32,28.51,256529,90,买盘
1831,11:01:35,28.52,99804,35,买盘
1832,11:01:38,28.51,136856,48,卖盘
1833,11:01:41,28.51,199582,70,卖盘
1834,11:01:44,28.51,85526,30,买盘
1835,11:01:47,28.51,34210,12,买盘
1836,11:01:50,28.51,230864,81,买盘
1837,11:01:53,28.5,273584,96,买盘
1838,11:01:56,28.49,48434,17,卖盘
1839,11:01:59,28.5,116842,41,买盘
1840,11:02:02,28.5,376244,132,买盘
1841,11:02:05,28.5,131096,46,卖盘
1842,11:02:08,28.51,373394,131,买盘
1843,11:02:11,28.52,350656,123,买盘
1844,11:02:14,28.5,173879,61,卖盘
1845,11:02:17,28.53,176831,62,买盘
1846,11:02:20,28.52,290943,102,卖盘
1847,11:02:23,28.52,88410,31,卖盘
1848,11:02:26,28.52,99827,35,卖盘
1849,11:02:29,28.52,85556,30,卖盘
1850,11:02:32,28.53,208200,73,买盘
1851,11:02:35,28.53,1145964,402,买盘
1852,11:02:38,28.53,162608,57,买盘
1853,11:02:41,28.53,42794,15,买盘
1854,11:02:44,28.53,239651,84,买盘
1855,11:02:47,28.53,95800,34,卖盘
1856,11:02:50,28.54,97001,34,买盘
1857,11:02:53,28.54,71337,25,买盘
1858,11:02:56,28.54,31394,11,买盘
1859,11:02:59,28.54,313943,110,买盘
1860,11:03:02,28.55,59946,21,买盘
1861,11:03:05,28.54,51382,18,卖盘
1862,11:03:08,28.55,402542,141,买盘
1863,11:03:11,28.56,85673,30,买盘
1864,11:03:14,28.55,91366,32,卖盘
1865,11:03:17,28.55,91345,32,买盘
1866,11:03:20,28.54,562225,197,卖盘
1867,11:03:23,28.54,114182,40,买盘
1868,11:03:26,28.54,82780,29,买盘
1869,11:03:29,28.55,74215,26,买盘
1870,11:03:32,28.55,139891,49,买盘
1871,11:03:35,28.54,97066,34,卖盘
1872,11:03:38,28.55,77081,27,买盘
1873,11:03:41,28.54,1427049,500,卖盘
1874,11:03:44,28.53,1215580,426,卖盘
1875,11:03:47,28.54,191176,67,买盘
1876,11:03:50,28.53,57060,20,买盘
1877,11:03:53,28.53,122674,43,买盘
1878,11:03:56,28.53,42791,15,买盘
1879,11:03:59,28.53,71325,25,买盘
1880,11:04:02,28.53,199723,70,买盘
1881,11:04:05,28.54,82740,29,买盘
1882,11:04:08,28.54,19976,7,买盘
1883,11:04:11,28.54,88473,31,买盘
1884,11:04:14,28.54,171245,60,买盘
1885,11:04:17,28.54,222565,78,卖盘
1886,11:04:20,28.54,82770,29,中性盘
1887,11:04:23,28.53,34239,12,卖盘
1888,11:04:26,28.53,139797,49,卖盘
1889,11:04:29,28.53,25677,9,买盘
1890,11:04:32,28.53,48500,17,买盘
1891,11:04:35,28.52,176867,62,卖盘
1892,11:04:38,28.53,88431,31,买盘
1893,11:04:41,28.53,131229,46,买盘
1894,11:04:44,28.53,48492,17,买盘
1895,11:04:47,28.53,128362,45,买盘
1896,11:04:50,28.52,330842,116,卖盘
1897,11:04:53,28.51,222491,78,卖盘
1898,11:04:56,28.52,85552,30,卖盘
1899,11:04:59,28.53,256714,90,买盘
1900,11:05:02,28.53,65605,23,买盘
1901,11:05:05,28.52,62755,22,中性盘
1902,11:05:08,28.53,88441,31,买盘
1903,11:05:11,28.53,25677,9,买盘
1904,11:05:14,28.53,242479,85,买盘
1905,11:05:17,28.53,142625,50,买盘
1906,11:05:20,28.52,136923,48,卖盘
1907,11:05:23,28.52,151156,53,卖盘
1908,11:05:26,28.51,34212,12,卖盘
1909,11:05:29,28.52,45632,16,买盘
1910,11:05:32,28.51,393438,138,卖盘
1911,11:05:35,28.51,28510,10,卖盘
1912,11:05:38,28.51,114042,40,买盘
1913,11:05:41,28.51,225282,79,卖盘
1914,11:05:44,28.51,48467,17,买盘
1915,11:05:47,28.5,28505,10,卖盘
1916,11:05:50,28.51,31361,11,买盘
1917,11:05:53,28.5,151089,53,卖盘
1918,11:05:56,28.51,39914,14,买盘
1919,11:05:59,28.51,57019,20,买盘
1920,11:06:02,28.51,71297,25,卖盘
1921,11:06:05,28.52,658777,231,买盘
1922,11:06:08,28.52,413568,145,买盘
1923,11:06:11,28.52,82717,29,买盘
1924,11:06:14,28.52,17113,6,卖盘
1925,11:06:17,28.53,639135,224,买盘
1926,11:06:20,28.53,154072,54,买盘
1927,11:06:23,28.53,128385,45,买盘
1928,11:06:26,28.54,428074,150,买盘
1929,11:06:29,28.56,1554907,545,买盘
1930,11:06:32,28.55,631087,221,卖盘
1931,11:06:35,28.55,91364,32,卖盘
1932,11:06:38,28.56,197014,69,买盘
1933,11:06:41,28.55,325521,114,卖盘
1934,11:06:44,28.55,913644,320,卖盘
1935,11:06:47,28.53,533752,187,卖盘
1936,11:06:50,28.54,99884,35,中性盘
1937,11:06:53,28.53,28534,10,中性盘
1938,11:06:56,28.53,8559,3,买盘
1939,11:06:59,28.53,22824,8,买盘
1940,11:07:02,28.52,28527,10,卖盘
1941,11:07:05,28.53,28529,10,买盘
1942,11:07:08,28.53,530538,186,买盘
1943,11:07:11,28.53,31383,11,买盘
1944,11:07:14,28.52,45645,16,卖盘
1945,11:07:17,28.53,205415,72,买盘
1946,11:07:20,28.53,142635,50,买盘
1947,11:07:23,28.53,188246,66,买盘
1948,11:07:26,28.53,37079,13,买盘
1949,11:07:29,28.53,191137,67,买盘
1950,11:07:32,28.53,37089,13,买盘
1951,11:07:35,28.54,502136,176,买盘
1952,11:07:38,28.54,82757,29,买盘
1953,11:07:41,28.53,45652,16,卖盘
1954,11:07:44,28.53,54219,19,卖盘
1955,11:07:47,28.54,168358,59,买盘
1956,11:07:50,28.54,62788,22,买盘
1957,11:07:53,28.54,159824,56,买盘
1958,11:07:56,28.53,1189704,417,卖盘
1959,11:07:59,28.52,507613,178,卖盘
1960,11:08:02,28.5,561554,197,卖盘
1961,11:08:05,28.52,649940,228,买盘
1962,11:08:08,28.52,82701,29,买盘
1963,11:08:11,28.52,285205,100,买盘
1964,11:08:14,28.53,88431,31,买盘
1965,11:08:17,28.52,273762,96,买盘
1966,11:08:20,28.52,350805,123,卖盘
1967,11:08:23,28.52,122636,43,卖盘
1968,11:08:26,28.51,59891,21,卖盘
1969,11:08:29,28.52,205291,72,买盘
1970,11:08:32,28.53,747274,262,买盘
1971,11:08:35,28.53,134061,47,买盘
1972,11:08:38,28.54,1047714,367,买盘
1973,11:08:41,28.56,142771,50,买盘
1974,11:08:44,28.55,145653,51,卖盘
1975,11:08:47,28.57,485506,170,买盘
1976,11:08:50,28.56,99970,35,中性盘
1977,11:08:53,28.56,25703,9,买盘
1978,11:08:56,28.56,137082,48,买盘
1979,11:08:59,28.56,1064995,373,买盘
1980,11:09:02,28.58,2864459,1002,买盘
1981,11:09:05,28.59,909159,318,买盘
1982,11:09:08,28.59,1380252,483,买盘
1983,11:09:11,28.59,245929,86,买盘
1984,11:09:14,28.6,114385,40,买盘
1985,11:09:17,28.59,537664,188,卖盘
1986,11:09:20,28.6,102949,36,买盘
1987,11:09:23,28.6,80067,28,买盘
1988,11:09:26,28.62,1576054,551,买盘
1989,11:09:29,28.62,151681,53,买盘
1990,11:09:32,28.61,784004,274,卖盘
1991,11:09:35,28.6,592106,207,卖盘
1992,11:09:38,28.6,714789,250,中性盘
1993,11:09:41,28.58,531862,186,卖盘
1994,11:09:44,28.6,154421,54,买盘
1995,11:09:47,28.6,68640,24,买盘
1996,11:09:50,28.6,243110,85,买盘
1997,11:09:53,28.61,1070013,374,买盘
1998,11:09:56,28.61,163126,57,卖盘
1999,11:09:59,28.63,111655,39,买盘
2000,11:10:02,28.64,217599,76,买盘
2001,11:10:05,28.63,360718,126,买盘
2002,11:10:08,28.64,103099,36,买盘
2003,11:10:11,28.64,166104,58,买盘
2004,11:10:14,28.64,111693,39,买盘
2005,11:10:17,28.64,231956,81,买盘
2006,11:10:20,28.65,266422,93,买盘
2007,11:10:23,28.65,466896,163,买盘
2008,11:10:26,28.65,373427,130,买盘
2009,11:10:29,28.65,524284,183,卖盘
2010,11:10:32,28.66,787784,275,买盘
2011,11:10:35,28.68,4501403,1569,买盘
2012,11:10:38,28.71,602851,210,买盘
2013,11:10:41,28.71,304398,106,卖盘
2014,11:10:44,28.71,169372,59,买盘
2015,11:10:47,28.73,310251,108,买盘
2016,11:10:50,28.73,241291,84,买盘
2017,11:10:53,28.73,281627,98,买盘
2018,11:10:56,28.73,229927,80,卖盘
2019,11:10:59,28.74,775776,270,中性盘
2020,11:11:02,28.73,623641,217,卖盘
2021,11:11:05,28.72,1258247,438,卖盘
2022,11:11:08,28.71,893059,311,卖盘
2023,11:11:11,28.71,539747,188,买盘
2024,11:11:14,28.7,367454,128,卖盘
2025,11:11:17,28.72,769472,268,买盘
2026,11:11:20,28.71,166557,58,卖盘
2027,11:11:23,28.71,364658,127,卖盘
2028,11:11:26,28.71,439312,153,卖盘
2029,11:11:29,28.71,895984,312,卖盘
2030,11:11:32,28.72,694928,242,买盘
2031,11:11:35,28.74,1973899,687,买盘
2032,11:11:38,28.74,244312,85,卖盘
2033,11:11:41,28.73,178186,62,卖盘
2034,11:11:44,28.72,155132,54,卖盘
2035,11:11:47,28.74,178162,62,买盘
2036,11:11:50,28.73,45980,16,卖盘
2037,11:11:53,28.74,462604,161,买盘
2038,11:11:56,28.74,63217,22,买盘
2039,11:11:59,28.74,379347,132,买盘
2040,11:12:02,28.74,1537565,535,买盘
2041,11:12:05,28.74,3173778,1104,买盘
2042,11:12:08,28.79,2244173,780,买盘
2043,11:12:11,28.82,6045174,2099,买盘
2044,11:12:14,28.83,2629409,912,买盘
2045,11:12:17,28.84,2281415,791,买盘
2046,11:12:20,28.85,606041,210,中性盘
2047,11:12:23,28.87,1073782,372,买盘
2048,11:12:26,28.89,4328872,1499,买盘
2049,11:12:29,28.9,1398406,484,买盘
2050,11:12:32,28.92,2718735,941,买盘
2051,11:12:35,28.92,1671260,578,买盘
2052,11:12:38,28.91,3157914,1092,卖盘
2053,11:12:41,28.91,3488603,1207,买盘
2054,11:12:44,28.91,1743456,603,买盘
2055,11:12:47,28.92,549402,190,买盘
2056,11:12:50,28.92,804029,278,卖盘
2057,11:12:53,28.89,2356281,815,卖盘
2058,11:12:56,28.88,442185,153,卖盘
2059,11:12:59,28.88,245572,85,卖盘
2060,11:13:02,28.88,889888,308,卖盘
2061,11:13:05,28.88,996443,345,卖盘
2062,11:13:08,28.88,649809,225,卖盘
2063,11:13:11,28.88,716190,248,买盘
2064,11:13:14,28.91,2656301,919,买盘
2065,11:13:17,28.91,896098,310,买盘
2066,11:13:20,28.92,413547,143,买盘
2067,11:13:23,28.93,1139712,394,买盘
2068,11:13:26,28.95,1872926,647,买盘
2069,11:13:29,28.95,1629771,563,买盘
2070,11:13:32,28.96,839733,290,买盘
2071,11:13:35,28.96,3456629,1193,买盘
2072,11:13:38,28.97,1054471,364,买盘
2073,11:13:41,28.94,3590586,1240,卖盘
2074,11:13:44,28.93,989272,342,中性盘
2075,11:13:47,28.91,341362,118,卖盘
2076,11:13:50,28.92,277686,96,中性盘
2077,11:13:53,28.93,948950,328,买盘
2078,11:13:56,28.93,436840,151,卖盘
2079,11:13:59,28.93,448460,155,卖盘
2080,11:14:02,28.94,555497,192,买盘
2081,11:14:05,28.93,405050,140,卖盘
2082,11:14:08,28.93,517850,179,卖盘
2083,11:14:11,28.93,636437,220,买盘
2084,11:14:14,28.92,1096459,379,卖盘
2085,11:14:17,28.92,350041,121,卖盘
2086,11:14:20,28.92,471468,163,卖盘
2087,11:14:23,28.92,1362342,471,卖盘
2088,11:14:26,28.91,754939,261,卖盘
2089,11:14:29,28.91,213979,74,买盘
2090,11:14:32,28.9,476987,165,卖盘
2091,11:14:35,28.91,2072678,717,买盘
2092,11:14:38,28.89,430660,149,卖盘
2093,11:14:41,28.91,1098706,380,买盘
2094,11:14:44,28.9,34676,12,中性盘
2095,11:14:47,28.89,384276,133,卖盘
2096,11:14:50,28.89,202222,70,买盘
2097,11:14:53,28.88,317681,110,卖盘
2098,11:14:56,28.87,248358,86,卖盘
2099,11:14:59,28.87,467554,162,卖盘
2100,11:15:02,28.88,675605,234,买盘
2101,11:15:05,28.86,1293702,448,中性盘
2102,11:15:08,28.88,135703,47,买盘
2103,11:15:11,28.9,1233609,427,买盘
2104,11:15:14,28.88,190581,66,买盘
2105,11:15:17,28.88,274279,95,卖盘
2106,11:15:20,28.88,1705015,590,卖盘
2107,11:15:23,28.89,164679,57,中性盘
2108,11:15:26,28.89,147347,51,卖盘
2109,11:15:29,28.89,366974,127,卖盘
2110,11:15:32,28.89,1054647,365,卖盘
2111,11:15:35,28.88,1696202,587,卖盘
2112,11:15:38,28.88,375532,130,卖盘
2113,11:15:41,28.89,719261,249,买盘
2114,11:15:44,28.86,181946,63,卖盘
2115,11:15:47,28.87,167416,58,买盘
2116,11:15:50,28.86,147200,51,卖盘
2117,11:15:53,28.85,230845,80,卖盘
2118,11:15:56,28.86,202020,70,买盘
2119,11:15:59,28.85,175993,61,卖盘
2120,11:16:02,28.84,190367,66,卖盘
2121,11:16:05,28.85,885686,307,买盘
2122,11:16:08,28.85,2095761,726,卖盘
2123,11:16:11,28.84,175990,61,卖盘
2124,11:16:14,28.84,112501,39,卖盘
2125,11:16:17,28.85,199028,69,买盘
2126,11:16:20,28.85,274041,95,买盘
2127,11:16:23,28.85,210602,73,卖盘
2128,11:16:26,28.86,144232,50,买盘
2129,11:16:29,28.86,421349,146,买盘
2130,11:16:32,28.86,164469,57,中性盘
2131,11:16:35,28.87,1090987,378,买盘
2132,11:16:38,28.89,369735,128,买盘
2133,11:16:41,28.9,947362,328,买盘
2134,11:16:44,28.89,170451,59,卖盘
2135,11:16:47,28.89,179114,62,买盘
2136,11:16:50,28.89,849587,294,买盘
2137,11:16:53,28.88,254238,88,卖盘
2138,11:16:56,28.88,1120797,388,卖盘
2139,11:16:59,28.86,585919,203,卖盘
2140,11:17:02,28.84,948911,329,卖盘
2141,11:17:05,28.84,1410333,489,买盘
2142,11:17:08,28.85,103821,36,买盘
2143,11:17:11,28.82,204740,71,卖盘
2144,11:17:14,28.82,279595,97,卖盘
2145,11:17:17,28.81,239086,83,卖盘
2146,11:17:20,28.81,2103529,730,买盘
2147,11:17:23,28.8,792153,275,卖盘
2148,11:17:26,28.8,123833,43,卖盘
2149,11:17:29,28.8,356895,124,买盘
2150,11:17:32,28.8,400245,139,买盘
2151,11:17:35,28.79,296577,103,卖盘
2152,11:17:38,28.78,46051,16,卖盘
2153,11:17:41,28.78,909390,316,卖盘
2154,11:17:44,28.8,1784218,620,买盘
2155,11:17:47,28.78,549601,191,卖盘
2156,11:17:50,28.79,308089,107,买盘
2157,11:17:53,28.79,103650,36,卖盘
2158,11:17:56,28.79,403045,140,买盘
2159,11:17:59,28.8,184273,64,买盘
2160,11:18:02,28.79,282162,98,卖盘
2161,11:18:05,28.8,218875,76,买盘
2162,11:18:08,28.8,311012,108,买盘
2163,11:18:11,28.81,1108817,385,买盘
2164,11:18:14,28.81,57619,20,买盘
2165,11:18:17,28.8,181462,63,卖盘
2166,11:18:20,28.84,691631,240,买盘
2167,11:18:23,28.83,260144,90,买盘
2168,11:18:26,28.82,3229569,1120,中性盘
2169,11:18:29,28.85,3251876,1128,买盘
2170,11:18:32,28.83,80752,28,卖盘
2171,11:18:35,28.85,519091,180,买盘
2172,11:18:38,28.89,874734,303,买盘
2173,11:18:41,28.88,1859854,644,卖盘
2174,11:18:44,28.85,823036,285,卖盘
2175,11:18:47,28.89,525770,182,买盘
2176,11:18:50,28.89,343809,119,买盘
2177,11:18:53,28.88,213739,74,卖盘
2178,11:18:56,28.88,343702,119,卖盘
2179,11:18:59,28.88,335007,116,买盘
2180,11:19:02,28.88,941640,326,买盘
2181,11:19:05,28.86,1080175,374,卖盘
2182,11:19:08,28.85,761660,264,卖盘
2183,11:19:11,28.85,452850,157,买盘
2184,11:19:14,28.85,712442,247,买盘
2185,11:19:17,28.85,871111,302,买盘
2186,11:19:20,28.85,458836,159,卖盘
2187,11:19:23,28.87,1030684,357,买盘
2188,11:19:26,28.87,268488,93,卖盘
2189,11:19:29,28.87,181925,63,卖盘
2190,11:19:32,28.86,623640,216,卖盘
2191,11:19:35,28.87,118364,41,买盘
2192,11:19:38,28.87,170333,59,卖盘
2193,11:19:41,28.88,482198,167,买盘
2194,11:19:44,28.88,410046,142,买盘
2195,11:19:47,28.88,51969,18,买盘
2196,11:19:50,28.88,811265,281,买盘
2197,11:19:53,28.89,488052,169,买盘
2198,11:19:56,28.89,106888,37,买盘
2199,11:19:59,28.89,528581,183,买盘
2200,11:20:02,28.89,193571,67,买盘
2201,11:20:05,28.9,892936,309,买盘
2202,11:20:08,28.9,783123,271,买盘
2203,11:20:11,28.91,462483,160,买盘
2204,11:20:14,28.9,439377,152,卖盘
2205,11:20:17,28.91,283297,98,买盘
2206,11:20:20,28.91,303654,105,买盘
2207,11:20:23,28.92,1058602,366,买盘
2208,11:20:26,28.93,2798053,967,买盘
2209,11:20:29,28.94,280748,97,买盘
2210,11:20:32,28.95,393638,136,买盘
2211,11:20:35,28.94,2792265,965,中性盘
2212,11:20:38,28.92,1452550,502,卖盘
2213,11:20:41,28.93,1371387,474,买盘
2214,11:20:44,28.92,344275,119,中性盘
2215,11:20:47,28.93,509205,176,买盘
2216,11:20:50,28.94,83904,29,买盘
2217,11:20:53,28.93,416711,144,卖盘
2218,11:20:56,28.94,193869,67,买盘
2219,11:20:59,28.93,486091,168,卖盘
2220,11:21:02,28.94,1867083,645,买盘
2221,11:21:05,28.94,219976,76,卖盘
2222,11:21:08,28.94,471842,163,卖盘
2223,11:21:11,28.95,2450182,846,中性盘
2224,11:21:14,28.97,425760,147,买盘
2225,11:21:17,28.97,289610,100,买盘
2226,11:21:20,28.96,947383,327,卖盘
2227,11:21:23,28.97,6430072,2219,买盘
2228,11:21:26,28.96,784798,271,卖盘
2229,11:21:29,28.95,1042223,360,卖盘
2230,11:21:32,28.95,529753,183,买盘
2231,11:21:35,28.95,3218270,1112,买盘
2232,11:21:38,28.95,796131,275,买盘
2233,11:21:41,28.94,1270844,439,卖盘
2234,11:21:44,28.93,341583,118,中性盘
2235,11:21:47,28.94,341565,118,买盘
2236,11:21:50,28.95,558791,193,买盘
2237,11:21:53,28.95,115777,40,买盘
2238,11:21:56,28.93,503573,174,卖盘
2239,11:21:59,28.93,350156,121,卖盘
2240,11:22:02,28.93,286450,99,中性盘
2241,11:22:05,28.94,755212,261,买盘
2242,11:22:08,28.94,682858,236,买盘
2243,11:22:11,28.94,749631,259,买盘
2244,11:22:14,28.94,144725,50,卖盘
2245,11:22:17,28.95,873974,302,买盘
2246,11:22:20,28.94,1795233,620,中性盘
2247,11:22:23,28.94,619386,214,买盘
2248,11:22:26,28.94,741083,256,中性盘
2249,11:22:29,28.93,1561962,540,卖盘
2250,11:22:32,28.94,1007009,348,买盘
2251,11:22:35,28.91,911071,315,卖盘
2252,11:22:38,28.9,1072900,371,卖盘
2253,11:22:41,28.9,552328,191,卖盘
2254,11:22:44,28.93,563990,195,买盘
2255,11:22:47,28.92,439664,152,买盘
2256,11:22:50,28.9,893302,309,卖盘
2257,11:22:53,28.9,422086,146,卖盘
2258,11:22:56,28.91,75165,26,买盘
2259,11:22:59,28.91,263073,91,中性盘
2260,11:23:02,28.92,806643,279,买盘
2261,11:23:05,28.91,127204,44,卖盘
2262,11:23:08,28.9,740028,256,卖盘
2263,11:23:11,28.91,150329,52,买盘
2264,11:23:14,28.91,526120,182,买盘
2265,11:23:17,28.92,722920,250,买盘
2266,11:23:20,28.93,650832,225,买盘
2267,11:23:23,28.92,876513,303,中性盘
2268,11:23:26,28.93,535199,185,买盘
2269,11:23:29,28.92,543987,188,卖盘
2270,11:23:32,28.93,674144,233,买盘
2271,11:23:35,28.93,830674,287,卖盘
2272,11:23:38,28.95,306784,106,买盘
2273,11:23:41,28.95,839511,290,买盘
2274,11:23:44,28.94,382178,132,卖盘
2275,11:23:47,28.95,283665,98,买盘
2276,11:23:50,28.92,2988879,1033,卖盘
2277,11:23:53,28.9,2551979,883,卖盘
2278,11:23:56,28.89,1553956,538,卖盘
2279,11:23:59,28.88,499835,173,中性盘
2280,11:24:02,28.88,1292083,447,中性盘
2281,11:24:05,28.9,245611,85,买盘
2282,11:24:08,28.91,714075,247,买盘
2283,11:24:11,28.93,540821,187,买盘
2284,11:24:14,28.93,980950,339,买盘
2285,11:24:17,28.94,1141068,394,买盘
2286,11:24:20,28.92,994250,344,卖盘
2287,11:24:23,28.93,341331,118,买盘
2288,11:24:26,28.94,2190956,757,买盘
2289,11:24:29,28.92,490441,170,卖盘
2290,11:24:32,28.92,1324660,458,卖盘
2291,11:24:35,28.91,1822222,630,卖盘
2292,11:24:38,28.92,202429,70,买盘
2293,11:24:41,28.92,454156,157,买盘
2294,11:24:44,28.92,109873,38,买盘
2295,11:24:47,28.92,752117,260,买盘
2296,11:24:50,28.92,506030,175,买盘
2297,11:24:53,28.93,396406,137,买盘
2298,11:24:56,28.92,373116,129,卖盘
2299,11:24:59,28.93,240075,83,中性盘
2300,11:25:02,28.93,5017423,1735,买盘
2301,11:25:05,28.93,711445,246,买盘
2302,11:25:08,28.93,196661,68,买盘
2303,11:25:11,28.92,297885,103,中性盘
2304,11:25:14,28.92,503361,174,买盘
2305,11:25:17,28.92,83860,29,卖盘
2306,11:25:20,28.93,422277,146,买盘
2307,11:25:23,28.91,537871,186,卖盘
2308,11:25:26,28.9,390367,135,卖盘
2309,11:25:29,28.9,303404,105,卖盘
2310,11:25:32,28.89,205150,71,卖盘
2311,11:25:35,28.89,170498,59,卖盘
2312,11:25:38,28.89,340847,118,卖盘
2313,11:25:41,28.9,95337,33,买盘
2314,11:25:44,28.88,167555,58,卖盘
2315,11:25:47,28.89,872192,302,中性盘
2316,11:25:50,28.89,225391,78,卖盘
2317,11:25:53,28.9,378567,131,买盘
2318,11:25:56,28.89,234023,81,卖盘
2319,11:25:59,28.89,104003,36,卖盘
2320,11:26:02,28.9,112698,39,买盘
2321,11:26:05,28.89,77986,27,中性盘
2322,11:26:08,28.88,1186861,411,卖盘
2323,11:26:11,28.86,886003,307,卖盘
2324,11:26:14,28.85,40393,14,卖盘
2325,11:26:17,28.85,187542,65,卖盘
2326,11:26:20,28.87,256889,89,买盘
2327,11:26:23,28.87,115443,40,买盘
2328,11:26:26,28.86,424166,147,卖盘
2329,11:26:29,28.85,251072,87,卖盘
2330,11:26:32,28.85,274091,95,卖盘
2331,11:26:35,28.86,54832,19,买盘
2332,11:26:38,28.86,395361,137,买盘
2333,11:26:41,28.85,147154,51,卖盘
2334,11:26:44,28.85,80805,28,卖盘
2335,11:26:47,28.85,233698,81,卖盘
2336,11:26:50,28.86,138511,48,买盘
2337,11:26:53,28.85,95208,33,卖盘
2338,11:26:56,28.84,126920,44,卖盘
2339,11:26:59,28.85,196128,68,买盘
2340,11:27:02,28.84,60580,21,卖盘
2341,11:27:05,28.86,386593,134,买盘
2342,11:27:08,28.85,170229,59,卖盘
2343,11:27:11,28.87,632155,219,买盘
2344,11:27:14,28.87,141463,49,卖盘
2345,11:27:17,28.88,17327,6,买盘
2346,11:27:20,28.9,889587,308,买盘
2347,11:27:23,28.9,205183,71,买盘
2348,11:27:26,28.9,225354,78,买盘
2349,11:27:29,28.9,375677,130,买盘
2350,11:27:32,28.9,248540,86,买盘
2351,11:27:35,28.91,1088635,377,买盘
2352,11:27:38,28.9,506895,175,卖盘
2353,11:27:41,28.89,184945,64,卖盘
2354,11:27:44,28.9,615568,213,买盘
2355,11:27:47,28.9,215738,75,买盘
2356,11:27:50,28.9,188862,65,卖盘
2357,11:27:53,28.9,66467,23,买盘
2358,11:27:56,28.9,710991,246,买盘
2359,11:27:59,28.9,89577,31,买盘
2360,11:28:02,28.91,170515,59,买盘
2361,11:28:05,28.9,1011500,350,卖盘
2362,11:28:08,28.9,808914,280,买盘
2363,11:28:11,28.89,101107,35,中性盘
2364,11:28:14,28.88,179072,62,卖盘
2365,11:28:17,28.88,118395,41,买盘
2366,11:28:20,28.87,539952,187,卖盘
2367,11:28:23,28.87,153025,53,中性盘
2368,11:28:26,28.86,80853,28,卖盘
2369,11:28:29,28.87,288674,100,买盘
2370,11:28:32,28.87,141502,49,中性盘
2371,11:28:35,28.88,1510868,523,买盘
2372,11:28:38,28.88,343783,119,卖盘
2373,11:28:41,28.9,216703,75,买盘
2374,11:28:44,28.9,213858,74,买盘
2375,11:28:47,28.9,213860,74,买盘
2376,11:28:50,28.9,43340,15,买盘
2377,11:28:53,28.89,118468,41,卖盘
2378,11:28:56,28.89,43340,15,卖盘
2379,11:28:59,28.9,187849,65,买盘
2380,11:29:02,28.89,156046,54,卖盘
2381,11:29:05,28.9,75138,26,买盘
2382,11:29:08,28.9,164729,57,买盘
2383,11:29:11,28.9,49129,17,买盘
2384,11:29:14,28.9,127152,44,买盘
2385,11:29:17,28.9,410363,142,买盘
2386,11:29:20,28.9,248537,86,卖盘
2387,11:29:23,28.9,499954,173,买盘
2388,11:29:26,28.9,190685,66,买盘
2389,11:29:29,28.9,739770,256,买盘
2390,11:29:32,28.9,803263,278,买盘
2391,11:29:35,28.9,924640,320,卖盘
2392,11:29:38,28.9,43350,15,买盘
2393,11:29:41,28.9,228233,79,买盘
2394,11:29:44,28.89,164676,57,中性盘
2395,11:29:47,28.88,470785,163,卖盘
2396,11:29:50,28.88,138647,48,卖盘
2397,11:29:53,28.88,251252,87,卖盘
2398,11:29:56,28.88,103964,36,买盘
2399,11:29:59,28.88,181939,63,买盘
2400,11:30:02,28.88,14439,5,买盘
2401,13:00:02,28.87,2605799,902,卖盘
2402,13:00:05,28.87,1287553,446,买盘
2403,13:00:08,28.86,7111994,2463,卖盘
2404,13:00:11,28.86,5249719,1819,买盘
2405,13:00:14,28.81,3262468,1131,卖盘
2406,13:00:17,28.84,1050236,364,中性盘
2407,13:00:20,28.9,3812191,1320,买盘
2408,13:00:23,28.94,3932292,1360,买盘
2409,13:00:26,28.96,3149787,1088,买盘
2410,13:00:29,28.97,1631515,563,买盘
2411,13:00:32,28.97,4305674,1486,卖盘
2412,13:00:35,28.99,585467,202,买盘
2413,13:00:38,28.99,5009619,1728,买盘
2414,13:00:41,28.99,2980979,1028,卖盘
2415,13:00:44,29.0,3146298,1085,买盘
2416,13:00:47,29.0,3036281,1047,买盘
2417,13:00:50,29.0,954059,329,买盘
2418,13:00:53,29.06,25628591,8834,买盘
2419,13:00:56,29.05,1513505,521,中性盘
2420,13:00:59,29.04,2674501,921,卖盘
2421,13:01:02,29.02,2364296,815,卖盘
2422,13:01:05,29.01,2168916,748,中性盘
2423,13:01:08,28.99,2635220,909,卖盘
2424,13:01:11,28.98,1193804,412,卖盘
2425,13:01:14,29.0,521663,180,买盘
2426,13:01:17,28.99,1110222,383,中性盘
2427,13:01:20,28.99,440608,152,买盘
2428,13:01:23,28.98,457924,158,卖盘
2429,13:01:26,28.97,411530,142,中性盘
2430,13:01:29,28.96,388126,134,卖盘
2431,13:01:32,28.94,361755,125,卖盘
2432,13:01:35,28.93,459899,159,中性盘
2433,13:01:38,28.95,2204973,762,买盘
2434,13:01:41,28.96,240316,83,卖盘
2435,13:01:44,28.96,196932,68,买盘
2436,13:01:47,28.96,251977,87,买盘
2437,13:01:50,28.95,1615660,558,卖盘
2438,13:01:53,28.95,576065,199,卖盘
2439,13:01:56,28.95,1149044,397,卖盘
2440,13:01:59,28.95,2372205,819,买盘
2441,13:02:02,28.96,1693357,585,买盘
2442,13:02:05,28.96,2174147,751,中性盘
2443,13:02:08,28.95,1041807,360,中性盘
2444,13:02:11,28.95,393625,136,买盘
2445,13:02:14,28.94,810249,280,卖盘
2446,13:02:17,28.94,387789,134,买盘
2447,13:02:20,28.94,257566,89,卖盘
2448,13:02:23,28.93,399359,138,卖盘
2449,13:02:26,28.92,222714,77,卖盘
2450,13:02:29,28.91,46264,16,卖盘
2451,13:02:32,28.9,630039,218,卖盘
2452,13:02:35,28.89,69333,24,买盘
2453,13:02:38,28.89,257075,89,买盘
2454,13:02:41,28.9,121340,42,买盘
2455,13:02:44,28.9,80913,28,买盘
2456,13:02:47,28.9,1433451,496,买盘
2457,13:02:50,28.91,43354,15,中性盘
2458,13:02:53,28.92,291949,101,买盘
2459,13:02:56,28.91,390254,135,买盘
2460,13:02:59,28.9,413301,143,卖盘
2461,13:03:02,28.9,239861,83,买盘
2462,13:03:05,28.89,297612,103,卖盘
2463,13:03:08,28.89,369797,128,卖盘
2464,13:03:11,28.89,193528,67,买盘
2465,13:03:14,28.89,459302,159,买盘
2466,13:03:17,28.89,167524,58,买盘
2467,13:03:20,28.88,135737,47,卖盘
2468,13:03:23,28.88,1458451,505,卖盘
2469,13:03:26,28.87,802770,278,中性盘
2470,13:03:29,28.86,219302,76,卖盘
2471,13:03:32,28.86,150046,52,中性盘
2472,13:03:35,28.86,380874,132,买盘
2473,13:03:38,28.87,906003,314,买盘
2474,13:03:41,28.87,505380,175,卖盘
2475,13:03:44,28.87,173222,60,卖盘
2476,13:03:47,28.87,118399,41,卖盘
2477,13:03:50,28.87,83734,29,卖盘
2478,13:03:53,28.87,158776,55,买盘
2479,13:03:56,28.87,176129,61,买盘
2480,13:03:59,28.86,89470,31,卖盘
2481,13:04:02,28.87,69282,24,买盘
2482,13:04:05,28.88,329090,114,买盘
2483,13:04:08,28.87,101048,35,卖盘
2484,13:04:11,28.87,43305,15,卖盘
2485,13:04:14,28.87,282980,98,买盘
2486,13:04:17,28.88,92414,32,买盘
2487,13:04:20,28.88,620909,215,买盘
2488,13:04:23,28.88,141505,49,买盘
2489,13:04:26,28.89,828868,287,买盘
2490,13:04:29,28.88,72207,25,卖盘
2491,13:04:32,28.89,213743,74,买盘
2492,13:04:35,28.9,650078,225,买盘
2493,13:04:38,28.9,98254,34,买盘
2494,13:04:41,28.89,930411,322,卖盘
2495,13:04:44,28.93,2072202,717,买盘
2496,13:04:47,28.93,219821,76,买盘
2497,13:04:50,28.9,159021,55,卖盘
2498,13:04:53,28.92,1393377,482,买盘
2499,13:04:56,28.9,6706156,2322,卖盘
2500,13:04:59,28.9,176382,61,卖盘
2501,13:05:02,28.9,75149,26,卖盘
2502,13:05:05,28.92,505864,175,买盘
2503,13:05:08,28.92,265959,92,买盘
2504,13:05:11,28.91,216831,75,中性盘
2505,13:05:14,28.92,1078437,373,买盘
2506,13:05:17,28.93,751990,260,买盘
2507,13:05:20,28.92,2102520,727,卖盘
2508,13:05:23,28.91,3293649,1139,卖盘
2509,13:05:26,28.91,130068,45,买盘
2510,13:05:29,28.9,416157,144,卖盘
2511,13:05:32,28.89,528697,183,卖盘
2512,13:05:35,28.88,98211,34,卖盘
2513,13:05:38,28.89,488238,169,买盘
2514,13:05:41,28.89,92437,32,买盘
2515,13:05:44,28.88,66439,23,卖盘
2516,13:05:47,28.89,153094,53,买盘
2517,13:05:50,28.88,92433,32,卖盘
2518,13:05:53,28.88,118438,41,卖盘
2519,13:05:56,28.87,187677,65,卖盘
2520,13:05:59,28.87,63536,22,卖盘
2521,13:06:02,28.88,115489,40,买盘
2522,13:06:05,28.86,1076807,373,卖盘
2523,13:06:08,28.86,28860,10,买盘
2524,13:06:11,28.86,271210,94,买盘
2525,13:06:14,28.85,1246212,432,卖盘
2526,13:06:17,28.85,95187,33,买盘
2527,13:06:20,28.83,475714,165,卖盘
2528,13:06:23,28.83,3097462,1075,卖盘
2529,13:06:26,28.83,28838,10,中性盘
2530,13:06:29,28.83,314239,109,买盘
2531,13:06:32,28.84,1199975,416,买盘
2532,13:06:35,28.84,89428,31,卖盘
2533,13:06:38,28.84,155748,54,卖盘
2534,13:06:41,28.86,504889,175,买盘
2535,13:06:44,28.85,43273,15,中性盘
2536,13:06:47,28.86,423969,147,买盘
2537,13:06:50,28.84,193251,67,卖盘
2538,13:06:53,28.84,115402,40,卖盘
2539,13:06:56,28.85,80763,28,中性盘
2540,13:06:59,28.85,20193,7,买盘
2541,13:07:02,28.85,187479,65,买盘
2542,13:07:05,28.85,360625,125,买盘
2543,13:07:08,28.86,450239,156,买盘
2544,13:07:11,28.87,37520,13,中性盘
2545,13:07:14,28.87,86590,30,买盘
2546,13:07:17,28.88,92388,32,买盘
2547,13:07:20,28.86,11545,4,卖盘
2548,13:07:23,28.87,57739,20,买盘
2549,13:07:26,28.86,383856,133,卖盘
2550,13:07:29,28.87,331916,115,买盘
2551,13:07:32,28.87,470455,163,买盘
2552,13:07:35,28.86,95225,33,卖盘
2553,13:07:38,28.85,282749,98,卖盘
2554,13:07:41,28.86,813662,282,买盘
2555,13:07:44,28.85,403976,140,中性盘
2556,13:07:47,28.85,92341,32,买盘
2557,13:07:50,28.84,121161,42,卖盘
2558,13:07:53,28.85,216318,75,买盘
2559,13:07:56,28.84,207649,72,卖盘
2560,13:07:59,28.84,83630,29,买盘
2561,13:08:02,28.85,527775,183,买盘
2562,13:08:05,28.84,726760,252,卖盘
2563,13:08:08,28.84,247969,86,买盘
2564,13:08:11,28.84,178771,62,买盘
2565,13:08:14,28.84,63448,22,买盘
2566,13:08:17,28.83,423813,147,卖盘
2567,13:08:20,28.83,452680,157,卖盘
2568,13:08:23,28.83,161448,56,卖盘
2569,13:08:26,28.83,236423,82,卖盘
2570,13:08:29,28.83,49013,17,卖盘
2571,13:08:32,28.84,268125,93,买盘
2572,13:08:35,28.83,172986,60,卖盘
2573,13:08:38,28.83,360448,125,卖盘
2574,13:08:41,28.83,201822,70,卖盘
2575,13:08:44,28.84,72096,25,买盘
2576,13:08:47,28.83,141301,49,卖盘
2577,13:08:50,28.83,121101,42,卖盘
2578,13:08:53,28.83,1536436,533,卖盘
2579,13:08:56,28.83,392008,136,买盘
2580,13:08:59,28.82,123957,43,卖盘
2581,13:09:02,28.82,115270,40,卖盘
2582,13:09:05,28.82,630936,219,买盘
2583,13:09:08,28.81,95087,33,卖盘
2584,13:09:11,28.81,86406,30,中性盘
2585,13:09:14,28.8,463681,161,卖盘
2586,13:09:17,28.8,256331,89,卖盘
2587,13:09:20,28.8,783364,272,卖盘
2588,13:09:23,28.79,103669,36,卖盘
2589,13:09:26,28.8,178524,62,买盘
2590,13:09:29,28.82,2696547,936,买盘
2591,13:09:32,28.82,296830,103,买盘
2592,13:09:35,28.83,830311,288,买盘
2593,13:09:38,28.83,60558,21,卖盘
2594,13:09:41,28.84,43253,15,买盘
2595,13:09:44,28.83,247938,86,卖盘
2596,13:09:47,28.83,311356,108,买盘
2597,13:09:50,28.83,233476,81,买盘
2598,13:09:53,28.83,394999,137,买盘
2599,13:09:56,28.83,63422,22,买盘
2600,13:09:59,28.83,60531,21,买盘
2601,13:10:02,28.83,193107,67,买盘
2602,13:10:05,28.83,288280,100,买盘
2603,13:10:08,28.83,49011,17,买盘
2604,13:10:11,28.83,14415,5,买盘
2605,13:10:14,28.84,634261,220,买盘
2606,13:10:17,28.84,790204,274,买盘
2607,13:10:20,28.84,161493,56,卖盘
2608,13:10:23,28.84,164385,57,买盘
2609,13:10:26,28.84,51903,18,买盘
2610,13:10:29,28.84,155684,54,买盘
2611,13:10:32,28.83,239335,83,买盘
2612,13:10:35,28.83,256549,89,买盘
2613,13:10:38,28.84,536239,186,买盘
2614,13:10:41,28.84,77847,27,买盘
2615,13:10:44,28.83,170113,59,卖盘
2616,13:10:47,28.82,227693,79,卖盘
2617,13:10:50,28.82,1270940,441,卖盘
2618,13:10:53,28.81,481122,167,卖盘
2619,13:10:56,28.81,463741,161,买盘
2620,13:10:59,28.8,325490,113,卖盘
2621,13:11:02,28.79,512602,178,卖盘
2622,13:11:05,28.8,426203,148,买盘
2623,13:11:08,28.79,244726,85,卖盘
2624,13:11:11,28.79,843242,293,买盘
2625,13:11:14,28.79,270543,94,买盘
2626,13:11:17,28.77,676281,235,卖盘
2627,13:11:20,28.77,998645,347,买盘
2628,13:11:23,28.77,713210,248,卖盘
2629,13:11:26,28.77,425695,148,买盘
2630,13:11:29,28.76,333674,116,卖盘
2631,13:11:32,28.74,296142,103,卖盘
2632,13:11:35,28.75,143729,50,中性盘
2633,13:11:38,28.75,310503,108,买盘
2634,13:11:41,28.75,158130,55,卖盘
2635,13:11:44,28.76,264545,92,买盘
2636,13:11:47,28.75,3316348,1155,卖盘
2637,13:11:50,28.74,86213,30,中性盘
2638,13:11:53,28.74,648883,226,买盘
2639,13:11:56,28.74,838596,292,买盘
2640,13:11:59,28.74,172398,60,卖盘
2641,13:12:02,28.75,491321,171,买盘
2642,13:12:05,28.75,459980,160,买盘
2643,13:12:08,28.77,184108,64,买盘
2644,13:12:11,28.77,103537,36,买盘
2645,13:12:14,28.76,129444,45,中性盘
2646,13:12:17,28.76,235892,82,卖盘
2647,13:12:20,28.77,149564,52,中性盘
2648,13:12:23,28.76,178322,62,中性盘
2649,13:12:26,28.76,253084,88,买盘
2650,13:12:29,28.76,652852,227,买盘
2651,13:12:32,28.75,134987,47,卖盘
2652,13:12:35,28.75,89143,31,卖盘
2653,13:12:38,28.76,51761,18,买盘
2654,13:12:41,28.76,71882,25,买盘
2655,13:12:44,28.76,1210796,421,买盘
2656,13:12:47,28.77,178325,62,买盘
2657,13:12:50,28.76,123698,43,卖盘
2658,13:12:53,28.76,934809,325,卖盘
2659,13:12:56,28.77,227229,79,买盘
2660,13:12:59,28.76,253031,88,中性盘
2661,13:13:02,28.76,468676,163,卖盘
2662,13:13:05,28.76,963355,335,买盘
2663,13:13:08,28.75,1026457,357,卖盘
2664,13:13:11,28.76,132295,46,卖盘
2665,13:13:14,28.76,506036,176,买盘
2666,13:13:17,28.77,359458,125,买盘
2667,13:13:20,28.76,83383,29,卖盘
2668,13:13:23,28.77,106394,37,买盘
2669,13:13:26,28.77,37397,13,买盘
2670,13:13:29,28.77,89172,31,买盘
2671,13:13:32,28.77,215769,75,买盘
2672,13:13:35,28.77,129478,45,卖盘
2673,13:13:38,28.78,210047,73,买盘
2674,13:13:41,28.78,25902,9,买盘
2675,13:13:44,28.78,123730,43,买盘
2676,13:13:47,28.78,161140,56,买盘
2677,13:13:50,28.78,261874,91,买盘
2678,13:13:53,28.78,201459,70,买盘
2679,13:13:56,28.78,771305,268,买盘
2680,13:13:59,28.79,313777,109,买盘
2681,13:14:02,28.79,89247,31,卖盘
2682,13:14:05,28.8,927150,322,买盘
2683,13:14:08,28.78,325303,113,卖盘
2684,13:14:11,28.78,97866,34,买盘
2685,13:14:14,28.77,1291828,449,卖盘
2686,13:14:17,28.77,558168,194,卖盘
2687,13:14:20,28.77,273312,95,卖盘
2688,13:14:23,28.77,238758,83,买盘
2689,13:14:26,28.77,163943,57,买盘
2690,13:14:29,28.75,920062,320,卖盘
2691,13:14:32,28.76,172532,60,中性盘
2692,13:14:35,28.77,221456,77,买盘
2693,13:14:38,28.77,336456,117,买盘
2694,13:14:41,28.76,178327,62,中性盘
2695,13:14:44,28.77,109312,38,买盘
2696,13:14:47,28.77,537968,187,买盘
2697,13:14:50,28.78,431649,150,买盘
2698,13:14:53,28.79,103613,36,买盘
2699,13:14:56,28.78,675968,235,中性盘
2700,13:14:59,28.79,475012,165,买盘
2701,13:15:02,28.8,253356,88,买盘
2702,13:15:05,28.8,129588,45,买盘
2703,13:15:08,28.8,195825,68,买盘
2704,13:15:11,28.8,195840,68,买盘
2705,13:15:14,28.8,319665,111,买盘
2706,13:15:17,28.79,187200,65,卖盘
2707,13:15:20,28.8,256323,89,买盘
2708,13:15:23,28.8,77742,27,买盘
2709,13:15:26,28.8,126701,44,买盘
2710,13:15:29,28.82,723270,251,买盘
2711,13:15:32,28.82,57639,20,买盘
2712,13:15:35,28.82,92208,32,买盘
2713,13:15:38,28.81,37453,13,中性盘
2714,13:15:41,28.81,198756,69,买盘
2715,13:15:44,28.81,92191,32,买盘
2716,13:15:47,28.81,63382,22,买盘
2717,13:15:50,28.81,527217,183,买盘
2718,13:15:53,28.81,155571,54,卖盘
2719,13:15:56,28.81,60501,21,买盘
2720,13:15:59,28.8,155550,54,卖盘
2721,13:16:02,28.78,863797,300,卖盘
2722,13:16:05,28.78,1125197,391,买盘
2723,13:16:08,28.78,184159,64,买盘
2724,13:16:11,28.78,115085,40,买盘
2725,13:16:14,28.77,221561,77,卖盘
2726,13:16:17,28.77,261812,91,卖盘
2727,13:16:20,28.76,92032,32,卖盘
2728,13:16:23,28.76,157880,55,卖盘
2729,13:16:26,28.77,466014,162,买盘
2730,13:16:29,28.76,299120,104,卖盘
2731,13:16:32,28.76,440108,153,卖盘
2732,13:16:35,28.77,80537,28,卖盘
2733,13:16:38,28.76,244486,85,卖盘
2734,13:16:41,28.77,178349,62,买盘
2735,13:16:44,28.76,138055,48,卖盘
2736,13:16:47,28.77,221468,77,买盘
2737,13:16:50,28.76,454420,158,卖盘
2738,13:16:53,28.77,129421,45,买盘
2739,13:16:56,28.77,54652,19,买盘
2740,13:16:59,28.77,382516,133,买盘
2741,13:17:02,28.75,135149,47,卖盘
2742,13:17:05,28.75,997641,347,卖盘
2743,13:17:08,28.74,1342755,467,卖盘
2744,13:17:11,28.74,158030,55,买盘
2745,13:17:14,28.74,212633,74,买盘
2746,13:17:17,28.73,172408,60,卖盘
2747,13:17:20,28.74,643512,224,买盘
2748,13:17:23,28.71,146464,51,卖盘
2749,13:17:26,28.71,442153,154,卖盘
2750,13:17:29,28.71,91880,32,卖盘
2751,13:17:32,28.71,111959,39,卖盘
2752,13:17:35,28.71,146407,51,买盘
2753,13:17:38,28.71,617181,215,买盘
2754,13:17:41,28.71,1822219,635,卖盘
2755,13:17:44,28.7,106181,37,卖盘
2756,13:17:47,28.7,74604,26,买盘
2757,13:17:50,28.7,553870,193,买盘
2758,13:17:53,28.71,2354324,820,买盘
2759,13:17:56,28.72,80422,28,卖盘
2760,13:17:59,28.72,100521,35,买盘
2761,13:18:02,28.72,252772,88,卖盘
2762,13:18:05,28.74,221139,77,买盘
2763,13:18:08,28.73,178022,62,中性盘
2764,13:18:11,28.73,25849,9,买盘
2765,13:18:14,28.73,111983,39,买盘
2766,13:18:17,28.72,382010,133,中性盘
2767,13:18:20,28.72,186688,65,卖盘
2768,13:18:23,28.73,43090,15,买盘
2769,13:18:26,28.72,166594,58,卖盘
2770,13:18:29,28.74,1085970,378,买盘
2771,13:18:32,28.74,209816,73,卖盘
2772,13:18:35,28.74,448588,156,卖盘
2773,13:18:38,28.72,66070,23,卖盘
2774,13:18:41,28.73,11492,4,买盘
2775,13:18:44,28.72,120661,42,卖盘
2776,13:18:47,28.72,157981,55,卖盘
2777,13:18:50,28.73,63198,22,买盘
2778,13:18:53,28.73,117791,41,买盘
2779,13:18:56,28.73,307327,107,买盘
2780,13:18:59,28.73,5746,2,买盘
2781,13:19:02,28.73,100532,35,买盘
2782,13:19:05,28.73,60328,21,买盘
2783,13:19:08,28.72,103407,36,卖盘
2784,13:19:11,28.72,68929,24,卖盘
2785,13:19:14,28.73,143642,50,买盘
2786,13:19:17,28.72,163713,57,卖盘
2787,13:19:20,28.73,45961,16,买盘
2788,13:19:23,28.73,169479,59,买盘
2789,13:19:26,28.73,201059,70,买盘
2790,13:19:29,28.73,278601,97,买盘
2791,13:19:32,28.73,195306,68,买盘
2792,13:19:35,28.73,614635,214,买盘
2793,13:19:38,28.72,295821,103,卖盘
2794,13:19:41,28.72,379118,132,卖盘
2795,13:19:44,28.72,48823,17,买盘
2796,13:19:47,28.72,858393,299,买盘
2797,13:19:50,28.71,310162,108,中性盘
2798,13:19:53,28.7,203789,71,卖盘
2799,13:19:56,28.69,352836,123,卖盘
2800,13:19:59,28.69,154931,54,卖盘
2801,13:20:02,28.69,241173,84,卖盘
2802,13:20:05,28.69,189307,66,中性盘
2803,13:20:08,28.69,450352,157,买盘
2804,13:20:11,28.71,677081,236,买盘
2805,13:20:14,28.71,304369,106,卖盘
2806,13:20:17,28.72,505387,176,买盘
2807,13:20:20,28.72,40212,14,卖盘
2808,13:20:23,28.72,252758,88,卖盘
2809,13:20:26,28.72,870454,303,卖盘
2810,13:20:29,28.73,97682,34,买盘
2811,13:20:32,28.74,143667,50,买盘
2812,13:20:35,28.74,1155287,402,买盘
2813,13:20:38,28.74,22992,8,中性盘
2814,13:20:41,28.74,183884,64,卖盘
2815,13:20:44,28.74,137888,48,买盘
2816,13:20:47,28.73,364936,127,买盘
2817,13:20:50,28.73,163810,57,卖盘
2818,13:20:53,28.73,203995,71,卖盘
2819,13:20:56,28.73,465465,162,卖盘
2820,13:20:59,28.74,57473,20,买盘
2821,13:21:02,28.73,192533,67,卖盘
2822,13:21:05,28.73,120665,42,买盘
2823,13:21:08,28.73,152256,53,买盘
2824,13:21:11,28.73,37345,13,买盘
2825,13:21:14,28.73,178116,62,买盘
2826,13:21:17,28.73,255701,89,买盘
2827,13:21:20,28.73,17238,6,卖盘
2828,13:21:23,28.73,249969,87,卖盘
2829,13:21:26,28.74,238490,83,买盘
2830,13:21:29,28.73,112047,39,买盘
2831,13:21:32,28.73,330380,115,买盘
2832,13:21:35,28.73,57465,20,卖盘
2833,13:21:38,28.73,25858,9,卖盘
2834,13:21:41,28.73,71833,25,卖盘
2835,13:21:44,28.74,83325,29,买盘
2836,13:21:47,28.74,91948,32,买盘
2837,13:21:50,28.73,126412,44,卖盘
2838,13:21:53,28.75,706988,246,买盘
2839,13:21:56,28.77,4157944,1446,买盘
2840,13:21:59,28.77,258920,90,买盘
2841,13:22:02,28.77,129448,45,买盘
2842,13:22:05,28.77,250225,87,买盘
2843,13:22:08,28.77,603935,210,买盘
2844,13:22:11,28.75,94880,33,卖盘
2845,13:22:14,28.77,578032,201,买盘
2846,13:22:17,28.77,155314,54,买盘
2847,13:22:20,28.77,106432,37,买盘
2848,13:22:23,28.77,74802,26,买盘
2849,13:22:26,28.76,135205,47,卖盘
2850,13:22:29,28.76,89185,31,卖盘
2851,13:22:32,28.77,537876,187,买盘
2852,13:22:35,28.77,477543,166,买盘
2853,13:22:38,28.76,97795,34,卖盘
2854,13:22:41,28.76,34512,12,买盘
2855,13:22:44,28.76,92019,32,买盘
2856,13:22:47,28.75,396856,138,卖盘
2857,13:22:50,28.75,552000,192,卖盘
2858,13:22:53,28.74,163841,57,卖盘
2859,13:22:56,28.74,198268,69,买盘
2860,13:22:59,28.74,169514,59,买盘
2861,13:23:02,28.74,209739,73,买盘
2862,13:23:05,28.74,1379214,480,买盘
2863,13:23:08,28.74,135048,47,买盘
2864,13:23:11,28.75,135085,47,买盘
2865,13:23:14,28.75,405132,141,买盘
2866,13:23:17,28.78,791049,275,买盘
2867,13:23:20,28.77,241745,84,卖盘
2868,13:23:23,28.79,89222,31,买盘
2869,13:23:26,28.79,80608,28,买盘
2870,13:23:29,28.78,23029,8,卖盘
2871,13:23:32,28.79,57580,20,买盘
2872,13:23:35,28.79,155435,54,买盘
2873,13:23:38,28.79,719906,250,买盘
2874,13:23:41,28.79,282233,98,卖盘
2875,13:23:44,28.81,457911,159,买盘
2876,13:23:47,28.79,406171,141,卖盘
2877,13:23:50,28.8,308132,107,中性盘
2878,13:23:53,28.8,86399,30,买盘
2879,13:23:56,28.81,181446,63,买盘
2880,13:23:59,28.8,561598,195,中性盘
2881,13:24:02,28.8,43200,15,买盘
2882,13:24:05,28.79,2798966,972,卖盘
2883,13:24:08,28.8,1045115,363,买盘
2884,13:24:11,28.79,886978,308,卖盘
2885,13:24:14,28.79,262016,91,中性盘
2886,13:24:17,28.79,103660,36,卖盘
2887,13:24:20,28.79,169827,59,买盘
2888,13:24:23,28.79,264841,92,买盘
2889,13:24:26,28.8,120915,42,买盘
2890,13:24:29,28.79,210167,73,卖盘
2891,13:24:32,28.79,74853,26,买盘
2892,13:24:35,28.79,201505,70,买盘
2893,13:24:38,28.79,273479,95,买盘
2894,13:24:41,28.79,92124,32,买盘
2895,13:24:44,28.79,356917,124,买盘
2896,13:24:47,28.79,1450581,504,买盘
2897,13:24:50,28.77,109319,38,中性盘
2898,13:24:53,28.77,218666,76,买盘
2899,13:24:56,28.78,345247,120,买盘
2900,13:24:59,28.77,51785,18,中性盘
2901,13:25:02,28.77,89194,31,中性盘
2902,13:25:05,28.78,1124964,391,买盘
2903,13:25:08,28.78,489396,170,卖盘
2904,13:25:11,28.79,135312,47,买盘
2905,13:25:14,28.79,97885,34,买盘
2906,13:25:17,28.79,112246,39,买盘
2907,13:25:20,28.79,54688,19,买盘
2908,13:25:23,28.79,408771,142,买盘
2909,13:25:26,28.79,89230,31,买盘
2910,13:25:29,28.78,103622,36,卖盘
2911,13:25:32,28.79,204401,71,买盘
2912,13:25:35,28.79,95004,33,买盘
2913,13:25:38,28.78,83475,29,卖盘
2914,13:25:41,28.79,230318,80,买盘
2915,13:25:44,28.78,83469,29,卖盘
2916,13:25:47,28.78,227382,79,卖盘
2917,13:25:50,28.78,1053370,366,卖盘
2918,13:25:53,28.77,400004,139,卖盘
2919,13:25:56,28.77,195641,68,卖盘
2920,13:25:59,28.77,704950,245,买盘
2921,13:26:02,28.77,109329,38,卖盘
2922,13:26:05,28.79,575526,200,买盘
2923,13:26:08,28.78,483651,168,中性盘
2924,13:26:11,28.79,92148,32,中性盘
2925,13:26:14,28.79,54700,19,买盘
2926,13:26:17,28.77,1007046,350,卖盘
2927,13:26:20,28.78,28779,10,中性盘
2928,13:26:23,28.78,656370,228,买盘
2929,13:26:26,28.8,705568,245,买盘
2930,13:26:29,28.8,861231,299,买盘
2931,13:26:32,28.8,115196,40,买盘
2932,13:26:35,28.82,316828,110,买盘
2933,13:26:38,28.81,80667,28,中性盘
2934,13:26:41,28.8,164166,57,中性盘
2935,13:26:44,28.8,201628,70,买盘
2936,13:26:47,28.8,89264,31,买盘
2937,13:26:50,28.79,60471,21,卖盘
2938,13:26:53,28.79,380154,132,卖盘
2939,13:26:56,28.8,95035,33,买盘
2940,13:26:59,28.8,146867,51,买盘
2941,13:27:02,28.79,112303,39,卖盘
2942,13:27:05,28.8,126716,44,买盘
2943,13:27:08,28.8,40313,14,买盘
2944,13:27:11,28.79,152604,53,卖盘
2945,13:27:14,28.79,247613,86,卖盘
2946,13:27:17,28.79,642020,223,卖盘
2947,13:27:20,28.79,417459,145,卖盘
2948,13:27:23,28.79,118038,41,卖盘
2949,13:27:26,28.78,437491,152,卖盘
2950,13:27:29,28.78,8634,3,中性盘
2951,13:27:32,28.78,235939,82,买盘
2952,13:27:35,28.77,276218,96,卖盘
2953,13:27:38,28.77,140993,49,卖盘
2954,13:27:41,28.77,388393,135,卖盘
2955,13:27:44,28.76,140939,49,卖盘
2956,13:27:47,28.77,31644,11,买盘
2957,13:27:50,28.76,138065,48,卖盘
2958,13:27:53,28.76,195598,68,卖盘
2959,13:27:56,28.77,365353,127,买盘
2960,13:27:59,28.76,106421,37,卖盘
2961,13:28:02,28.78,359618,125,买盘
2962,13:28:05,28.76,831349,289,卖盘
2963,13:28:08,28.77,166845,58,买盘
2964,13:28:11,28.77,46025,16,买盘
2965,13:28:14,28.78,51791,18,买盘
2966,13:28:17,28.77,46043,16,卖盘
2967,13:28:20,28.78,37407,13,买盘
2968,13:28:23,28.77,448829,156,卖盘
2969,13:28:26,28.77,54658,19,买盘
2970,13:28:29,28.76,463185,161,卖盘
2971,13:28:32,28.77,256034,89,买盘
2972,13:28:35,28.78,169748,59,买盘
2973,13:28:38,28.78,126589,44,买盘
2974,13:28:41,28.77,169743,59,卖盘
2975,13:28:44,28.77,212908,74,卖盘
2976,13:28:47,28.77,169744,59,卖盘
2977,13:28:50,28.77,106437,37,买盘
2978,13:28:53,28.77,212866,74,买盘
2979,13:28:56,28.77,86308,30,买盘
2980,13:28:59,28.77,5754,2,买盘
2981,13:29:02,28.77,655776,228,买盘
2982,13:29:05,28.76,138071,48,卖盘
2983,13:29:08,28.76,66163,23,卖盘
2984,13:29:11,28.76,132297,46,卖盘
2985,13:29:14,28.76,166833,58,卖盘
2986,13:29:17,28.77,129457,45,买盘
2987,13:29:20,28.76,17256,6,卖盘
2988,13:29:23,28.76,120805,42,卖盘
2989,13:29:26,28.77,97817,34,买盘
2990,13:29:29,28.77,687612,239,买盘
2991,13:29:32,28.78,152517,53,买盘
2992,13:29:35,28.78,685010,238,买盘
2993,13:29:38,28.79,69082,24,买盘
2994,13:29:41,28.78,166913,58,卖盘
2995,13:29:44,28.78,89217,31,买盘
2996,13:29:47,28.77,250347,87,卖盘
2997,13:29:50,28.79,613174,213,买盘
2998,13:29:53,28.8,155520,54,买盘
2999,13:29:56,28.8,397438,138,买盘
3000,13:29:59,28.8,164183,57,买盘
3001,13:30:02,28.8,319690,111,卖盘
3002,13:30:05,28.8,190083,66,买盘
3003,13:30:08,28.8,158400,55,买盘
3004,13:30:11,28.8,158395,55,买盘
3005,13:30:14,28.8,587615,204,卖盘
3006,13:30:17,28.8,23040,8,买盘
3007,13:30:20,28.8,51840,18,买盘
3008,13:30:23,28.8,624777,217,买盘
3009,13:30:26,28.79,1149322,399,卖盘
