,成交时间,成交价格,成交金额,成交量,性质
0,09:25:04,4.86,23687154,48739,卖盘
1,09:30:01,4.86,264474,544,卖盘
2,09:30:04,4.87,1653495,3398,买盘
3,09:30:07,4.87,2572920,5289,卖盘
4,09:30:10,4.87,3268409,6720,卖盘
5,09:30:13,4.86,4054867,8338,卖盘
6,09:30:16,4.87,2673774,5496,买盘
7,09:30:19,4.86,2512600,5164,卖盘
8,09:30:22,4.87,2722946,5602,买盘
9,09:30:25,4.86,1676584,3449,卖盘
10,09:30:28,4.86,3881689,7986,买盘
11,09:30:31,4.86,1628106,3348,买盘
12,09:30:34,4.86,1507931,3101,卖盘
13,09:30:37,4.86,1737510,3570,卖盘
14,09:30:40,4.87,5120243,10529,买盘
15,09:30:43,4.86,2319993,4771,卖盘
16,09:30:46,4.87,2235541,4599,买盘
17,09:30:49,4.87,5018832,10321,买盘
18,09:30:52,4.86,4086213,8403,卖盘
19,09:30:55,4.86,3995346,8221,卖盘
20,09:30:58,4.86,2798628,5757,买盘
21,09:31:01,4.86,1934851,3981,买盘
22,09:31:04,4.86,1142108,2350,卖盘
23,09:31:07,4.87,2012024,4136,买盘
24,09:31:10,4.86,3189720,6553,卖盘
25,09:31:13,4.87,1516399,3118,买盘
26,09:31:16,4.87,2402133,4933,买盘
27,09:31:19,4.87,2097349,4303,卖盘
28,09:31:22,4.88,2021997,4146,买盘
29,09:31:25,4.88,801375,1642,买盘
30,09:31:28,4.88,1956416,4005,卖盘
31,09:31:31,4.89,2836303,5802,买盘
32,09:31:34,4.87,3487717,7146,卖盘
33,09:31:37,4.89,1969331,4031,买盘
34,09:31:40,4.89,1521799,3112,卖盘
35,09:31:43,4.89,971034,1985,卖盘
36,09:31:46,4.89,2349055,4798,卖盘
37,09:31:49,4.9,4529343,9248,买盘
38,09:31:52,4.91,1757210,3583,买盘
39,09:31:55,4.92,4727290,9628,买盘
40,09:31:58,4.92,3181779,6475,买盘
41,09:32:01,4.92,2023559,4114,买盘
42,09:32:04,4.92,2227073,4526,买盘
43,09:32:07,4.92,1470141,2988,卖盘
44,09:32:10,4.92,2649406,5378,卖盘
45,09:32:13,4.93,4686626,9517,买盘
46,09:32:16,4.93,3529223,7159,买盘
47,09:32:19,4.93,4687867,9510,卖盘
48,09:32:22,4.93,2975792,6033,买盘
49,09:32:25,4.92,2786631,5654,卖盘
50,09:32:28,4.93,3062138,6215,买盘
51,09:32:31,4.95,24558565,49700,买盘
52,09:32:34,4.95,3485341,7040,卖盘
53,09:32:37,4.95,4019356,8107,卖盘
54,09:32:40,4.95,2262257,4562,卖盘
55,09:32:43,4.95,2005321,4045,卖盘
56,09:32:46,4.95,4459858,8993,卖盘
57,09:32:49,4.95,7043990,14219,卖盘
58,09:32:52,4.94,1485795,3002,卖盘
59,09:32:55,4.95,3958654,7999,买盘
60,09:32:58,4.94,2866957,5795,卖盘
61,09:33:01,4.95,5393761,10901,买盘
62,09:33:04,4.94,4837350,9766,卖盘
63,09:33:07,4.95,2133944,4312,买盘
64,09:33:10,4.95,1419225,2869,买盘
65,09:33:13,4.95,2465516,4988,买盘
66,09:33:16,4.94,1510132,3053,卖盘
67,09:33:19,4.94,3720025,7525,卖盘
68,09:33:22,4.95,2040327,4130,买盘
69,09:33:25,4.94,1269337,2570,卖盘
70,09:33:28,4.94,3042041,6156,卖盘
71,09:33:31,4.95,3179710,6434,买盘
72,09:33:34,4.94,2724228,5514,卖盘
73,09:33:37,4.94,650310,1317,买盘
74,09:33:40,4.93,1012020,2051,卖盘
75,09:33:43,4.93,1466851,2971,卖盘
76,09:33:46,4.94,2000712,4056,买盘
77,09:33:49,4.93,3058194,6202,卖盘
78,09:33:52,4.93,2694319,5459,卖盘
79,09:33:55,4.93,1839911,3735,买盘
80,09:33:58,4.93,1292393,2623,买盘
81,09:34:01,4.92,2725900,5538,卖盘
82,09:34:04,4.93,2166676,4402,买盘
83,09:34:07,4.93,726028,1475,买盘
84,09:34:10,4.93,2113289,4294,买盘
85,09:34:13,4.92,1070518,2174,卖盘
86,09:34:16,4.92,1164342,2365,卖盘
87,09:34:19,4.92,813461,1653,卖盘
88,09:34:22,4.92,722001,1467,卖盘
89,09:34:25,4.92,1577453,3206,卖盘
90,09:34:28,4.92,2232401,4540,卖盘
91,09:34:31,4.92,2546145,5175,买盘
92,09:34:34,4.92,1288304,2618,卖盘
93,09:34:37,4.92,1759505,3576,卖盘
94,09:34:40,4.92,5282969,10724,卖盘
95,09:34:43,4.92,1046690,2127,卖盘
96,09:34:46,4.92,1708411,3471,卖盘
97,09:34:49,4.92,2658928,5399,卖盘
98,09:34:52,4.92,867460,1763,卖盘
99,09:34:55,4.92,2945686,5984,卖盘
100,09:34:58,4.92,601842,1223,卖盘
101,09:35:01,4.93,4023827,8163,买盘
102,09:35:04,4.93,1360751,2760,卖盘
103,09:35:07,4.94,534987,1084,买盘
104,09:35:10,4.93,3811756,7720,卖盘
105,09:35:13,4.94,1578426,3196,买盘
106,09:35:16,4.94,1524073,3086,买盘
107,09:35:19,4.94,991631,2008,买盘
108,09:35:22,4.94,869253,1760,买盘
109,09:35:25,4.94,2112140,4276,卖盘
110,09:35:28,4.94,858288,1737,卖盘
111,09:35:31,4.94,2542930,5147,卖盘
112,09:35:34,4.94,2988607,6043,卖盘
113,09:35:37,4.94,1165895,2359,卖盘
114,09:35:40,4.94,1301897,2633,卖盘
115,09:35:43,4.94,1418244,2870,卖盘
116,09:35:46,4.94,1807917,3658,卖盘
117,09:35:49,4.94,1671511,3382,卖盘
118,09:35:52,4.94,2035305,4120,卖盘
119,09:35:55,4.94,539846,1093,买盘
120,09:35:58,4.94,1500229,3039,买盘
121,09:36:01,4.94,445112,902,买盘
122,09:36:04,4.94,516422,1047,买盘
123,09:36:07,4.93,4114698,8346,卖盘
124,09:36:10,4.93,570374,1157,买盘
125,09:36:13,4.93,2895919,5875,买盘
126,09:36:16,4.93,1500999,3041,卖盘
127,09:36:19,4.94,1979341,4009,买盘
128,09:36:22,4.93,2543374,5153,卖盘
129,09:36:25,4.93,1235764,2504,卖盘
130,09:36:28,4.93,1132406,2294,卖盘
131,09:36:31,4.93,997631,2022,卖盘
132,09:36:34,4.93,1796656,3642,卖盘
133,09:36:37,4.93,948679,1923,卖盘
134,09:36:40,4.93,997887,2022,卖盘
135,09:36:43,4.94,1429238,2899,买盘
136,09:36:46,4.93,1992937,4040,卖盘
137,09:36:49,4.94,911751,1848,买盘
138,09:36:52,4.93,1673043,3392,卖盘
139,09:36:55,4.94,937030,1900,买盘
140,09:36:58,4.93,1254225,2541,卖盘
141,09:37:01,4.94,1106154,2241,买盘
142,09:37:04,4.93,2329432,4724,卖盘
143,09:37:07,4.93,415062,842,买盘
144,09:37:10,4.93,750724,1523,买盘
145,09:37:13,4.93,2379286,4828,买盘
146,09:37:16,4.93,377806,767,买盘
147,09:37:19,4.92,587893,1193,卖盘
148,09:37:22,4.92,4489351,9124,卖盘
149,09:37:25,4.92,3139647,6381,买盘
150,09:37:28,4.92,2924812,5952,卖盘
151,09:37:31,4.91,2752672,5588,卖盘
152,09:37:34,4.91,1574629,3202,卖盘
153,09:37:37,4.92,1068134,2175,买盘
154,09:37:40,4.91,555885,1132,卖盘
155,09:37:43,4.91,919182,1872,卖盘
156,09:37:46,4.91,1465246,2982,卖盘
157,09:37:49,4.91,1231272,2507,卖盘
158,09:37:52,4.91,857694,1746,卖盘
159,09:37:55,4.92,1126444,2294,买盘
160,09:37:58,4.91,982150,1999,卖盘
161,09:38:01,4.92,3899201,7928,买盘
162,09:38:04,4.91,421212,857,卖盘
163,09:38:07,4.92,1663596,3386,买盘
164,09:38:10,4.91,1673615,3402,卖盘
165,09:38:13,4.91,508707,1035,卖盘
166,09:38:16,4.91,1696079,3451,卖盘
167,09:38:19,4.92,943301,1920,买盘
168,09:38:22,4.92,996177,2025,卖盘
169,09:38:25,4.92,963517,1958,卖盘
170,09:38:28,4.92,847354,1722,卖盘
171,09:38:31,4.92,1486372,3020,卖盘
172,09:38:34,4.92,1453561,2953,卖盘
173,09:38:37,4.92,675547,1373,卖盘
174,09:38:40,4.92,323312,657,卖盘
175,09:38:43,4.93,625623,1271,买盘
176,09:38:46,4.92,566775,1151,卖盘
177,09:38:49,4.92,1830768,3715,卖盘
178,09:38:52,4.93,1380100,2804,买盘
179,09:38:55,4.92,761477,1547,卖盘
180,09:38:58,4.92,571373,1160,卖盘
181,09:39:01,4.93,4987145,10117,买盘
182,09:39:04,4.93,2320394,4707,买盘
183,09:39:07,4.93,515471,1045,卖盘
184,09:39:10,4.94,1451477,2939,买盘
185,09:39:13,4.94,3201639,6482,买盘
186,09:39:16,4.94,2007284,4064,买盘
187,09:39:19,4.94,1081830,2190,买盘
188,09:39:22,4.93,444037,899,卖盘
189,09:39:25,4.94,2037126,4124,买盘
190,09:39:28,4.94,583216,1181,买盘
191,09:39:31,4.94,443362,898,买盘
192,09:39:34,4.94,638423,1293,买盘
193,09:39:37,4.94,889111,1800,买盘
194,09:39:40,4.93,488597,990,卖盘
195,09:39:43,4.94,389963,790,买盘
196,09:39:46,4.94,468252,948,买盘
197,09:39:49,4.94,1653552,3348,买盘
198,09:39:52,4.94,1001406,2028,买盘
199,09:39:55,4.93,2334594,4727,卖盘
200,09:39:58,4.94,1336377,2708,买盘
201,09:40:01,4.94,1437830,2911,卖盘
202,09:40:04,4.93,1592381,3224,卖盘
203,09:40:07,4.93,715893,1450,卖盘
204,09:40:10,4.94,527324,1068,买盘
205,09:40:13,4.93,895019,1813,卖盘
206,09:40:16,4.94,379867,769,买盘
207,09:40:19,4.94,841303,1703,卖盘
208,09:40:22,4.94,588871,1192,卖盘
209,09:40:25,4.95,621092,1257,买盘
210,09:40:28,4.94,1036449,2097,卖盘
211,09:40:31,4.95,1094088,2212,买盘
212,09:40:34,4.94,4877784,9856,卖盘
213,09:40:37,4.95,3962285,8005,买盘
214,09:40:40,4.95,9632657,19456,买盘
215,09:40:43,4.96,2681425,5408,买盘
216,09:40:46,4.96,498879,1007,买盘
217,09:40:49,4.96,1877443,3787,买盘
218,09:40:52,4.95,3606117,7271,卖盘
219,09:40:55,4.96,937341,1890,买盘
220,09:40:58,4.96,2976733,6002,买盘
221,09:41:01,4.96,1784540,3598,买盘
222,09:41:04,4.96,1319708,2661,买盘
223,09:41:07,4.95,5086980,10273,卖盘
224,09:41:10,4.95,1012663,2045,买盘
225,09:41:13,4.95,987414,1995,买盘
226,09:41:16,4.94,1433295,2898,卖盘
227,09:41:19,4.95,849350,1717,买盘
228,09:41:22,4.94,435053,879,卖盘
229,09:41:25,4.94,503378,1018,卖盘
230,09:41:28,4.95,1873316,3787,买盘
231,09:41:31,4.94,2621964,5298,卖盘
232,09:41:34,4.94,471258,953,卖盘
233,09:41:37,4.94,1540716,3113,卖盘
234,09:41:40,4.95,408062,825,买盘
235,09:41:43,4.94,555329,1123,卖盘
236,09:41:46,4.94,800169,1618,卖盘
237,09:41:49,4.94,1247220,2521,卖盘
238,09:41:52,4.94,1947430,3937,卖盘
239,09:41:55,4.95,187925,380,买盘
240,09:41:58,4.94,494908,1001,卖盘
241,09:42:01,4.94,352114,712,卖盘
242,09:42:04,4.95,1186507,2400,买盘
243,09:42:07,4.94,326364,660,卖盘
244,09:42:10,4.95,514087,1039,买盘
245,09:42:13,4.95,519899,1051,买盘
246,09:42:16,4.95,1089910,2203,买盘
247,09:42:19,4.95,828872,1675,买盘
248,09:42:22,4.94,264255,534,卖盘
249,09:42:25,4.95,421666,852,买盘
250,09:42:28,4.95,584532,1181,买盘
251,09:42:31,4.95,970494,1962,买盘
252,09:42:34,4.95,1309133,2645,买盘
253,09:42:37,4.95,757699,1531,买盘
254,09:42:40,4.95,566648,1145,买盘
255,09:42:43,4.95,671187,1356,买盘
256,09:42:46,4.95,780389,1577,买盘
257,09:42:49,4.95,2256776,4561,买盘
258,09:42:52,4.95,778497,1573,买盘
259,09:42:55,4.95,1042258,2107,买盘
260,09:42:58,4.95,809258,1635,买盘
261,09:43:01,4.95,1209659,2444,买盘
262,09:43:04,4.94,1662547,3359,卖盘
263,09:43:07,4.94,1484765,3002,卖盘
264,09:43:10,4.95,749602,1515,买盘
265,09:43:13,4.95,1083774,2192,买盘
266,09:43:16,4.95,460072,930,买盘
267,09:43:19,4.94,1049678,2121,卖盘
268,09:43:22,4.94,1240888,2510,卖盘
269,09:43:25,4.94,302322,611,卖盘
270,09:43:28,4.94,358179,724,卖盘
271,09:43:31,4.94,824579,1667,卖盘
272,09:43:34,4.94,546654,1105,卖盘
273,09:43:37,4.94,533352,1079,卖盘
274,09:43:40,4.95,651882,1319,买盘
275,09:43:43,4.94,532434,1077,卖盘
276,09:43:46,4.95,611736,1236,买盘
277,09:43:49,4.94,1122130,2270,卖盘
278,09:43:52,4.95,665003,1344,买盘
279,09:43:55,4.95,1023081,2067,买盘
280,09:43:58,4.94,366855,742,卖盘
281,09:44:01,4.95,2220112,4486,买盘
282,09:44:04,4.95,1530186,3092,买盘
283,09:44:07,4.95,1504307,3039,买盘
284,09:44:10,4.96,974721,1966,买盘
285,09:44:13,4.96,969538,1958,买盘
286,09:44:16,4.96,470503,949,买盘
287,09:44:19,4.95,601512,1213,卖盘
288,09:44:22,4.96,1419949,2863,买盘
289,09:44:25,4.96,1432178,2888,买盘
290,09:44:28,4.96,2757389,5560,买盘
291,09:44:31,4.96,6729836,13569,买盘
292,09:44:34,4.96,1892424,3813,买盘
293,09:44:37,4.96,2823895,5683,卖盘
294,09:44:40,4.96,372182,750,卖盘
295,09:44:43,4.96,2293063,4620,卖盘
296,09:44:46,4.96,714976,1440,卖盘
297,09:44:49,4.97,1895453,3819,买盘
298,09:44:52,4.96,2028477,4082,卖盘
299,09:44:55,4.97,1059809,2134,买盘
300,09:44:58,4.97,631490,1271,买盘
301,09:45:01,4.97,1907178,3839,买盘
302,09:45:04,4.97,2301443,4633,买盘
303,09:45:07,4.97,1631965,3284,买盘
304,09:45:10,4.97,2511294,5053,买盘
305,09:45:13,4.97,2278766,4588,买盘
306,09:45:16,4.97,2026265,4080,买盘
307,09:45:19,4.96,3019372,6076,卖盘
308,09:45:22,4.97,2622994,5278,买盘
309,09:45:25,4.97,2041003,4107,买盘
310,09:45:28,4.97,2444073,4918,买盘
311,09:45:31,4.97,1886286,3796,买盘
312,09:45:34,4.97,2099674,4225,买盘
313,09:45:37,4.97,1285815,2585,卖盘
314,09:45:40,4.98,4064812,8168,买盘
315,09:45:43,4.97,1231323,2476,卖盘
316,09:45:46,4.97,2753633,5539,卖盘
317,09:45:49,4.97,1592849,3204,买盘
318,09:45:52,4.97,1781636,3585,买盘
319,09:45:55,4.96,1046156,2106,卖盘
320,09:45:58,4.97,602810,1213,买盘
321,09:46:01,4.97,1176656,2368,买盘
322,09:46:04,4.97,1468404,2958,买盘
323,09:46:07,4.97,2811987,5659,买盘
324,09:46:10,4.97,813876,1638,买盘
325,09:46:13,4.97,1458411,2937,买盘
326,09:46:16,4.97,632327,1273,买盘
327,09:46:19,4.97,329890,664,买盘
328,09:46:22,4.96,1284776,2589,卖盘
329,09:46:25,4.97,1342964,2705,买盘
330,09:46:28,4.97,2711693,5459,买盘
331,09:46:31,4.97,1452574,2924,买盘
332,09:46:34,4.96,1213003,2443,卖盘
333,09:46:37,4.96,401427,808,卖盘
334,09:46:40,4.97,563213,1134,买盘
335,09:46:43,4.97,341612,688,买盘
336,09:46:46,4.97,1275725,2568,买盘
337,09:46:49,4.96,830114,1672,卖盘
338,09:46:52,4.97,1145407,2306,买盘
339,09:46:55,4.97,1038523,2090,买盘
340,09:46:58,4.97,1272488,2561,买盘
341,09:47:01,4.96,521601,1050,卖盘
342,09:47:04,4.97,550445,1108,买盘
343,09:47:07,4.97,1457767,2936,买盘
344,09:47:10,4.97,606567,1221,买盘
345,09:47:13,4.97,3961794,7972,买盘
346,09:47:16,4.97,996132,2005,买盘
347,09:47:19,4.96,756246,1523,卖盘
348,09:47:22,4.96,973087,1958,卖盘
349,09:47:25,4.97,649389,1307,买盘
350,09:47:28,4.97,981501,1978,买盘
351,09:47:31,4.97,1808498,3640,买盘
352,09:47:34,4.96,1412670,2845,卖盘
353,09:47:37,4.96,1104123,2222,卖盘
354,09:47:40,4.97,1213398,2443,买盘
355,09:47:43,4.97,1232315,2480,买盘
356,09:47:46,4.96,1141269,2297,卖盘
357,09:47:49,4.97,1758263,3539,买盘
358,09:47:52,4.97,2104076,4234,买盘
359,09:47:55,4.97,2395254,4820,买盘
360,09:47:58,4.97,3338776,6718,买盘
361,09:48:01,4.98,1074606,2162,买盘
362,09:48:04,4.98,19583888,39326,买盘
363,09:48:07,4.98,2431013,4883,买盘
364,09:48:10,4.98,1869130,3751,买盘
365,09:48:13,4.98,16385474,32838,卖盘
366,09:48:16,4.99,4267404,8554,买盘
367,09:48:19,4.99,2257864,4526,买盘
368,09:48:22,4.99,2062174,4133,买盘
369,09:48:25,5.0,1707893,3419,买盘
370,09:48:28,5.0,1677354,3356,买盘
371,09:48:31,5.0,1936154,3873,买盘
372,09:48:34,5.0,2993552,5989,买盘
373,09:48:37,5.0,2919427,5840,买盘
374,09:48:40,5.0,2408522,4818,买盘
375,09:48:43,5.0,2815587,5632,买盘
376,09:48:46,5.0,8420578,16869,买盘
377,09:48:49,5.0,5219755,10448,买盘
378,09:48:52,4.99,1259152,2520,卖盘
379,09:48:55,4.99,2536570,5075,卖盘
380,09:48:58,5.0,2161546,4325,买盘
381,09:49:01,5.0,1693796,3389,买盘
382,09:49:04,4.99,2787475,5576,卖盘
383,09:49:07,4.99,3772779,7549,卖盘
384,09:49:10,4.99,6304683,12632,卖盘
385,09:49:13,4.99,2246014,4502,买盘
386,09:49:16,4.99,3074319,6156,买盘
387,09:49:19,4.99,1475392,2956,卖盘
388,09:49:22,4.99,2539373,5083,卖盘
389,09:49:25,5.0,3133205,6278,买盘
390,09:49:28,4.99,3440402,6893,卖盘
391,09:49:31,4.99,1028783,2062,买盘
392,09:49:34,4.99,1157837,2321,买盘
393,09:49:37,4.99,5025545,10062,买盘
394,09:49:40,4.99,1291491,2588,买盘
395,09:49:43,4.99,1427861,2862,买盘
396,09:49:46,4.99,1561981,3133,买盘
397,09:49:49,4.99,1875039,3758,买盘
398,09:49:52,4.98,1896485,3801,卖盘
399,09:49:55,4.99,636732,1277,买盘
400,09:49:58,4.98,419721,842,卖盘
401,09:50:01,4.98,1613467,3235,卖盘
402,09:50:04,4.98,1293597,2595,卖盘
403,09:50:07,4.98,898798,1803,卖盘
404,09:50:10,4.98,3992292,8005,卖盘
405,09:50:13,4.98,4783263,9590,卖盘
406,09:50:16,4.99,6900172,13826,买盘
407,09:50:19,4.99,6771179,13547,卖盘
408,09:50:22,5.0,9706721,19421,买盘
409,09:50:25,5.0,7021711,14047,买盘
410,09:50:28,5.0,5544905,11092,买盘
411,09:50:31,5.01,7412186,14825,买盘
412,09:50:34,5.0,11013916,21992,卖盘
413,09:50:37,5.01,3496601,6981,买盘
414,09:50:40,5.01,1350631,2692,卖盘
415,09:50:43,5.01,1782484,3553,卖盘
416,09:50:46,5.01,1860663,3711,卖盘
417,09:50:49,5.01,4953732,9884,卖盘
418,09:50:52,5.01,2937945,5864,卖盘
419,09:50:55,5.01,2289721,4569,买盘
420,09:50:58,5.01,1038460,2073,买盘
421,09:51:01,5.0,8147702,16288,卖盘
422,09:51:04,4.99,2405018,4815,卖盘
423,09:51:07,5.0,998822,1998,买盘
424,09:51:10,5.0,1328860,2658,买盘
425,09:51:13,5.0,2942613,5883,买盘
426,09:51:16,5.0,1299414,2600,买盘
427,09:51:19,4.99,1857463,3716,卖盘
428,09:51:22,5.0,6150438,12301,买盘
429,09:51:25,4.99,882181,1766,卖盘
430,09:51:28,4.99,1423575,2848,卖盘
431,09:51:31,5.0,1725725,3454,买盘
432,09:51:34,5.0,1397448,2799,买盘
433,09:51:37,4.99,1764994,3534,卖盘
434,09:51:40,5.0,1523121,3051,买盘
435,09:51:43,5.0,2017602,4036,买盘
436,09:51:46,4.99,1224722,2451,卖盘
437,09:51:49,5.0,1314064,2631,买盘
438,09:51:52,5.0,5320580,10657,买盘
439,09:51:55,5.0,1446841,2896,买盘
440,09:51:58,4.99,3704015,7422,卖盘
441,09:52:01,5.0,822360,1647,买盘
442,09:52:04,4.99,3161162,6335,卖盘
443,09:52:07,4.99,1318358,2642,买盘
444,09:52:10,4.98,487473,977,卖盘
445,09:52:13,4.99,698721,1401,买盘
446,09:52:16,4.99,833112,1671,买盘
447,09:52:19,4.98,483130,969,卖盘
448,09:52:22,4.98,1265515,2539,卖盘
449,09:52:25,4.98,1159421,2327,卖盘
450,09:52:28,4.98,956713,1920,卖盘
451,09:52:31,4.98,3267915,6557,卖盘
452,09:52:34,4.98,1324922,2660,卖盘
453,09:52:37,4.98,1267315,2543,卖盘
454,09:52:40,4.98,1288565,2587,卖盘
455,09:52:43,4.98,2043982,4101,卖盘
456,09:52:46,4.99,4238047,8498,买盘
457,09:52:49,4.99,3808685,7636,买盘
458,09:52:52,4.99,2841191,5696,买盘
459,09:52:55,4.99,1470101,2943,卖盘
460,09:52:58,4.99,2612712,5236,卖盘
461,09:53:01,5.0,15795666,31594,买盘
462,09:53:04,5.01,6929980,13850,买盘
463,09:53:07,5.0,2540693,5073,卖盘
464,09:53:10,5.01,2544622,5083,买盘
465,09:53:13,5.0,3749295,7486,卖盘
466,09:53:16,5.01,2613411,5218,买盘
467,09:53:19,5.0,1752731,3500,卖盘
468,09:53:22,5.01,629860,1258,买盘
469,09:53:25,5.0,4337444,8659,卖盘
470,09:53:28,5.01,907224,1811,买盘
471,09:53:31,5.0,2286262,4564,卖盘
472,09:53:34,5.0,1293112,2581,卖盘
473,09:53:37,5.0,1396711,2789,卖盘
474,09:53:40,5.0,1818321,3627,卖盘
475,09:53:43,5.01,1263128,2523,买盘
476,09:53:46,5.01,1303221,2602,买盘
477,09:53:49,5.01,1530156,3055,买盘
478,09:53:52,5.01,1798142,3591,买盘
479,09:53:55,5.01,1856105,3702,卖盘
480,09:53:58,5.01,2621977,5228,卖盘
481,09:54:01,5.02,1323100,2640,买盘
482,09:54:04,5.01,1461116,2914,卖盘
483,09:54:07,5.02,1009660,2013,买盘
484,09:54:10,5.01,917351,1828,卖盘
485,09:54:13,5.01,1205794,2404,卖盘
486,09:54:16,5.02,818359,1633,买盘
487,09:54:19,5.02,1315423,2622,买盘
488,09:54:22,5.02,1509921,3009,买盘
489,09:54:25,5.02,1183559,2358,买盘
490,09:54:28,5.01,513630,1024,卖盘
491,09:54:31,5.02,1230702,2453,买盘
492,09:54:34,5.01,6444902,12860,卖盘
493,09:54:37,5.02,1066256,2126,买盘
494,09:54:40,5.01,2238993,4461,卖盘
495,09:54:43,5.02,1135953,2265,买盘
496,09:54:46,5.01,1945494,3881,卖盘
497,09:54:49,5.02,1039552,2072,买盘
498,09:54:52,5.02,1860843,3709,买盘
499,09:54:55,5.01,1456587,2903,卖盘
500,09:54:58,5.02,1074817,2142,买盘
501,09:55:01,5.01,1014406,2022,卖盘
502,09:55:04,5.02,981358,1956,买盘
503,09:55:07,5.02,1295567,2582,买盘
504,09:55:10,5.01,702198,1400,卖盘
505,09:55:13,5.02,555216,1107,买盘
506,09:55:16,5.02,4059211,8087,买盘
507,09:55:19,5.01,1715438,3419,卖盘
508,09:55:22,5.02,1151492,2295,买盘
509,09:55:25,5.02,2276403,4538,买盘
510,09:55:28,5.02,718509,1433,买盘
511,09:55:31,5.02,847787,1691,买盘
512,09:55:34,5.02,931533,1857,买盘
513,09:55:37,5.01,421328,840,卖盘
514,09:55:40,5.01,672439,1341,卖盘
515,09:55:43,5.02,1153413,2301,买盘
516,09:55:46,5.02,2322769,4635,买盘
517,09:55:49,5.01,3566116,7118,卖盘
518,09:55:52,5.01,1269465,2534,买盘
519,09:55:55,5.0,1579487,3154,卖盘
520,09:55:58,5.01,1233572,2463,买盘
521,09:56:01,5.01,470791,940,买盘
522,09:56:04,5.0,1127718,2252,卖盘
523,09:56:07,5.01,440161,879,买盘
524,09:56:10,5.01,1452690,2903,买盘
525,09:56:13,5.0,657492,1314,卖盘
526,09:56:16,5.01,216259,432,买盘
527,09:56:19,5.0,9651372,19299,卖盘
528,09:56:22,5.0,1963933,3927,卖盘
529,09:56:25,4.99,2380986,4762,卖盘
530,09:56:28,4.99,1760079,3524,卖盘
531,09:56:31,5.0,342167,685,买盘
532,09:56:34,4.99,933854,1871,卖盘
533,09:56:37,4.99,833992,1670,卖盘
534,09:56:40,4.99,1474567,2954,卖盘
535,09:56:43,5.0,1140204,2284,买盘
536,09:56:46,4.99,1608921,3222,卖盘
537,09:56:49,4.99,1706178,3419,卖盘
538,09:56:52,4.99,2521405,5052,卖盘
539,09:56:55,4.99,1175768,2355,卖盘
540,09:56:58,4.99,1641538,3289,卖盘
541,09:57:01,4.99,5052779,10112,卖盘
542,09:57:04,5.0,7877335,15759,买盘
543,09:57:07,5.0,6481461,12965,买盘
544,09:57:10,5.01,2675606,5351,买盘
545,09:57:13,5.0,1220495,2441,卖盘
546,09:57:16,5.0,646445,1292,卖盘
547,09:57:19,5.0,1328311,2656,卖盘
548,09:57:22,5.0,2007395,4012,卖盘
549,09:57:25,5.0,1549236,3095,卖盘
550,09:57:28,5.0,948133,1896,卖盘
551,09:57:31,5.0,2392891,4781,卖盘
552,09:57:34,5.01,1789974,3579,买盘
553,09:57:37,5.0,1728278,3456,卖盘
554,09:57:40,5.01,963894,1927,买盘
555,09:57:43,5.0,802232,1604,卖盘
556,09:57:46,5.0,607156,1213,卖盘
557,09:57:49,5.0,796842,1593,卖盘
558,09:57:52,5.0,1314935,2629,卖盘
559,09:57:55,5.01,1017939,2035,买盘
560,09:57:58,5.01,978327,1956,买盘
561,09:58:01,5.0,1022391,2043,卖盘
562,09:58:04,5.01,1923120,3842,买盘
563,09:58:07,5.01,2274446,4542,买盘
564,09:58:10,5.0,3500137,7000,卖盘
565,09:58:13,5.01,1158523,2316,买盘
566,09:58:16,5.0,977520,1954,卖盘
567,09:58:19,5.0,1357325,2712,卖盘
568,09:58:22,5.0,6513845,13005,卖盘
569,09:58:25,5.01,4412972,8813,买盘
570,09:58:28,5.0,4231323,8450,卖盘
571,09:58:31,5.01,760421,1520,买盘
572,09:58:34,5.0,765570,1531,卖盘
573,09:58:37,5.01,882063,1763,买盘
574,09:58:40,5.0,754640,1509,卖盘
575,09:58:43,5.0,419184,838,卖盘
576,09:58:46,5.0,1380271,2760,卖盘
577,09:58:49,5.0,1297124,2594,卖盘
578,09:58:52,5.0,606831,1213,卖盘
579,09:58:55,5.0,2131664,4263,卖盘
580,09:58:58,5.0,928540,1857,卖盘
581,09:59:01,5.01,5727168,11435,买盘
582,09:59:04,5.01,1541837,3079,买盘
583,09:59:07,5.01,1571566,3141,买盘
584,09:59:10,5.01,1168411,2333,买盘
585,09:59:13,5.01,1653174,3302,买盘
586,09:59:16,5.0,4828578,9657,卖盘
587,09:59:19,5.0,2516772,5032,卖盘
588,09:59:22,5.01,2082236,4161,买盘
589,09:59:25,5.0,1852145,3703,卖盘
590,09:59:28,5.0,2418871,4835,卖盘
591,09:59:31,5.0,3078839,6153,卖盘
592,09:59:34,5.0,1851967,3703,卖盘
593,09:59:37,5.0,201426,403,买盘
594,09:59:40,5.0,948244,1897,买盘
595,09:59:43,5.0,217350,435,买盘
596,09:59:46,5.0,395667,792,买盘
597,09:59:49,5.0,611126,1223,买盘
598,09:59:52,4.99,427923,857,卖盘
599,09:59:55,4.99,500584,1003,卖盘
600,09:59:58,4.99,1524756,3055,卖盘
601,10:00:01,4.99,6150440,12305,卖盘
602,10:00:04,4.99,664971,1332,卖盘
603,10:00:07,4.99,569700,1141,卖盘
604,10:00:10,4.99,391284,784,卖盘
605,10:00:13,4.99,7403465,14835,卖盘
606,10:00:16,4.99,750424,1505,买盘
607,10:00:19,4.98,1097025,2201,卖盘
608,10:00:22,4.99,886322,1778,买盘
609,10:00:25,4.98,667842,1340,卖盘
610,10:00:28,4.98,483833,971,卖盘
611,10:00:31,4.98,1247174,2503,卖盘
612,10:00:34,4.99,663488,1332,买盘
613,10:00:37,4.98,953205,1912,卖盘
614,10:00:40,4.98,875709,1757,卖盘
615,10:00:43,4.99,2347398,4712,买盘
616,10:00:46,4.98,1178201,2365,卖盘
617,10:00:49,4.98,959969,1927,卖盘
618,10:00:52,4.98,1368225,2746,卖盘
619,10:00:55,4.98,661851,1329,卖盘
620,10:00:58,4.98,1489558,2991,卖盘
621,10:01:01,4.98,4825811,9677,卖盘
622,10:01:04,4.98,8563195,17160,卖盘
623,10:01:07,4.98,4336312,8697,卖盘
624,10:01:10,4.99,3297294,6618,买盘
625,10:01:13,4.98,2076081,4163,卖盘
626,10:01:16,4.98,1571887,3149,卖盘
627,10:01:19,4.99,1326077,2657,买盘
628,10:01:22,4.99,1044387,2094,买盘
629,10:01:25,4.98,565341,1134,卖盘
630,10:01:28,4.98,862648,1729,卖盘
631,10:01:31,4.99,1109864,2225,买盘
632,10:01:34,4.99,1149156,2304,买盘
633,10:01:37,4.98,1215287,2440,卖盘
634,10:01:40,4.99,393361,789,买盘
635,10:01:43,4.99,150962,303,买盘
636,10:01:46,4.99,465318,934,买盘
637,10:01:49,4.99,355619,713,买盘
638,10:01:52,4.99,286962,576,买盘
639,10:01:55,4.99,302031,606,买盘
640,10:01:58,4.99,818626,1643,买盘
641,10:02:01,4.99,670042,1345,买盘
642,10:02:04,4.98,649550,1302,卖盘
643,10:02:07,4.99,5907668,11840,买盘
644,10:02:10,4.98,1876543,3762,卖盘
645,10:02:13,4.99,580426,1164,买盘
646,10:02:16,4.99,264163,530,买盘
647,10:02:19,4.99,975697,1956,买盘
648,10:02:22,4.99,158641,318,买盘
649,10:02:25,4.99,2870056,5752,买盘
650,10:02:28,4.99,642756,1289,买盘
651,10:02:31,4.98,326677,655,卖盘
652,10:02:34,4.98,819105,1644,卖盘
653,10:02:37,4.98,724946,1455,卖盘
654,10:02:40,4.98,701795,1409,卖盘
655,10:02:43,4.99,616034,1237,买盘
656,10:02:46,4.98,1014780,2036,卖盘
657,10:02:49,4.98,4456108,8948,卖盘
658,10:02:52,4.98,227585,457,买盘
659,10:02:55,4.98,901543,1813,买盘
660,10:02:58,4.98,321857,647,买盘
661,10:03:01,4.97,484073,973,卖盘
662,10:03:04,4.98,920376,1849,买盘
663,10:03:07,4.98,354019,712,买盘
664,10:03:10,4.97,2333494,4686,卖盘
665,10:03:13,4.98,1008279,2026,买盘
666,10:03:16,4.98,1051011,2111,卖盘
667,10:03:19,4.98,403403,810,卖盘
668,10:03:22,4.98,863938,1734,卖盘
669,10:03:25,4.98,659254,1323,卖盘
670,10:03:28,4.98,500556,1005,卖盘
671,10:03:31,4.98,898131,1803,卖盘
672,10:03:34,4.98,240152,482,卖盘
673,10:03:37,4.98,159397,320,卖盘
674,10:03:40,4.98,512369,1028,卖盘
675,10:03:43,4.98,729800,1465,卖盘
676,10:03:46,4.98,735787,1476,卖盘
677,10:03:49,4.98,727533,1460,卖盘
678,10:03:52,4.98,367534,738,卖盘
679,10:03:55,4.99,679307,1364,买盘
680,10:03:58,4.99,1511319,3032,买盘
681,10:04:01,4.99,1148551,2303,买盘
682,10:04:04,4.99,308149,618,买盘
683,10:04:07,4.98,191959,385,卖盘
684,10:04:10,4.98,1360116,2727,卖盘
685,10:04:13,4.99,254603,511,买盘
686,10:04:16,4.99,235210,472,买盘
687,10:04:19,4.98,108148,217,卖盘
688,10:04:22,4.98,390341,783,卖盘
689,10:04:25,4.98,191802,385,卖盘
690,10:04:28,4.99,392221,787,买盘
691,10:04:31,4.99,327826,658,买盘
692,10:04:34,4.98,1799932,3614,卖盘
693,10:04:37,4.98,277061,556,卖盘
694,10:04:40,4.99,90168,181,买盘
695,10:04:43,4.98,303290,608,卖盘
696,10:04:46,4.98,263214,528,卖盘
697,10:04:49,4.98,251602,505,卖盘
698,10:04:52,4.98,781649,1569,卖盘
699,10:04:55,4.98,171833,345,卖盘
700,10:04:58,4.98,659513,1323,卖盘
701,10:05:01,4.99,7548867,15129,买盘
702,10:05:04,4.98,5508264,11060,卖盘
703,10:05:07,4.99,542780,1088,买盘
704,10:05:10,4.98,422615,848,卖盘
705,10:05:13,4.99,151050,303,买盘
706,10:05:16,4.98,293403,589,卖盘
707,10:05:19,4.99,231808,465,买盘
708,10:05:22,4.98,430493,864,卖盘
709,10:05:25,4.99,499911,1003,买盘
710,10:05:28,4.99,172129,345,买盘
711,10:05:31,4.99,303204,608,买盘
712,10:05:34,4.98,243362,488,卖盘
713,10:05:37,4.99,4182423,8382,买盘
714,10:05:40,4.99,279299,560,买盘
715,10:05:43,4.99,607532,1218,买盘
716,10:05:46,4.99,1339514,2688,买盘
717,10:05:49,4.99,1002957,2010,买盘
718,10:05:52,4.99,190997,383,买盘
719,10:05:55,4.98,335283,672,卖盘
720,10:05:58,4.98,3178408,6382,卖盘
721,10:06:01,4.99,3649578,7313,买盘
722,10:06:04,5.0,2660952,5333,买盘
723,10:06:07,4.99,465721,933,卖盘
724,10:06:10,4.99,268185,537,卖盘
725,10:06:13,4.99,348536,698,卖盘
726,10:06:16,4.99,274050,549,卖盘
727,10:06:19,4.99,394753,791,卖盘
728,10:06:22,4.99,229140,459,卖盘
729,10:06:25,4.99,2167699,4344,卖盘
730,10:06:28,4.98,204061,409,卖盘
731,10:06:31,4.98,537323,1077,卖盘
732,10:06:34,4.99,311086,624,买盘
733,10:06:37,4.98,78801,158,卖盘
734,10:06:40,4.99,214970,431,买盘
735,10:06:43,4.99,246228,494,买盘
736,10:06:46,4.98,332522,667,卖盘
737,10:06:49,4.99,43894,88,买盘
738,10:06:52,4.99,610007,1223,买盘
739,10:06:55,4.99,2821636,5656,买盘
740,10:06:58,4.99,200273,402,买盘
741,10:07:01,4.99,564240,1131,买盘
742,10:07:04,4.98,159068,319,卖盘
743,10:07:07,4.99,873704,1751,买盘
744,10:07:10,4.99,793295,1590,买盘
745,10:07:13,4.99,441213,885,买盘
746,10:07:16,4.98,95688,192,卖盘
747,10:07:19,4.99,152998,307,买盘
748,10:07:22,4.99,206429,414,买盘
749,10:07:25,4.98,474356,951,卖盘
750,10:07:28,4.98,344630,691,卖盘
751,10:07:31,4.98,285737,573,卖盘
752,10:07:34,4.98,111166,223,卖盘
753,10:07:37,4.98,22451,45,卖盘
754,10:07:40,4.98,675614,1355,卖盘
755,10:07:43,4.99,1145507,2300,买盘
756,10:07:46,4.98,475924,955,卖盘
757,10:07:49,4.98,336625,675,卖盘
758,10:07:52,4.99,200749,403,买盘
759,10:07:55,4.98,1130824,2267,卖盘
760,10:07:58,4.99,80202,161,买盘
761,10:08:01,4.99,245599,493,买盘
762,10:08:04,4.98,148979,299,卖盘
763,10:08:07,4.98,209659,421,卖盘
764,10:08:10,4.98,328254,659,卖盘
765,10:08:13,4.98,1329698,2670,卖盘
766,10:08:16,4.99,327699,658,买盘
767,10:08:19,4.98,279502,561,卖盘
768,10:08:22,4.98,392845,788,卖盘
769,10:08:25,4.98,124003,249,卖盘
770,10:08:28,4.98,455748,915,卖盘
771,10:08:31,4.99,555013,1114,买盘
772,10:08:34,4.99,208246,418,买盘
773,10:08:37,4.98,1030977,2070,卖盘
774,10:08:40,4.98,141134,283,卖盘
775,10:08:43,4.98,1568758,3150,卖盘
776,10:08:46,4.98,595060,1194,卖盘
777,10:08:49,4.98,4726042,9490,卖盘
778,10:08:52,4.98,1495584,3003,卖盘
779,10:08:55,4.97,110516,222,卖盘
780,10:08:58,4.98,67657,136,买盘
781,10:09:01,4.97,164273,330,卖盘
782,10:09:04,4.98,135316,272,买盘
783,10:09:07,4.97,212941,428,卖盘
784,10:09:10,4.98,286270,575,买盘
785,10:09:13,4.98,599404,1205,买盘
786,10:09:16,4.98,653693,1314,买盘
787,10:09:19,4.98,303254,610,买盘
788,10:09:22,4.97,659437,1326,卖盘
789,10:09:25,4.97,395285,794,卖盘
790,10:09:28,4.97,465809,937,卖盘
791,10:09:31,4.97,885855,1782,卖盘
792,10:09:34,4.97,351420,707,卖盘
793,10:09:37,4.97,490072,986,卖盘
794,10:09:40,4.97,1514502,3047,卖盘
795,10:09:43,4.98,1025913,2064,买盘
796,10:09:46,4.98,377880,760,买盘
797,10:09:49,4.97,118386,238,卖盘
798,10:09:52,4.98,446085,896,买盘
799,10:09:55,4.97,1032962,2075,卖盘
800,10:09:58,4.98,746255,1500,买盘
801,10:10:01,4.97,566479,1139,卖盘
802,10:10:04,4.98,277450,558,买盘
803,10:10:07,4.97,717039,1441,卖盘
804,10:10:10,4.97,245604,494,卖盘
805,10:10:13,4.97,1524673,3063,卖盘
806,10:10:16,4.98,773106,1554,买盘
807,10:10:19,4.98,321012,645,买盘
808,10:10:22,4.98,1093912,2198,买盘
809,10:10:25,4.98,244733,492,买盘
810,10:10:28,4.97,427529,860,卖盘
811,10:10:31,4.98,2205136,4436,买盘
812,10:10:34,4.98,195580,393,买盘
813,10:10:37,4.97,115894,233,卖盘
814,10:10:40,4.97,300845,605,卖盘
815,10:10:43,4.97,579183,1164,卖盘
816,10:10:46,4.97,419088,842,卖盘
817,10:10:49,4.97,117843,237,卖盘
818,10:10:52,4.97,86517,174,卖盘
819,10:10:55,4.97,347464,699,卖盘
820,10:10:58,4.98,934996,1881,买盘
821,10:11:01,4.97,401338,807,卖盘
822,10:11:04,4.97,427222,859,卖盘
823,10:11:07,4.97,750225,1507,卖盘
824,10:11:10,4.97,457575,920,卖盘
825,10:11:13,4.97,517205,1040,卖盘
826,10:11:16,4.97,460250,926,卖盘
827,10:11:19,4.97,488211,982,卖盘
828,10:11:22,4.97,458650,922,卖盘
829,10:11:25,4.97,246072,495,卖盘
830,10:11:28,4.97,1151555,2317,卖盘
831,10:11:31,4.97,182409,367,卖盘
832,10:11:34,4.97,1223402,2461,卖盘
833,10:11:37,4.98,793096,1594,买盘
834,10:11:40,4.98,9223912,18522,买盘
835,10:11:43,4.98,619802,1244,卖盘
836,10:11:46,4.98,62748,126,卖盘
837,10:11:49,4.98,10992072,22029,卖盘
838,10:11:52,4.98,276493,555,卖盘
839,10:11:55,4.99,85712,172,买盘
840,10:11:58,4.99,294548,591,买盘
841,10:12:01,4.98,456853,917,卖盘
842,10:12:04,4.99,67281,135,买盘
843,10:12:07,4.98,195032,391,卖盘
844,10:12:10,4.99,5160219,10341,买盘
845,10:12:13,4.99,686138,1374,卖盘
846,10:12:16,4.99,8010868,16056,卖盘
847,10:12:19,4.98,2971707,5967,卖盘
848,10:12:22,4.98,323700,650,卖盘
849,10:12:25,4.98,144436,290,买盘
850,10:12:28,4.98,144858,291,买盘
851,10:12:31,4.98,467323,939,买盘
852,10:12:34,4.98,231793,466,买盘
853,10:12:37,4.98,383306,770,买盘
854,10:12:40,4.98,145866,293,买盘
855,10:12:43,4.97,616351,1239,卖盘
856,10:12:46,4.97,88501,178,卖盘
857,10:12:49,4.97,216028,434,卖盘
858,10:12:52,4.97,472451,950,卖盘
859,10:12:55,4.97,326218,656,卖盘
860,10:12:58,4.97,159742,321,卖盘
861,10:13:01,4.97,332413,668,卖盘
862,10:13:04,4.97,323636,651,卖盘
863,10:13:07,4.97,208756,420,卖盘
864,10:13:10,4.97,40307,81,卖盘
865,10:13:13,4.97,246045,495,卖盘
866,10:13:16,4.97,502511,1011,卖盘
867,10:13:19,4.97,2311570,4651,卖盘
868,10:13:22,4.97,264491,532,卖盘
869,10:13:25,4.98,358871,722,买盘
870,10:13:28,4.97,439055,883,卖盘
871,10:13:31,4.97,163513,329,卖盘
872,10:13:34,4.98,376289,757,买盘
873,10:13:37,4.97,223153,449,卖盘
874,10:13:40,4.98,432645,870,买盘
875,10:13:43,4.97,79104,159,卖盘
876,10:13:46,4.98,1249250,2513,买盘
877,10:13:49,4.98,222767,448,买盘
878,10:13:52,4.98,667961,1343,买盘
879,10:13:55,4.97,145149,292,卖盘
880,10:13:58,4.97,454800,915,卖盘
881,10:14:01,4.98,277027,557,买盘
882,10:14:04,4.98,143235,288,买盘
883,10:14:07,4.97,92046,185,卖盘
884,10:14:10,4.97,303051,609,卖盘
885,10:14:13,4.98,128852,259,买盘
886,10:14:16,4.97,190431,383,卖盘
887,10:14:19,4.97,303693,610,卖盘
888,10:14:22,4.98,222303,447,买盘
889,10:14:25,4.98,104449,210,买盘
890,10:14:28,4.97,300330,604,卖盘
891,10:14:31,4.98,128747,259,买盘
892,10:14:34,4.97,877896,1766,卖盘
893,10:14:37,4.98,591470,1188,买盘
894,10:14:40,4.97,73105,147,卖盘
895,10:14:43,4.97,350382,704,卖盘
896,10:14:46,4.97,150531,303,卖盘
897,10:14:49,4.97,106864,215,卖盘
898,10:14:52,4.98,1104039,2221,买盘
899,10:14:55,4.98,473784,952,买盘
900,10:14:58,4.97,256119,515,卖盘
901,10:15:01,4.98,444593,893,买盘
902,10:15:04,4.98,650651,1307,买盘
903,10:15:07,4.98,545245,1096,买盘
904,10:15:10,4.97,1004138,2018,卖盘
905,10:15:13,4.98,154708,311,买盘
906,10:15:16,4.98,184728,371,买盘
907,10:15:19,4.98,1472349,2957,买盘
908,10:15:22,4.98,250881,504,买盘
909,10:15:25,4.98,241505,485,买盘
910,10:15:28,4.98,247318,497,买盘
911,10:15:31,4.98,177750,357,买盘
912,10:15:34,4.98,1083836,2177,买盘
913,10:15:37,4.98,344565,692,买盘
914,10:15:40,4.98,270322,543,买盘
915,10:15:43,4.98,227472,457,买盘
916,10:15:46,4.98,129978,261,买盘
917,10:15:49,4.97,740558,1488,卖盘
918,10:15:52,4.98,1252409,2517,买盘
919,10:15:55,4.98,547629,1100,买盘
920,10:15:58,4.98,947461,1903,买盘
921,10:16:01,4.98,646379,1298,买盘
922,10:16:04,4.98,524583,1054,买盘
923,10:16:07,4.98,507453,1019,买盘
924,10:16:10,4.98,1238505,2490,买盘
925,10:16:13,4.98,374324,752,买盘
926,10:16:16,4.98,855934,1719,买盘
927,10:16:19,4.98,690613,1387,买盘
928,10:16:22,4.98,2378936,4777,买盘
929,10:16:25,4.99,1508518,3028,买盘
930,10:16:28,4.99,667569,1340,买盘
931,10:16:31,4.99,743805,1493,买盘
932,10:16:34,4.99,194016,389,买盘
933,10:16:37,4.99,282164,566,买盘
934,10:16:40,4.99,156156,313,买盘
935,10:16:43,4.99,182130,365,买盘
936,10:16:46,4.99,177102,355,买盘
937,10:16:49,4.98,222476,446,卖盘
938,10:16:52,4.99,372839,748,买盘
939,10:16:55,4.99,693030,1389,买盘
940,10:16:58,4.98,212533,426,卖盘
941,10:17:01,4.98,313776,629,卖盘
942,10:17:04,4.98,102202,205,卖盘
943,10:17:07,4.99,286372,574,买盘
944,10:17:10,4.99,104219,209,买盘
945,10:17:13,4.98,687113,1378,卖盘
946,10:17:16,4.97,6665995,13385,卖盘
947,10:17:19,4.98,94572,190,买盘
948,10:17:22,4.98,303451,610,买盘
949,10:17:25,4.98,248845,500,买盘
950,10:17:28,4.98,423262,850,买盘
951,10:17:31,4.98,465132,934,买盘
952,10:17:34,4.98,1178378,2368,买盘
953,10:17:37,4.98,89106,179,买盘
954,10:17:40,4.98,402340,808,买盘
955,10:17:43,4.98,253239,509,买盘
956,10:17:46,4.98,339056,681,买盘
957,10:17:49,4.98,425996,856,买盘
958,10:17:52,4.98,147249,296,买盘
959,10:17:55,4.98,135413,272,买盘
960,10:17:58,4.98,1931721,3885,买盘
961,10:18:01,4.98,162765,327,买盘
962,10:18:04,4.98,345559,695,买盘
963,10:18:07,4.98,248712,500,买盘
964,10:18:10,4.98,164223,330,买盘
965,10:18:13,4.97,153307,308,卖盘
966,10:18:16,4.97,598546,1203,卖盘
967,10:18:19,4.97,445342,896,卖盘
968,10:18:22,4.98,250337,503,买盘
969,10:18:25,4.98,610027,1226,买盘
970,10:18:28,4.98,493123,992,买盘
971,10:18:31,4.97,311209,626,卖盘
972,10:18:34,4.97,196066,394,卖盘
973,10:18:37,4.97,243099,489,卖盘
974,10:18:40,4.97,249076,501,卖盘
975,10:18:43,4.97,3357790,6756,卖盘
976,10:18:46,4.98,3910973,7869,买盘
977,10:18:49,4.97,140210,282,卖盘
978,10:18:52,4.98,948279,1907,买盘
979,10:18:55,4.98,331554,667,买盘
980,10:18:58,4.97,315401,634,卖盘
981,10:19:01,4.97,448819,902,卖盘
982,10:19:04,4.97,1623202,3266,卖盘
983,10:19:07,4.96,696529,1402,卖盘
984,10:19:10,4.96,890383,1794,卖盘
985,10:19:13,4.96,454235,915,卖盘
986,10:19:16,4.97,154938,312,买盘
987,10:19:19,4.96,331006,667,卖盘
988,10:19:22,4.97,352912,711,买盘
989,10:19:25,4.96,575542,1160,卖盘
990,10:19:28,4.96,215484,434,卖盘
991,10:19:31,4.96,315456,636,卖盘
992,10:19:34,4.96,1339333,2699,卖盘
993,10:19:37,4.96,331827,669,卖盘
994,10:19:40,4.96,303234,611,卖盘
995,10:19:43,4.96,317040,639,卖盘
996,10:19:46,4.96,1522411,3067,卖盘
997,10:19:49,4.96,730223,1472,卖盘
998,10:19:52,4.97,187099,377,买盘
999,10:19:55,4.96,897850,1810,卖盘
1000,10:19:58,4.97,529065,1066,买盘
1001,10:20:01,4.97,227933,459,买盘
1002,10:20:04,4.96,258560,521,卖盘
1003,10:20:07,4.97,218798,441,买盘
1004,10:20:10,4.96,343759,693,卖盘
1005,10:20:13,4.97,224751,453,买盘
1006,10:20:16,4.96,260935,526,卖盘
1007,10:20:19,4.96,208925,421,卖盘
1008,10:20:22,4.97,5784427,11660,买盘
1009,10:20:25,4.96,473680,955,卖盘
1010,10:20:28,4.97,651894,1314,买盘
1011,10:20:31,4.96,2429739,4896,卖盘
1012,10:20:34,4.96,679154,1369,卖盘
1013,10:20:37,4.96,394372,795,卖盘
1014,10:20:40,4.96,383078,772,卖盘
1015,10:20:43,4.96,279754,564,卖盘
1016,10:20:46,4.96,1328999,2679,卖盘
1017,10:20:49,4.96,732677,1477,卖盘
1018,10:20:52,4.96,1154693,2328,卖盘
1019,10:20:55,4.95,2378796,4796,卖盘
1020,10:20:58,4.95,476857,963,卖盘
1021,10:21:01,4.95,343709,694,卖盘
1022,10:21:04,4.95,772264,1560,卖盘
1023,10:21:07,4.95,992608,2005,卖盘
1024,10:21:10,4.95,450084,909,卖盘
1025,10:21:13,4.96,542065,1095,买盘
1026,10:21:16,4.96,1242679,2507,买盘
1027,10:21:19,4.95,1594890,3220,卖盘
1028,10:21:22,4.95,141757,286,卖盘
1029,10:21:25,4.95,285665,577,卖盘
1030,10:21:28,4.96,643584,1300,买盘
1031,10:21:31,4.95,284409,574,卖盘
1032,10:21:34,4.96,381643,770,买盘
1033,10:21:37,4.95,907998,1834,卖盘
1034,10:21:40,4.96,377397,762,买盘
1035,10:21:43,4.96,152639,308,买盘
1036,10:21:46,4.96,461337,931,买盘
1037,10:21:49,4.95,401354,810,卖盘
1038,10:21:52,4.95,487542,984,卖盘
1039,10:21:55,4.96,644316,1301,买盘
1040,10:21:58,4.96,718102,1450,买盘
1041,10:22:01,4.96,365416,738,买盘
1042,10:22:04,4.96,268963,543,买盘
1043,10:22:07,4.96,245176,495,买盘
1044,10:22:10,4.96,345671,698,买盘
1045,10:22:13,4.96,1296958,2619,买盘
1046,10:22:16,4.96,191269,386,买盘
1047,10:22:19,4.96,68895,139,买盘
1048,10:22:22,4.95,412859,834,卖盘
1049,10:22:25,4.95,176349,356,卖盘
1050,10:22:28,4.95,59413,120,卖盘
1051,10:22:31,4.95,234767,474,卖盘
1052,10:22:34,4.96,760529,1535,买盘
1053,10:22:37,4.95,518387,1046,卖盘
1054,10:22:40,4.95,213018,430,卖盘
1055,10:22:43,4.95,2921077,5901,卖盘
1056,10:22:46,4.95,789030,1594,卖盘
1057,10:22:49,4.95,642761,1298,卖盘
1058,10:22:52,4.95,609472,1231,卖盘
1059,10:22:55,4.95,468282,946,卖盘
1060,10:22:58,4.95,357455,722,卖盘
1061,10:23:01,4.95,1020781,2062,卖盘
1062,10:23:04,4.95,2134230,4305,卖盘
1063,10:23:07,4.95,429773,868,卖盘
1064,10:23:10,4.96,583400,1178,买盘
1065,10:23:13,4.96,598522,1209,买盘
1066,10:23:16,4.96,953618,1923,买盘
1067,10:23:19,4.96,454274,917,买盘
1068,10:23:22,4.95,180405,364,卖盘
1069,10:23:25,4.96,170491,344,买盘
1070,10:23:28,4.96,441441,891,买盘
1071,10:23:31,4.95,408930,826,卖盘
1072,10:23:34,4.95,443144,895,卖盘
1073,10:23:37,4.96,170017,343,买盘
1074,10:23:40,4.96,115370,233,买盘
1075,10:23:43,4.95,246447,497,卖盘
1076,10:23:46,4.96,221940,448,买盘
1077,10:23:49,4.96,113458,229,买盘
1078,10:23:52,4.95,282961,571,卖盘
1079,10:23:55,4.96,358918,724,买盘
1080,10:23:58,4.95,805769,1627,卖盘
1081,10:24:01,4.96,274954,555,买盘
1082,10:24:04,4.96,412515,832,买盘
1083,10:24:07,4.96,373371,754,买盘
1084,10:24:10,4.95,328783,664,卖盘
1085,10:24:13,4.95,262533,530,卖盘
1086,10:24:16,4.96,228885,462,买盘
1087,10:24:19,4.95,220844,446,卖盘
1088,10:24:22,4.95,284712,575,卖盘
1089,10:24:25,4.95,767640,1550,卖盘
1090,10:24:28,4.96,318735,643,买盘
1091,10:24:31,4.95,435651,880,卖盘
1092,10:24:34,4.96,397020,801,买盘
1093,10:24:37,4.95,298641,603,卖盘
1094,10:24:40,4.95,500673,1011,卖盘
1095,10:24:43,4.95,182656,369,卖盘
1096,10:24:46,4.95,277857,561,卖盘
1097,10:24:49,4.95,443699,896,卖盘
1098,10:24:52,4.95,189650,383,卖盘
1099,10:24:55,4.95,585705,1183,卖盘
1100,10:24:58,4.95,340771,688,卖盘
1101,10:25:01,4.95,498494,1007,卖盘
1102,10:25:04,4.95,634845,1281,卖盘
1103,10:25:07,4.95,249054,503,卖盘
1104,10:25:10,4.95,1555375,3142,卖盘
1105,10:25:13,4.95,1039591,2100,卖盘
1106,10:25:16,4.95,1829715,3695,卖盘
1107,10:25:19,4.95,483710,977,卖盘
1108,10:25:22,4.95,1272040,2569,卖盘
1109,10:25:25,4.95,1238953,2503,卖盘
1110,10:25:28,4.95,3166031,6396,卖盘
1111,10:25:31,4.95,2197830,4440,卖盘
1112,10:25:34,4.95,104438,211,买盘
1113,10:25:37,4.95,282451,571,买盘
1114,10:25:40,4.95,379510,767,买盘
1115,10:25:43,4.95,652601,1319,买盘
1116,10:25:46,4.95,582123,1177,买盘
1117,10:25:49,4.95,198837,402,买盘
1118,10:25:52,4.94,476067,963,卖盘
1119,10:25:55,4.94,294543,596,卖盘
1120,10:25:58,4.94,630073,1275,卖盘
1121,10:26:01,4.95,554886,1123,买盘
1122,10:26:04,4.94,310809,629,卖盘
1123,10:26:07,4.94,51884,105,卖盘
1124,10:26:10,4.95,178464,361,买盘
1125,10:26:13,4.94,416949,843,卖盘
1126,10:26:16,4.95,633553,1281,买盘
1127,10:26:19,4.94,178357,361,卖盘
1128,10:26:22,4.94,100443,203,卖盘
1129,10:26:25,4.94,541435,1096,卖盘
1130,10:26:28,4.94,319128,645,卖盘
1131,10:26:31,4.94,321120,650,卖盘
1132,10:26:34,4.94,128942,261,卖盘
1133,10:26:37,4.94,169488,343,卖盘
1134,10:26:40,4.95,288508,584,买盘
1135,10:26:43,4.95,228770,463,买盘
1136,10:26:46,4.94,115678,234,卖盘
1137,10:26:49,4.94,126010,255,卖盘
1138,10:26:52,4.94,425876,862,卖盘
1139,10:26:55,4.94,824981,1670,卖盘
1140,10:26:58,4.95,618546,1252,买盘
1141,10:27:01,4.94,134872,273,卖盘
1142,10:27:04,4.94,407119,824,卖盘
1143,10:27:07,4.94,1157452,2343,卖盘
1144,10:27:10,4.94,183287,371,卖盘
1145,10:27:13,4.94,174896,354,卖盘
1146,10:27:16,4.94,1124799,2276,卖盘
1147,10:27:19,4.95,898142,1817,买盘
1148,10:27:22,4.94,376985,763,卖盘
1149,10:27:25,4.94,316914,641,卖盘
1150,10:27:28,4.94,816819,1652,卖盘
1151,10:27:31,4.94,300509,608,卖盘
1152,10:27:34,4.95,324882,657,买盘
1153,10:27:37,4.95,242800,491,买盘
1154,10:27:40,4.95,266987,540,买盘
1155,10:27:43,4.94,336471,681,卖盘
1156,10:27:46,4.94,549408,1112,卖盘
1157,10:27:49,4.94,779858,1578,卖盘
1158,10:27:52,4.95,249988,506,买盘
1159,10:27:55,4.94,611624,1238,卖盘
1160,10:27:58,4.94,184289,373,卖盘
1161,10:28:01,4.94,174900,354,卖盘
1162,10:28:04,4.94,838338,1695,卖盘
1163,10:28:07,4.94,137840,279,卖盘
1164,10:28:10,4.94,392484,794,卖盘
1165,10:28:13,4.94,168467,341,卖盘
1166,10:28:16,4.95,376040,761,买盘
1167,10:28:19,4.94,98368,199,卖盘
1168,10:28:22,4.94,219838,445,卖盘
1169,10:28:25,4.94,334488,677,卖盘
1170,10:28:28,4.94,610109,1235,卖盘
1171,10:28:31,4.94,349260,707,卖盘
1172,10:28:34,4.94,241211,488,卖盘
1173,10:28:37,4.94,237125,480,卖盘
1174,10:28:40,4.94,317671,643,卖盘
1175,10:28:43,4.94,750963,1520,卖盘
1176,10:28:46,4.94,328066,664,卖盘
1177,10:28:49,4.94,224789,455,卖盘
1178,10:28:52,4.94,204521,414,卖盘
1179,10:28:55,4.94,283080,573,卖盘
1180,10:28:58,4.95,222811,451,买盘
1181,10:29:01,4.94,826078,1672,卖盘
1182,10:29:04,4.94,164996,334,卖盘
1183,10:29:07,4.94,919426,1861,卖盘
1184,10:29:10,4.94,633803,1283,卖盘
1185,10:29:13,4.94,480047,971,卖盘
1186,10:29:16,4.94,445599,902,卖盘
1187,10:29:19,4.95,494001,1000,买盘
1188,10:29:22,4.94,551361,1116,卖盘
1189,10:29:25,4.94,572088,1157,卖盘
1190,10:29:28,4.94,181328,367,卖盘
1191,10:29:31,4.94,370144,749,卖盘
1192,10:29:34,4.94,2776951,5621,卖盘
1193,10:29:37,4.94,650598,1317,卖盘
1194,10:29:40,4.94,1459279,2954,卖盘
1195,10:29:43,4.94,510813,1034,卖盘
1196,10:29:46,4.94,1361000,2755,卖盘
1197,10:29:49,4.94,489952,993,买盘
1198,10:29:52,4.94,818316,1657,买盘
1199,10:29:55,4.93,367969,745,卖盘
1200,10:29:58,4.93,379052,768,卖盘
1201,10:30:01,4.94,58711,119,买盘
1202,10:30:04,4.93,234517,475,卖盘
1203,10:30:07,4.94,274097,555,买盘
1204,10:30:10,4.93,503237,1019,卖盘
1205,10:30:13,4.93,3182772,6448,卖盘
1206,10:30:16,4.94,919744,1862,买盘
1207,10:30:19,4.94,1363012,2759,卖盘
1208,10:30:22,4.94,767182,1553,卖盘
1209,10:30:25,4.94,644706,1305,卖盘
1210,10:30:28,4.94,781045,1581,卖盘
1211,10:30:31,4.94,625948,1267,卖盘
1212,10:30:34,4.94,816159,1651,卖盘
1213,10:30:37,4.94,271262,549,卖盘
1214,10:30:40,4.94,1579342,3197,卖盘
1215,10:30:43,4.95,340613,689,买盘
1216,10:30:46,4.95,342033,692,买盘
1217,10:30:49,4.94,312658,632,卖盘
1218,10:30:52,4.94,427553,865,卖盘
1219,10:30:55,4.94,461710,934,卖盘
1220,10:30:58,4.95,149474,302,买盘
1221,10:31:01,4.94,216986,439,卖盘
1222,10:31:04,4.95,920200,1860,买盘
1223,10:31:07,4.95,543433,1098,买盘
1224,10:31:10,4.95,853703,1727,买盘
1225,10:31:13,4.95,202253,409,买盘
1226,10:31:16,4.94,414707,838,卖盘
1227,10:31:19,4.94,191209,387,卖盘
1228,10:31:22,4.95,381354,771,买盘
1229,10:31:25,4.95,75704,153,买盘
1230,10:31:28,4.95,375062,758,买盘
1231,10:31:31,4.95,162203,328,买盘
1232,10:31:34,4.95,210619,426,买盘
1233,10:31:37,4.95,329855,667,买盘
1234,10:31:40,4.94,327710,663,卖盘
1235,10:31:43,4.95,601351,1216,买盘
1236,10:31:46,4.95,110689,224,买盘
1237,10:31:49,4.95,32669,66,买盘
1238,10:31:52,4.95,113822,230,买盘
1239,10:31:55,4.95,95480,193,买盘
1240,10:31:58,4.95,226988,459,买盘
1241,10:32:01,4.95,34620,70,买盘
1242,10:32:04,4.95,597129,1208,买盘
1243,10:32:07,4.95,234047,473,买盘
1244,10:32:10,4.95,214751,434,买盘
1245,10:32:13,4.94,108721,220,卖盘
1246,10:32:16,4.94,351781,711,卖盘
1247,10:32:19,4.94,172579,349,卖盘
1248,10:32:22,4.94,245302,496,卖盘
1249,10:32:25,4.94,382450,774,卖盘
1250,10:32:28,4.94,145779,295,卖盘
1251,10:32:31,4.94,593821,1202,卖盘
1252,10:32:34,4.94,411604,833,卖盘
1253,10:32:37,4.94,511795,1036,卖盘
1254,10:32:40,4.94,135064,273,卖盘
1255,10:32:43,4.94,939820,1902,卖盘
1256,10:32:46,4.94,504407,1021,卖盘
1257,10:32:49,4.94,40563,82,卖盘
1258,10:32:52,4.94,641751,1299,卖盘
1259,10:32:55,4.94,395463,800,卖盘
1260,10:32:58,4.94,1395757,2825,卖盘
1261,10:33:01,4.94,144742,293,卖盘
1262,10:33:04,4.94,301514,610,卖盘
1263,10:33:07,4.94,616521,1248,卖盘
1264,10:33:10,4.94,76573,155,卖盘
1265,10:33:13,4.94,83982,170,卖盘
1266,10:33:16,4.94,252434,511,卖盘
1267,10:33:19,4.94,1069144,2164,卖盘
1268,10:33:22,4.94,351249,710,卖盘
1269,10:33:25,4.94,92896,188,卖盘
1270,10:33:28,4.94,170452,345,卖盘
1271,10:33:31,4.94,112154,227,卖盘
1272,10:33:34,4.95,288706,584,买盘
1273,10:33:37,4.94,58798,119,卖盘
1274,10:33:40,4.94,99820,202,卖盘
1275,10:33:43,4.95,170128,344,买盘
1276,10:33:46,4.95,197263,399,买盘
1277,10:33:49,4.95,84117,170,买盘
1278,10:33:52,4.95,157853,319,买盘
1279,10:33:55,4.94,46474,94,卖盘
1280,10:33:58,4.94,110280,223,卖盘
1281,10:34:01,4.94,79127,160,卖盘
1282,10:34:04,4.94,824173,1666,卖盘
1283,10:34:07,4.94,150278,304,卖盘
1284,10:34:10,4.94,228241,462,卖盘
1285,10:34:13,4.95,145974,295,买盘
1286,10:34:16,4.94,126983,257,卖盘
1287,10:34:19,4.95,292017,591,买盘
1288,10:34:22,4.94,116754,236,卖盘
1289,10:34:25,4.94,112253,227,卖盘
1290,10:34:28,4.94,48933,99,卖盘
1291,10:34:31,4.95,246509,499,买盘
1292,10:34:34,4.95,41516,84,买盘
1293,10:34:37,4.95,220095,445,买盘
1294,10:34:40,4.94,311255,630,卖盘
1295,10:34:43,4.94,50892,103,卖盘
1296,10:34:46,4.95,258390,522,买盘
1297,10:34:49,4.94,169585,343,卖盘
1298,10:34:52,4.95,192851,390,买盘
1299,10:34:55,4.95,177695,359,买盘
1300,10:34:58,4.95,909800,1838,买盘
1301,10:35:01,4.95,175174,354,买盘
1302,10:35:04,4.95,287045,580,买盘
1303,10:35:07,4.95,71663,145,买盘
1304,10:35:10,4.95,163305,330,买盘
1305,10:35:13,4.95,170637,345,买盘
1306,10:35:16,4.95,185574,375,买盘
1307,10:35:19,4.95,109368,221,买盘
1308,10:35:22,4.95,582406,1177,买盘
1309,10:35:25,4.95,201343,407,买盘
1310,10:35:28,4.95,606832,1226,买盘
1311,10:35:31,4.94,842364,1703,卖盘
1312,10:35:34,4.95,314560,636,买盘
1313,10:35:37,4.94,157875,319,卖盘
1314,10:35:40,4.95,274060,554,买盘
1315,10:35:43,4.94,923836,1868,卖盘
1316,10:35:46,4.95,7372960,14894,买盘
1317,10:35:49,4.95,901973,1819,卖盘
1318,10:35:52,4.95,828425,1671,卖盘
1319,10:35:55,4.95,305767,617,卖盘
1320,10:35:58,4.96,354935,716,买盘
1321,10:36:01,4.96,401255,810,买盘
1322,10:36:04,4.96,226538,457,买盘
1323,10:36:07,4.95,230056,464,卖盘
1324,10:36:10,4.95,522869,1055,卖盘
1325,10:36:13,4.95,120500,243,卖盘
1326,10:36:16,4.96,224630,453,买盘
1327,10:36:19,4.96,86203,174,买盘
1328,10:36:22,4.95,204562,413,卖盘
1329,10:36:25,4.96,94736,191,买盘
1330,10:36:28,4.96,131268,265,买盘
1331,10:36:31,4.96,151252,305,买盘
1332,10:36:34,4.96,82817,167,买盘
1333,10:36:37,4.96,239955,484,买盘
1334,10:36:40,4.95,259755,524,卖盘
1335,10:36:43,4.96,1193817,2410,买盘
1336,10:36:46,4.96,267561,540,买盘
1337,10:36:49,4.96,207796,419,买盘
1338,10:36:52,4.96,286678,578,买盘
1339,10:36:55,4.96,176563,356,买盘
1340,10:36:58,4.96,97165,196,买盘
1341,10:37:01,4.95,60444,122,卖盘
1342,10:37:04,4.96,982546,1982,买盘
1343,10:37:07,4.96,170525,344,买盘
1344,10:37:10,4.96,115498,233,买盘
1345,10:37:13,4.96,3801840,7665,买盘
1346,10:37:16,4.96,216065,435,卖盘
1347,10:37:19,4.97,321782,648,买盘
1348,10:37:22,4.96,207434,418,卖盘
1349,10:37:25,4.97,665935,1340,买盘
1350,10:37:28,4.96,145601,293,卖盘
1351,10:37:31,4.97,366289,737,买盘
1352,10:37:34,4.97,579908,1168,买盘
1353,10:37:37,4.97,186834,376,买盘
1354,10:37:40,4.97,322017,648,买盘
1355,10:37:43,4.97,142639,287,买盘
1356,10:37:46,4.97,26819,54,买盘
1357,10:37:49,4.97,59640,120,买盘
1358,10:37:52,4.97,62622,126,买盘
1359,10:37:55,4.97,147095,296,买盘
1360,10:37:58,4.97,166964,336,买盘
1361,10:38:01,4.97,482487,971,买盘
1362,10:38:04,4.97,664389,1337,买盘
1363,10:38:07,4.97,162986,328,买盘
1364,10:38:10,4.96,877470,1769,卖盘
1365,10:38:13,4.97,628208,1264,买盘
1366,10:38:16,4.97,142597,287,买盘
1367,10:38:19,4.96,305980,616,卖盘
1368,10:38:22,4.97,229999,463,买盘
1369,10:38:25,4.97,404558,815,买盘
1370,10:38:28,4.97,224633,452,买盘
1371,10:38:31,4.97,69516,140,买盘
1372,10:38:34,4.97,472024,951,买盘
1373,10:38:37,4.97,272209,548,买盘
1374,10:38:40,4.97,1463579,2945,买盘
1375,10:38:43,4.97,1120391,2256,买盘
1376,10:38:46,4.97,683351,1375,买盘
1377,10:38:49,4.97,107991,217,中性盘
1378,10:38:52,4.97,127303,256,卖盘
1379,10:38:55,4.98,308138,619,买盘
1380,10:38:58,4.97,198360,399,卖盘
1381,10:39:01,4.98,315313,634,买盘
1382,10:39:04,4.98,185574,373,买盘
1383,10:39:07,4.98,308644,620,买盘
1384,10:39:10,4.98,523324,1051,买盘
1385,10:39:13,4.98,399313,802,买盘
1386,10:39:16,4.98,392344,788,买盘
1387,10:39:19,4.98,238021,478,买盘
1388,10:39:22,4.98,142413,286,买盘
1389,10:39:25,4.98,414722,833,买盘
1390,10:39:28,4.98,299776,602,买盘
1391,10:39:31,4.97,546331,1098,卖盘
1392,10:39:34,4.98,220604,443,买盘
1393,10:39:37,4.98,158752,319,买盘
1394,10:39:40,4.98,563801,1134,买盘
1395,10:39:43,4.98,945203,1898,买盘
1396,10:39:46,4.98,462318,929,买盘
1397,10:39:49,4.97,131934,265,卖盘
1398,10:39:52,4.98,158355,318,买盘
1399,10:39:55,4.98,346598,696,买盘
1400,10:39:58,4.97,450688,905,卖盘
1401,10:40:01,4.97,221300,445,卖盘
1402,10:40:04,4.97,224514,451,卖盘
1403,10:40:07,4.97,237256,477,卖盘
1404,10:40:10,4.97,620465,1246,卖盘
1405,10:40:13,4.98,188462,379,买盘
1406,10:40:16,4.98,99464,200,买盘
1407,10:40:19,4.98,60730,122,买盘
1408,10:40:22,4.98,305954,615,买盘
1409,10:40:25,4.97,231898,466,卖盘
1410,10:40:28,4.97,751300,1509,卖盘
1411,10:40:31,4.98,166715,335,买盘
1412,10:40:34,4.97,1106541,2224,卖盘
1413,10:40:37,4.97,320739,645,卖盘
1414,10:40:40,4.98,541850,1090,买盘
1415,10:40:43,4.97,197566,397,卖盘
1416,10:40:46,4.98,446635,898,买盘
1417,10:40:49,4.97,345985,696,卖盘
1418,10:40:52,4.97,294329,592,卖盘
1419,10:40:55,4.97,307448,618,卖盘
1420,10:40:58,4.97,1180490,2375,卖盘
1421,10:41:01,4.98,215238,433,买盘
1422,10:41:04,4.98,80146,161,买盘
1423,10:41:07,4.97,364809,734,卖盘
1424,10:41:10,4.97,644136,1296,卖盘
1425,10:41:13,4.98,213850,430,买盘
1426,10:41:16,4.98,264601,532,买盘
1427,10:41:19,4.98,113977,229,买盘
1428,10:41:22,4.98,193219,388,买盘
1429,10:41:25,4.98,262167,527,买盘
1430,10:41:28,4.98,98443,198,买盘
1431,10:41:31,4.97,237926,478,卖盘
1432,10:41:34,4.97,200668,403,卖盘
1433,10:41:37,4.98,162313,326,买盘
1434,10:41:40,4.98,191449,385,买盘
1435,10:41:43,4.97,394195,793,卖盘
1436,10:41:46,4.97,35312,71,卖盘
1437,10:41:49,4.98,240305,483,买盘
1438,10:41:52,4.97,13942,28,卖盘
1439,10:41:55,4.97,164779,331,卖盘
1440,10:41:58,4.98,247670,498,买盘
1441,10:42:01,4.98,574057,1155,买盘
1442,10:42:04,4.98,962757,1936,买盘
1443,10:42:07,4.98,450885,907,买盘
1444,10:42:10,4.97,1650113,3320,卖盘
1445,10:42:13,4.98,422153,849,买盘
1446,10:42:16,4.98,150282,302,买盘
1447,10:42:19,4.97,180917,364,卖盘
1448,10:42:22,4.98,258961,521,买盘
1449,10:42:25,4.97,213273,429,卖盘
1450,10:42:28,4.97,203814,410,卖盘
1451,10:42:31,4.97,78572,158,卖盘
1452,10:42:34,4.97,638163,1284,卖盘
1453,10:42:37,4.97,64189,129,卖盘
1454,10:42:40,4.97,1363309,2743,卖盘
1455,10:42:43,4.97,644726,1297,卖盘
1456,10:42:46,4.97,41700,84,买盘
1457,10:42:49,4.97,122588,247,买盘
1458,10:42:52,4.97,142427,287,买盘
1459,10:42:55,4.97,86927,175,买盘
1460,10:42:58,4.96,146850,296,卖盘
1461,10:43:01,4.96,81369,164,卖盘
1462,10:43:04,4.97,191532,386,买盘
1463,10:43:07,4.96,284238,573,卖盘
1464,10:43:10,4.97,114771,231,买盘
1465,10:43:13,4.96,122110,246,卖盘
1466,10:43:16,4.97,74999,151,买盘
1467,10:43:19,4.97,98830,199,买盘
1468,10:43:22,4.97,916961,1846,买盘
1469,10:43:25,4.97,436303,878,买盘
1470,10:43:28,4.97,253997,512,买盘
1471,10:43:31,4.97,103236,208,买盘
1472,10:43:34,4.97,570012,1147,买盘
1473,10:43:37,4.97,1825878,3674,买盘
1474,10:43:40,4.97,737051,1483,卖盘
1475,10:43:43,4.97,145187,292,卖盘
1476,10:43:46,4.98,73091,147,买盘
1477,10:43:49,4.98,53253,107,买盘
1478,10:43:52,4.98,261295,525,买盘
1479,10:43:55,4.97,529701,1064,卖盘
1480,10:43:58,4.98,437578,879,买盘
1481,10:44:01,4.97,765828,1538,卖盘
1482,10:44:04,4.97,1739826,3494,卖盘
1483,10:44:07,4.98,4373954,8798,买盘
1484,10:44:10,4.97,397449,799,卖盘
1485,10:44:13,4.98,297403,598,买盘
1486,10:44:16,4.98,231351,465,买盘
1487,10:44:19,4.97,194890,392,卖盘
1488,10:44:22,4.98,266386,535,买盘
1489,10:44:25,4.98,7947099,15958,买盘
1490,10:44:28,4.98,502463,1008,卖盘
1491,10:44:31,4.99,1070535,2149,买盘
1492,10:44:34,4.98,255112,512,卖盘
1493,10:44:37,4.98,197531,396,卖盘
1494,10:44:40,4.98,298917,600,卖盘
1495,10:44:43,4.99,730161,1464,买盘
1496,10:44:46,4.98,798027,1602,卖盘
1497,10:44:49,4.98,241946,486,买盘
1498,10:44:52,4.98,407693,819,买盘
1499,10:44:55,4.97,42813,86,卖盘
1500,10:44:58,4.98,158346,318,买盘
1501,10:45:01,4.98,414116,832,买盘
1502,10:45:04,4.97,247315,497,卖盘
1503,10:45:07,4.97,72200,145,卖盘
1504,10:45:10,4.98,188538,379,买盘
1505,10:45:13,4.98,142757,287,买盘
1506,10:45:16,4.98,132426,266,买盘
1507,10:45:19,4.97,598489,1204,卖盘
1508,10:45:22,4.98,288322,579,买盘
1509,10:45:25,4.98,111412,224,买盘
1510,10:45:28,4.98,128468,258,买盘
1511,10:45:31,4.98,166222,334,买盘
1512,10:45:34,4.98,325612,654,买盘
1513,10:45:37,4.98,448627,901,买盘
1514,10:45:40,4.98,1164757,2339,买盘
1515,10:45:43,4.98,771693,1551,买盘
1516,10:45:46,4.98,1100075,2209,买盘
1517,10:45:49,4.99,1024927,2057,买盘
1518,10:45:52,4.98,343640,690,卖盘
1519,10:45:55,4.98,273907,549,卖盘
1520,10:45:58,4.99,95139,191,买盘
1521,10:46:01,4.98,904931,1814,卖盘
1522,10:46:04,4.99,848880,1703,买盘
1523,10:46:07,4.99,19783927,39647,买盘
1524,10:46:10,5.0,140337,281,买盘
1525,10:46:13,4.99,298462,598,卖盘
1526,10:46:16,5.0,29425975,58852,买盘
1527,10:46:19,4.99,587854,1176,卖盘
1528,10:46:22,5.01,15713400,31427,买盘
1529,10:46:25,5.01,181226,362,买盘
1530,10:46:28,5.01,449206,897,买盘
1531,10:46:31,5.01,1249184,2496,买盘
1532,10:46:34,5.01,917186,1832,买盘
1533,10:46:37,5.0,2571180,5134,卖盘
1534,10:46:40,5.0,6514886,13027,卖盘
1535,10:46:43,5.0,709540,1419,卖盘
1536,10:46:46,5.0,373737,748,买盘
1537,10:46:49,5.0,477786,956,买盘
1538,10:46:52,4.99,634366,1269,卖盘
1539,10:46:55,5.0,248401,497,买盘
1540,10:46:58,5.0,1065849,2132,买盘
1541,10:47:01,4.99,366143,733,卖盘
1542,10:47:04,5.0,563109,1128,买盘
1543,10:47:07,5.0,345263,691,买盘
1544,10:47:10,4.99,431324,863,卖盘
1545,10:47:13,5.0,141796,284,买盘
1546,10:47:16,5.0,132436,265,买盘
1547,10:47:19,4.99,341014,683,卖盘
1548,10:47:22,4.99,2443352,4887,卖盘
1549,10:47:25,4.99,422376,846,卖盘
1550,10:47:28,5.0,481573,964,买盘
1551,10:47:31,5.0,251756,504,买盘
1552,10:47:34,5.0,390457,781,买盘
1553,10:47:37,4.99,639183,1279,卖盘
1554,10:47:40,4.99,326331,653,卖盘
1555,10:47:43,5.0,265295,531,买盘
1556,10:47:46,4.99,284155,569,卖盘
1557,10:47:49,5.0,340124,681,买盘
1558,10:47:52,4.99,212685,426,卖盘
1559,10:47:55,5.0,289644,580,买盘
1560,10:47:58,4.99,343117,687,卖盘
1561,10:48:01,5.0,118922,238,买盘
1562,10:48:04,4.99,269124,539,卖盘
1563,10:48:07,5.0,221095,443,买盘
1564,10:48:10,4.99,291501,584,卖盘
1565,10:48:13,5.0,173719,348,买盘
1566,10:48:16,4.99,292742,586,卖盘
1567,10:48:19,4.99,426796,854,卖盘
1568,10:48:22,4.99,658720,1320,卖盘
1569,10:48:25,4.99,290037,581,卖盘
1570,10:48:28,4.99,614829,1232,卖盘
1571,10:48:31,4.99,209089,419,卖盘
1572,10:48:34,4.99,799124,1599,卖盘
1573,10:48:37,5.0,325454,652,买盘
1574,10:48:40,5.0,760555,1524,买盘
1575,10:48:43,4.99,427300,856,卖盘
1576,10:48:46,4.99,345476,692,卖盘
1577,10:48:49,4.99,402761,807,卖盘
1578,10:48:52,4.99,1730706,3468,卖盘
1579,10:48:55,4.99,749941,1503,卖盘
1580,10:48:58,4.99,326840,655,买盘
1581,10:49:01,4.99,114711,230,买盘
1582,10:49:04,4.99,338711,679,买盘
1583,10:49:07,4.99,983010,1970,买盘
1584,10:49:10,4.98,100674,202,卖盘
1585,10:49:13,4.99,503436,1010,买盘
1586,10:49:16,4.99,336305,674,买盘
1587,10:49:19,4.99,297841,597,买盘
1588,10:49:22,4.98,85785,172,卖盘
1589,10:49:25,4.98,181518,364,卖盘
1590,10:49:28,4.99,348227,698,买盘
1591,10:49:31,4.98,148084,297,卖盘
1592,10:49:34,4.99,772570,1549,买盘
1593,10:49:37,4.99,114697,230,买盘
1594,10:49:40,4.99,199781,401,买盘
1595,10:49:43,4.99,51365,103,买盘
1596,10:49:46,4.99,1729475,3466,买盘
1597,10:49:49,4.99,201007,403,买盘
1598,10:49:52,4.99,887088,1778,买盘
1599,10:49:55,4.99,474042,950,买盘
1600,10:49:58,4.98,2725240,5463,卖盘
1601,10:50:01,4.99,3306725,6629,买盘
1602,10:50:04,4.99,1822196,3653,买盘
1603,10:50:07,4.99,1538392,3084,买盘
1604,10:50:10,4.99,589982,1181,卖盘
1605,10:50:13,5.0,499962,1001,买盘
1606,10:50:16,5.0,213410,427,买盘
1607,10:50:19,5.0,322132,645,买盘
1608,10:50:22,5.0,357211,715,买盘
1609,10:50:25,5.0,314468,629,买盘
1610,10:50:28,5.0,129426,259,买盘
1611,10:50:31,5.0,354342,709,买盘
1612,10:50:34,5.0,381990,764,买盘
1613,10:50:37,5.0,348878,698,买盘
1614,10:50:40,5.0,753975,1508,买盘
1615,10:50:43,4.99,777303,1555,卖盘
1616,10:50:46,5.0,125984,252,买盘
1617,10:50:49,5.0,208359,417,买盘
1618,10:50:52,5.0,553836,1108,买盘
1619,10:50:55,5.0,914883,1832,买盘
1620,10:50:58,5.0,441056,883,买盘
1621,10:51:01,4.99,904908,1813,卖盘
1622,10:51:04,4.99,526624,1054,卖盘
1623,10:51:07,5.0,386197,773,买盘
1624,10:51:10,5.0,935778,1872,买盘
1625,10:51:13,5.0,371960,744,买盘
1626,10:51:16,4.99,898035,1797,卖盘
1627,10:51:19,5.0,176990,354,买盘
1628,10:51:22,5.0,1412438,2826,买盘
1629,10:51:25,5.0,203748,408,买盘
1630,10:51:28,5.0,282737,566,买盘
1631,10:51:31,4.99,289910,580,卖盘
1632,10:51:34,4.99,246723,494,卖盘
1633,10:51:37,5.0,1800341,3601,买盘
1634,10:51:40,4.99,165928,332,卖盘
1635,10:51:43,4.99,191665,384,卖盘
1636,10:51:46,5.0,359795,721,买盘
1637,10:51:49,5.0,375935,752,买盘
1638,10:51:52,5.0,419494,840,买盘
1639,10:51:55,4.99,553318,1108,卖盘
1640,10:51:58,4.99,292010,585,卖盘
1641,10:52:01,5.0,235309,471,买盘
1642,10:52:04,4.99,105841,212,卖盘
1643,10:52:07,5.0,316133,633,买盘
1644,10:52:10,4.99,321627,644,卖盘
1645,10:52:13,4.99,580025,1162,卖盘
1646,10:52:16,4.99,134846,270,卖盘
1647,10:52:19,4.99,62973,126,卖盘
1648,10:52:22,4.99,217759,436,卖盘
1649,10:52:25,5.0,181783,364,买盘
1650,10:52:28,4.99,398167,797,卖盘
1651,10:52:31,4.99,450241,901,卖盘
1652,10:52:34,4.99,801678,1606,卖盘
1653,10:52:37,4.99,122826,246,卖盘
1654,10:52:40,4.99,208712,418,卖盘
1655,10:52:43,4.99,570208,1142,卖盘
1656,10:52:46,4.99,1262564,2526,卖盘
1657,10:52:49,4.99,316101,633,卖盘
1658,10:52:52,5.0,160214,321,买盘
1659,10:52:55,4.99,84865,170,卖盘
1660,10:52:58,4.99,391752,785,卖盘
1661,10:53:01,4.99,436859,875,卖盘
1662,10:53:04,4.99,945631,1895,卖盘
1663,10:53:07,4.99,504076,1010,卖盘
1664,10:53:10,5.0,123303,247,买盘
1665,10:53:13,5.0,428667,859,买盘
1666,10:53:16,4.99,193203,387,卖盘
1667,10:53:19,5.0,232070,465,买盘
1668,10:53:22,5.0,252278,505,买盘
1669,10:53:25,4.99,243665,488,卖盘
1670,10:53:28,4.99,186197,373,卖盘
1671,10:53:31,5.0,253770,508,买盘
1672,10:53:34,4.99,207302,415,卖盘
1673,10:53:37,5.0,392028,785,买盘
1674,10:53:40,4.99,108967,218,卖盘
1675,10:53:43,4.99,201696,404,卖盘
1676,10:53:46,4.99,1153648,2310,卖盘
1677,10:53:49,4.99,285318,571,卖盘
1678,10:53:52,4.99,868050,1737,卖盘
1679,10:53:55,4.99,255510,512,卖盘
1680,10:53:58,4.99,325337,651,卖盘
1681,10:54:01,5.0,305609,612,买盘
1682,10:54:04,4.99,190653,382,卖盘
1683,10:54:07,4.99,346975,695,卖盘
1684,10:54:10,4.99,540535,1083,卖盘
1685,10:54:13,4.99,149702,300,卖盘
1686,10:54:16,4.99,265586,532,卖盘
1687,10:54:19,4.99,187771,376,卖盘
1688,10:54:22,4.99,396830,795,卖盘
1689,10:54:25,4.99,482040,966,卖盘
1690,10:54:28,5.0,241172,483,买盘
1691,10:54:31,4.99,310369,621,卖盘
1692,10:54:34,5.0,121905,244,买盘
1693,10:54:37,5.0,1097815,2200,买盘
1694,10:54:40,4.99,630000,1262,卖盘
1695,10:54:43,4.99,531510,1064,卖盘
1696,10:54:46,4.99,387942,777,卖盘
1697,10:54:49,4.99,2202587,4414,卖盘
1698,10:54:52,4.99,3854077,7723,卖盘
1699,10:54:55,4.99,644020,1293,买盘
1700,10:54:58,4.99,117699,236,买盘
1701,10:55:01,4.98,544025,1092,卖盘
1702,10:55:04,4.98,215315,432,卖盘
1703,10:55:07,4.98,401496,806,卖盘
1704,10:55:10,4.98,136452,274,卖盘
1705,10:55:13,4.98,640836,1285,卖盘
1706,10:55:16,4.98,221665,445,卖盘
1707,10:55:19,4.98,318264,639,卖盘
1708,10:55:22,4.98,673911,1353,卖盘
1709,10:55:25,4.98,275618,553,卖盘
1710,10:55:28,4.99,697330,1400,买盘
1711,10:55:31,4.99,555345,1115,买盘
1712,10:55:34,4.99,101721,204,买盘
1713,10:55:37,4.98,622048,1249,卖盘
1714,10:55:40,4.99,174469,350,买盘
1715,10:55:43,4.98,51294,103,卖盘
1716,10:55:46,4.98,482692,968,卖盘
1717,10:55:49,4.98,521658,1047,卖盘
1718,10:55:52,4.98,114561,230,卖盘
1719,10:55:55,4.99,397904,799,买盘
1720,10:55:58,4.98,644012,1293,卖盘
1721,10:56:01,4.98,228919,459,卖盘
1722,10:56:04,4.98,375782,754,卖盘
1723,10:56:07,4.99,430617,864,买盘
1724,10:56:10,4.98,557790,1120,卖盘
1725,10:56:13,4.99,538730,1080,买盘
1726,10:56:16,4.99,11463,23,买盘
1727,10:56:19,4.99,299384,601,买盘
1728,10:56:22,4.98,436371,875,卖盘
1729,10:56:25,4.98,597667,1199,卖盘
1730,10:56:28,4.98,172047,345,卖盘
1731,10:56:31,4.98,332246,667,卖盘
1732,10:56:34,4.98,225296,452,卖盘
1733,10:56:37,4.98,75221,151,卖盘
1734,10:56:40,4.98,227271,456,卖盘
1735,10:56:43,4.98,361664,726,卖盘
1736,10:56:46,4.98,220245,442,卖盘
1737,10:56:49,4.99,615745,1236,买盘
1738,10:56:52,4.98,189042,379,卖盘
1739,10:56:55,4.98,118524,238,卖盘
1740,10:56:58,4.98,343008,688,卖盘
1741,10:57:01,4.99,418083,838,买盘
1742,10:57:04,4.98,94624,190,卖盘
1743,10:57:07,4.98,125629,252,卖盘
1744,10:57:10,4.98,165960,333,卖盘
1745,10:57:13,4.99,126034,253,买盘
1746,10:57:16,4.98,53371,107,卖盘
1747,10:57:19,4.98,97125,195,卖盘
1748,10:57:22,4.98,147016,295,卖盘
1749,10:57:25,4.98,182977,367,卖盘
1750,10:57:28,4.98,93128,187,卖盘
1751,10:57:31,4.98,78296,157,卖盘
1752,10:57:34,4.98,116532,234,卖盘
1753,10:57:37,4.98,164902,331,卖盘
1754,10:57:40,4.98,120581,242,卖盘
1755,10:57:43,4.98,215406,432,卖盘
1756,10:57:46,4.99,352591,708,买盘
1757,10:57:49,4.99,869592,1746,买盘
1758,10:57:52,4.99,113067,227,买盘
1759,10:57:55,4.99,316921,636,买盘
1760,10:57:58,4.98,127586,256,卖盘
1761,10:58:01,4.98,129005,259,卖盘
1762,10:58:04,4.99,254159,510,买盘
1763,10:58:07,4.98,159003,319,卖盘
1764,10:58:10,4.98,565312,1135,卖盘
1765,10:58:13,4.98,48840,98,卖盘
1766,10:58:16,4.98,202215,406,卖盘
1767,10:58:19,4.98,289376,580,卖盘
1768,10:58:22,4.98,157398,316,卖盘
1769,10:58:25,4.98,166433,334,卖盘
1770,10:58:28,4.99,128990,259,买盘
1771,10:58:31,4.98,366030,735,卖盘
1772,10:58:34,4.99,331631,665,买盘
1773,10:58:37,4.99,160388,322,买盘
1774,10:58:40,4.99,49387,99,买盘
1775,10:58:43,4.98,141140,283,卖盘
1776,10:58:46,4.99,207968,417,买盘
1777,10:58:49,4.99,16466,33,买盘
1778,10:58:52,4.99,184013,369,买盘
1779,10:58:55,4.98,199300,400,卖盘
1780,10:58:58,4.99,51896,104,买盘
1781,10:59:01,4.98,160491,322,卖盘
1782,10:59:04,4.99,655500,1316,买盘
1783,10:59:07,4.99,143179,287,买盘
1784,10:59:10,4.99,141177,283,买盘
1785,10:59:13,4.98,57279,115,卖盘
1786,10:59:16,4.99,126494,254,买盘
1787,10:59:19,4.99,136626,274,买盘
1788,10:59:22,4.98,211294,424,卖盘
1789,10:59:25,4.98,198736,399,卖盘
1790,10:59:28,4.98,271405,544,卖盘
1791,10:59:31,4.98,43369,87,卖盘
1792,10:59:34,4.99,247319,496,买盘
1793,10:59:37,4.98,155554,312,卖盘
1794,10:59:40,4.99,119261,239,买盘
1795,10:59:43,4.98,87669,176,卖盘
1796,10:59:46,4.98,631138,1267,卖盘
1797,10:59:49,4.99,210034,421,买盘
1798,10:59:52,4.98,143586,288,卖盘
1799,10:59:55,4.99,543810,1090,买盘
1800,10:59:58,4.98,59856,120,卖盘
1801,11:00:01,4.98,639926,1283,卖盘
1802,11:00:04,4.99,278362,558,买盘
1803,11:00:07,4.99,3132798,6279,买盘
1804,11:00:10,4.99,4743414,9506,买盘
1805,11:00:13,4.99,3560484,7136,买盘
1806,11:00:16,4.99,466524,935,买盘
1807,11:00:19,4.99,522942,1048,买盘
1808,11:00:22,4.99,2240110,4490,买盘
1809,11:00:25,4.99,872044,1748,买盘
1810,11:00:28,4.99,280342,562,买盘
1811,11:00:31,4.98,583259,1170,卖盘
1812,11:00:34,4.98,327735,657,卖盘
1813,11:00:37,4.99,478534,959,买盘
1814,11:00:40,4.99,488947,980,买盘
1815,11:00:43,4.99,1718516,3444,买盘
1816,11:00:46,4.99,140219,281,卖盘
1817,11:00:49,4.99,243013,487,卖盘
1818,11:00:52,4.99,366824,734,卖盘
1819,11:00:55,4.99,658374,1319,卖盘
1820,11:00:58,4.99,105303,211,卖盘
1821,11:01:01,4.99,254014,509,卖盘
1822,11:01:04,5.0,257197,515,买盘
1823,11:01:07,4.99,583844,1168,卖盘
1824,11:01:10,4.99,1557793,3117,卖盘
1825,11:01:13,5.0,95982,192,买盘
1826,11:01:16,4.99,1160791,2323,卖盘
1827,11:01:19,4.99,161228,323,卖盘
1828,11:01:22,5.0,489769,980,买盘
1829,11:01:25,5.0,450720,902,买盘
1830,11:01:28,4.99,623597,1249,卖盘
1831,11:01:31,4.99,739571,1482,卖盘
1832,11:01:34,5.0,150925,302,买盘
1833,11:01:37,4.99,162389,325,卖盘
1834,11:01:40,5.0,797075,1597,买盘
1835,11:01:43,5.0,96378,193,买盘
1836,11:01:46,4.99,232314,465,卖盘
1837,11:01:49,4.99,75481,151,卖盘
1838,11:01:52,4.99,435969,873,卖盘
1839,11:01:55,4.98,6236821,12499,卖盘
1840,11:01:58,4.99,187083,375,买盘
1841,11:02:01,4.99,236983,475,买盘
1842,11:02:04,4.99,102780,206,买盘
1843,11:02:07,4.99,185628,372,买盘
1844,11:02:10,4.99,312800,627,买盘
1845,11:02:13,4.98,166852,335,卖盘
1846,11:02:16,4.98,124153,249,卖盘
1847,11:02:19,4.98,1111090,2227,卖盘
1848,11:02:22,4.99,84239,169,买盘
1849,11:02:25,4.99,55354,111,买盘
1850,11:02:28,4.98,324696,652,卖盘
1851,11:02:31,4.99,65286,131,买盘
1852,11:02:34,4.99,274802,551,买盘
1853,11:02:37,4.98,287828,577,卖盘
1854,11:02:40,4.98,106635,214,卖盘
1855,11:02:43,4.98,74297,149,卖盘
1856,11:02:46,4.98,251941,505,卖盘
1857,11:02:49,4.98,170323,342,卖盘
1858,11:02:52,4.98,55278,111,卖盘
1859,11:02:55,4.98,322316,647,卖盘
1860,11:02:58,4.99,159075,319,买盘
1861,11:03:01,4.99,50879,102,买盘
1862,11:03:04,4.99,4988,10,买盘
1863,11:03:07,4.98,4009123,8050,卖盘
1864,11:03:10,4.98,1208172,2426,卖盘
1865,11:03:13,4.98,607076,1219,卖盘
1866,11:03:16,4.98,1359800,2730,卖盘
1867,11:03:19,4.98,504504,1013,卖盘
1868,11:03:22,4.98,223609,449,卖盘
1869,11:03:25,4.98,1301274,2613,卖盘
1870,11:03:28,4.98,777785,1561,卖盘
1871,11:03:31,4.98,155376,312,买盘
1872,11:03:34,4.98,329528,662,买盘
1873,11:03:37,4.97,600471,1206,卖盘
1874,11:03:40,4.98,157107,316,买盘
1875,11:03:43,4.98,119439,240,买盘
1876,11:03:46,4.98,62649,126,买盘
1877,11:03:49,4.98,138220,278,买盘
1878,11:03:52,4.98,297277,597,买盘
1879,11:03:55,4.97,234475,471,卖盘
1880,11:03:58,4.98,129281,260,买盘
1881,11:04:01,4.98,158193,318,买盘
1882,11:04:04,4.97,168572,339,卖盘
1883,11:04:07,4.97,251000,505,卖盘
1884,11:04:10,4.98,293752,591,买盘
1885,11:04:13,4.98,96917,195,买盘
1886,11:04:16,4.97,222867,448,卖盘
1887,11:04:19,4.97,155681,313,卖盘
1888,11:04:22,4.97,61187,123,卖盘
1889,11:04:25,4.97,513898,1034,卖盘
1890,11:04:28,4.97,503463,1013,卖盘
1891,11:04:31,4.97,143241,288,卖盘
1892,11:04:34,4.98,811664,1633,买盘
1893,11:04:37,4.97,542730,1092,卖盘
1894,11:04:40,4.97,345912,696,卖盘
1895,11:04:43,4.97,799226,1608,卖盘
1896,11:04:46,4.97,429744,864,卖盘
1897,11:04:49,4.97,507438,1021,卖盘
1898,11:04:52,4.97,2617359,5266,卖盘
1899,11:04:55,4.96,545208,1097,卖盘
1900,11:04:58,4.97,96297,194,买盘
1901,11:05:01,4.97,96229,194,买盘
1902,11:05:04,4.97,270925,546,买盘
1903,11:05:07,4.97,528551,1065,买盘
1904,11:05:10,4.97,130006,262,买盘
1905,11:05:13,4.97,823889,1661,买盘
1906,11:05:16,4.97,443295,893,买盘
1907,11:05:19,4.96,135460,273,卖盘
1908,11:05:22,4.97,356444,718,买盘
1909,11:05:25,4.96,189473,382,卖盘
1910,11:05:28,4.96,547774,1104,卖盘
1911,11:05:31,4.96,135468,273,卖盘
1912,11:05:34,4.97,1105164,2224,买盘
1913,11:05:37,4.96,189243,381,卖盘
1914,11:05:40,4.96,91264,184,卖盘
1915,11:05:43,4.96,1551094,3126,卖盘
1916,11:05:46,4.97,270609,545,买盘
1917,11:05:49,4.96,258116,520,卖盘
1918,11:05:52,4.97,1231934,2481,买盘
1919,11:05:55,4.96,2604915,5242,卖盘
1920,11:05:58,4.97,416105,838,买盘
1921,11:06:01,4.96,192483,388,卖盘
1922,11:06:04,4.97,36209,73,买盘
1923,11:06:07,4.97,145000,292,买盘
1924,11:06:10,4.97,120239,242,买盘
1925,11:06:13,4.96,838334,1687,卖盘
1926,11:06:16,4.96,134606,271,卖盘
1927,11:06:19,4.96,130470,263,卖盘
1928,11:06:22,4.97,94396,190,买盘
1929,11:06:25,4.97,119699,241,买盘
1930,11:06:28,4.96,581354,1172,卖盘
1931,11:06:31,4.97,1686310,3393,买盘
1932,11:06:34,4.96,225403,454,卖盘
1933,11:06:37,4.96,51141,103,卖盘
1934,11:06:40,4.96,40690,82,卖盘
1935,11:06:43,4.96,76393,154,卖盘
1936,11:06:46,4.96,79511,160,卖盘
1937,11:06:49,4.96,15872,32,卖盘
1938,11:06:52,4.97,377679,760,买盘
1939,11:06:55,4.97,381713,769,买盘
1940,11:06:58,4.97,265756,535,买盘
1941,11:07:01,4.97,284721,573,买盘
1942,11:07:04,4.96,67574,136,卖盘
1943,11:07:07,4.97,287266,578,买盘
1944,11:07:10,4.97,603666,1215,买盘
1945,11:07:13,4.97,35261,71,买盘
1946,11:07:16,4.96,761276,1532,卖盘
1947,11:07:19,4.97,687351,1383,买盘
1948,11:07:22,4.97,115299,232,买盘
1949,11:07:25,4.96,5221799,10527,卖盘
1950,11:07:28,4.96,270849,545,卖盘
1951,11:07:31,4.96,228068,459,卖盘
1952,11:07:34,4.96,697234,1403,卖盘
1953,11:07:37,4.97,19870,40,买盘
1954,11:07:40,4.97,15402,31,买盘
1955,11:07:43,4.96,114617,231,卖盘
1956,11:07:46,4.96,44682,90,卖盘
1957,11:07:49,4.96,54589,110,卖盘
1958,11:07:52,4.97,337796,681,买盘
1959,11:07:55,4.97,131480,265,买盘
1960,11:07:58,4.96,1549409,3118,卖盘
1961,11:08:01,4.96,232165,468,卖盘
1962,11:08:04,4.96,572959,1153,卖盘
1963,11:08:07,4.96,261510,527,卖盘
1964,11:08:10,4.97,100891,203,买盘
1965,11:08:13,4.97,1021782,2060,买盘
1966,11:08:16,4.97,47692,96,买盘
1967,11:08:19,4.97,46654,94,买盘
1968,11:08:22,4.97,122583,247,买盘
1969,11:08:25,4.97,76018,153,买盘
1970,11:08:28,4.97,118281,238,买盘
1971,11:08:31,4.96,206528,416,卖盘
1972,11:08:34,4.97,621827,1253,买盘
1973,11:08:37,4.97,104365,210,买盘
1974,11:08:40,4.97,238028,479,买盘
1975,11:08:43,4.96,341782,689,卖盘
1976,11:08:46,4.96,87792,177,卖盘
1977,11:08:49,4.97,229803,463,买盘
1978,11:08:52,4.96,55552,112,卖盘
1979,11:08:55,4.96,11409,23,卖盘
1980,11:08:58,4.96,80357,162,卖盘
1981,11:09:01,4.96,82337,166,卖盘
1982,11:09:04,4.96,454937,917,卖盘
1983,11:09:07,4.97,148576,299,买盘
1984,11:09:10,4.96,53072,107,卖盘
1985,11:09:13,4.96,496,1,卖盘
1986,11:09:16,4.96,69497,140,卖盘
1987,11:09:19,4.96,73908,149,卖盘
1988,11:09:22,4.96,326476,658,卖盘
1989,11:09:25,4.97,31758,64,买盘
1990,11:09:28,4.96,84935,171,卖盘
1991,11:09:31,4.97,582224,1173,买盘
1992,11:09:34,4.96,54626,110,卖盘
1993,11:09:37,4.97,33789,68,买盘
1994,11:09:40,4.97,168938,340,买盘
1995,11:09:43,4.96,209011,421,卖盘
1996,11:09:46,4.97,994,2,买盘
1997,11:09:49,4.97,683288,1375,买盘
1998,11:09:52,4.97,103715,209,买盘
1999,11:09:55,4.97,13909,28,买盘
2000,11:09:58,4.96,117115,236,卖盘
2001,11:10:01,4.96,55128,111,卖盘
2002,11:10:04,4.97,40257,81,买盘
2003,11:10:07,4.96,213964,431,卖盘
2004,11:10:10,4.96,548204,1105,卖盘
2005,11:10:13,4.96,75392,152,卖盘
2006,11:10:16,4.96,122226,246,卖盘
2007,11:10:19,4.96,266357,537,卖盘
2008,11:10:22,4.96,128484,259,卖盘
2009,11:10:25,4.97,25808,52,买盘
2010,11:10:28,4.96,162754,328,卖盘
2011,11:10:31,4.97,216097,435,买盘
2012,11:10:34,4.97,205753,414,买盘
2013,11:10:37,4.97,115170,232,买盘
2014,11:10:40,4.97,94302,190,买盘
2015,11:10:43,4.96,613475,1236,卖盘
2016,11:10:46,4.96,46198,93,卖盘
2017,11:10:49,4.97,99851,201,买盘
2018,11:10:52,4.96,129561,261,卖盘
2019,11:10:55,4.97,115668,233,买盘
2020,11:10:58,4.97,208054,419,买盘
2021,11:11:01,4.97,12425,25,买盘
2022,11:11:04,4.97,79426,160,买盘
2023,11:11:07,4.96,228233,460,卖盘
2024,11:11:10,4.97,107824,217,买盘
2025,11:11:13,4.96,81871,165,卖盘
2026,11:11:16,4.97,235925,475,买盘
2027,11:11:19,4.97,69083,139,买盘
2028,11:11:22,4.97,68576,138,买盘
2029,11:11:25,4.97,453652,913,买盘
2030,11:11:28,4.97,72562,146,买盘
2031,11:11:31,4.97,10437,21,买盘
2032,11:11:34,4.97,81900,165,买盘
2033,11:11:37,4.97,57088,115,买盘
2034,11:11:40,4.97,52606,106,买盘
2035,11:11:43,4.97,300166,604,买盘
2036,11:11:46,4.97,157345,317,买盘
2037,11:11:49,4.97,73059,147,买盘
2038,11:11:52,4.97,139135,280,买盘
2039,11:11:55,4.97,7952,16,买盘
2040,11:11:58,4.97,177819,358,买盘
2041,11:12:01,4.97,46628,94,买盘
2042,11:12:04,4.97,78526,158,买盘
2043,11:12:07,4.96,338923,682,卖盘
2044,11:12:10,4.96,137892,278,卖盘
2045,11:12:13,4.96,150894,304,卖盘
2046,11:12:16,4.96,107732,217,卖盘
2047,11:12:19,4.97,58646,118,买盘
2048,11:12:22,4.96,209866,423,卖盘
2049,11:12:25,4.96,147852,298,卖盘
2050,11:12:28,4.97,25834,52,买盘
2051,11:12:31,4.97,101368,204,买盘
2052,11:12:34,4.97,101780,205,买盘
2053,11:12:37,4.97,460765,928,买盘
2054,11:12:40,4.97,30814,62,买盘
2055,11:12:43,4.97,291112,586,买盘
2056,11:12:46,4.96,165988,334,卖盘
2057,11:12:49,4.96,74003,149,卖盘
2058,11:12:52,4.97,321559,647,买盘
2059,11:12:55,4.97,258424,520,买盘
2060,11:12:58,4.97,98242,198,买盘
2061,11:13:01,4.97,184884,372,买盘
2062,11:13:04,4.97,125680,253,买盘
2063,11:13:07,4.96,178644,360,卖盘
2064,11:13:10,4.97,160995,324,买盘
2065,11:13:13,4.97,134640,271,买盘
2066,11:13:16,4.97,199077,401,买盘
2067,11:13:19,4.97,9443,19,买盘
2068,11:13:22,4.96,72495,146,卖盘
2069,11:13:25,4.96,193458,390,卖盘
2070,11:13:28,4.97,31808,64,买盘
2071,11:13:31,4.96,60054,121,卖盘
2072,11:13:34,4.97,570503,1148,买盘
2073,11:13:37,4.97,113773,229,买盘
2074,11:13:40,4.97,210667,424,买盘
2075,11:13:43,4.97,63532,128,买盘
2076,11:13:46,4.97,373313,752,买盘
2077,11:13:49,4.97,355070,715,买盘
2078,11:13:52,4.96,22824,46,卖盘
2079,11:13:55,4.97,49700,100,买盘
2080,11:13:58,4.97,79013,159,买盘
2081,11:14:01,4.97,227556,458,买盘
2082,11:14:04,4.96,330371,665,卖盘
2083,11:14:07,4.97,88929,179,买盘
2084,11:14:10,4.97,162784,328,买盘
2085,11:14:13,4.97,48701,98,买盘
2086,11:14:16,4.96,24811,50,卖盘
2087,11:14:19,4.97,330314,665,买盘
2088,11:14:22,4.97,61131,123,买盘
2089,11:14:25,4.96,509403,1027,卖盘
2090,11:14:28,4.97,145124,292,买盘
2091,11:14:31,4.96,159873,322,卖盘
2092,11:14:34,4.96,37762,76,卖盘
2093,11:14:37,4.96,78945,159,卖盘
2094,11:14:40,4.97,90303,182,买盘
2095,11:14:43,4.96,74480,150,卖盘
2096,11:14:46,4.97,37772,76,买盘
2097,11:14:49,4.97,412897,831,买盘
2098,11:14:52,4.96,217939,439,卖盘
2099,11:14:55,4.97,38756,78,买盘
2100,11:14:58,4.96,163375,329,卖盘
2101,11:15:01,4.97,404873,816,买盘
2102,11:15:04,4.97,2977,6,买盘
2103,11:15:07,4.97,78525,158,买盘
2104,11:15:10,4.97,359331,723,买盘
2105,11:15:13,4.96,428901,863,卖盘
2106,11:15:16,4.97,51688,104,买盘
2107,11:15:19,4.97,53674,108,买盘
2108,11:15:22,4.97,159022,320,买盘
2109,11:15:25,4.97,305654,615,买盘
2110,11:15:28,4.97,136505,275,买盘
2111,11:15:31,4.96,53589,108,卖盘
2112,11:15:34,4.97,171424,345,买盘
2113,11:15:37,4.96,299115,602,卖盘
2114,11:15:40,4.97,166912,336,买盘
2115,11:15:43,4.97,218592,440,买盘
2116,11:15:46,4.97,508499,1024,买盘
2117,11:15:49,4.97,106332,214,买盘
2118,11:15:52,4.97,138166,278,买盘
2119,11:15:55,4.97,3359223,6759,买盘
2120,11:15:58,4.97,776914,1563,卖盘
2121,11:16:01,4.97,195395,393,卖盘
2122,11:16:04,4.97,80138,161,卖盘
2123,11:16:07,4.98,93574,188,买盘
2124,11:16:10,4.98,120832,243,买盘
2125,11:16:13,4.98,43319,87,买盘
2126,11:16:16,4.97,116829,235,卖盘
2127,11:16:19,4.98,9960,20,买盘
2128,11:16:22,4.97,435107,875,卖盘
2129,11:16:25,4.97,531299,1067,卖盘
2130,11:16:28,4.98,213389,429,买盘
2131,11:16:31,4.98,90576,182,买盘
2132,11:16:34,4.97,8461,17,卖盘
2133,11:16:37,4.98,125851,253,买盘
2134,11:16:40,4.97,148110,298,卖盘
2135,11:16:43,4.98,387226,779,买盘
2136,11:16:46,4.97,60239,121,卖盘
2137,11:16:49,4.98,28386,57,买盘
2138,11:16:52,4.98,228176,459,买盘
2139,11:16:55,4.98,30840,62,买盘
2140,11:16:58,4.97,134210,270,卖盘
2141,11:17:01,4.98,404874,813,买盘
2142,11:17:04,4.97,90560,182,卖盘
2143,11:17:07,4.97,161052,324,卖盘
2144,11:17:10,4.97,354526,712,卖盘
2145,11:17:13,4.97,22378,45,卖盘
2146,11:17:16,4.98,90575,182,买盘
2147,11:17:19,4.98,132761,267,买盘
2148,11:17:22,4.98,151841,305,买盘
2149,11:17:25,4.98,32868,66,买盘
2150,11:17:28,4.98,29880,60,买盘
2151,11:17:31,4.98,107005,215,买盘
2152,11:17:34,4.98,80676,162,买盘
2153,11:17:37,4.98,102478,206,买盘
2154,11:17:40,4.98,361521,726,买盘
2155,11:17:43,4.97,194617,391,卖盘
2156,11:17:46,4.97,55666,112,卖盘
2157,11:17:49,4.98,316183,635,买盘
2158,11:17:52,4.97,312738,629,卖盘
2159,11:17:55,4.97,219407,441,卖盘
2160,11:17:58,4.98,111054,223,买盘
2161,11:18:01,4.97,37299,75,卖盘
2162,11:18:04,4.98,24900,50,买盘
2163,11:18:07,4.97,207399,417,卖盘
2164,11:18:10,4.98,40324,81,买盘
2165,11:18:13,4.98,803219,1613,买盘
2166,11:18:16,4.98,115038,231,买盘
2167,11:18:19,4.97,108549,218,卖盘
2168,11:18:22,4.98,14940,30,买盘
2169,11:18:25,4.97,59242,119,卖盘
2170,11:18:28,4.97,312735,628,卖盘
2171,11:18:31,4.98,86095,173,买盘
2172,11:18:34,4.98,105961,213,买盘
2173,11:18:37,4.98,241425,485,买盘
2174,11:18:40,4.98,270812,544,买盘
2175,11:18:43,4.97,104522,210,卖盘
2176,11:18:46,4.98,222606,447,买盘
2177,11:18:49,4.97,311692,627,卖盘
2178,11:18:52,4.98,299295,601,买盘
2179,11:18:55,4.98,42277,85,买盘
2180,11:18:58,4.97,459138,922,卖盘
2181,11:19:01,4.97,297738,598,卖盘
2182,11:19:04,4.98,283584,570,买盘
2183,11:19:07,4.98,141413,284,买盘
2184,11:19:10,4.98,238940,480,买盘
2185,11:19:13,4.98,1351074,2713,买盘
2186,11:19:16,4.98,234319,471,买盘
2187,11:19:19,4.97,92601,186,卖盘
2188,11:19:22,4.98,518862,1043,买盘
2189,11:19:25,4.98,528223,1061,买盘
2190,11:19:28,4.98,236505,475,买盘
2191,11:19:31,4.98,402384,808,买盘
2192,11:19:34,4.97,26392,53,卖盘
2193,11:19:37,4.97,307259,617,卖盘
2194,11:19:40,4.98,129978,261,买盘
2195,11:19:43,4.98,248990,500,买盘
2196,11:19:46,4.98,138813,279,买盘
2197,11:19:49,4.98,154130,310,买盘
2198,11:19:52,4.98,213642,429,买盘
2199,11:19:55,4.97,75663,152,卖盘
2200,11:19:58,4.98,158364,318,买盘
2201,11:20:01,4.97,251007,505,卖盘
2202,11:20:04,4.97,50220,101,卖盘
2203,11:20:07,4.98,44820,90,买盘
2204,11:20:10,4.98,108056,217,买盘
2205,11:20:13,4.97,108952,219,卖盘
2206,11:20:16,4.98,339459,683,买盘
2207,11:20:19,4.97,563440,1132,卖盘
2208,11:20:22,4.98,141823,285,买盘
2209,11:20:25,4.98,315234,633,买盘
2210,11:20:28,4.97,92959,187,卖盘
2211,11:20:31,4.98,27882,56,买盘
2212,11:20:34,4.98,36330,73,买盘
2213,11:20:37,4.97,107454,216,卖盘
2214,11:20:40,4.97,32340,65,卖盘
2215,11:20:43,4.98,39342,79,买盘
2216,11:20:46,4.98,104061,209,买盘
2217,11:20:49,4.97,131398,264,卖盘
2218,11:20:52,4.97,150591,303,卖盘
2219,11:20:55,4.97,617393,1242,卖盘
2220,11:20:58,4.97,86117,173,卖盘
2221,11:21:01,4.97,146144,294,卖盘
2222,11:21:04,4.97,5334301,10733,卖盘
2223,11:21:07,4.97,1201816,2418,卖盘
2224,11:21:10,4.97,2130149,4286,卖盘
2225,11:21:13,4.98,5478,11,买盘
2226,11:21:16,4.97,99405,200,卖盘
2227,11:21:19,4.97,161056,324,卖盘
2228,11:21:22,4.98,78527,158,买盘
2229,11:21:25,4.97,157084,316,卖盘
2230,11:21:28,4.97,1311745,2636,卖盘
2231,11:21:31,4.97,245236,493,卖盘
2232,11:21:34,4.97,84988,171,卖盘
2233,11:21:37,4.97,265926,535,卖盘
2234,11:21:40,4.97,68092,137,卖盘
2235,11:21:43,4.97,253967,511,卖盘
2236,11:21:46,4.97,77570,156,卖盘
2237,11:21:49,4.97,141764,285,卖盘
2238,11:21:52,4.97,52683,106,卖盘
2239,11:21:55,4.97,413143,831,卖盘
2240,11:21:58,4.97,312613,629,卖盘
2241,11:22:01,4.98,155707,313,买盘
2242,11:22:04,4.97,107388,216,卖盘
2243,11:22:07,4.97,73564,148,卖盘
2244,11:22:10,4.97,103409,208,卖盘
2245,11:22:13,4.98,220962,444,买盘
2246,11:22:16,4.97,234637,472,卖盘
2247,11:22:19,4.97,168670,339,卖盘
2248,11:22:22,4.98,45268,91,买盘
2249,11:22:25,4.98,126780,255,买盘
2250,11:22:28,4.97,95424,192,卖盘
2251,11:22:31,4.97,34360,69,卖盘
2252,11:22:34,4.97,4970,10,卖盘
2253,11:22:37,4.97,602570,1210,卖盘
2254,11:22:40,4.98,236435,475,买盘
2255,11:22:43,4.97,24366,49,卖盘
2256,11:22:46,4.97,84993,171,卖盘
2257,11:22:49,4.97,55665,112,卖盘
2258,11:22:52,4.97,54670,110,卖盘
2259,11:22:55,4.97,87575,176,卖盘
2260,11:22:58,4.98,181108,364,买盘
2261,11:23:01,4.98,519382,1043,买盘
2262,11:23:04,4.98,24863,50,买盘
2263,11:23:07,4.97,26341,53,卖盘
2264,11:23:10,4.98,45294,91,买盘
2265,11:23:13,4.98,233489,469,买盘
2266,11:23:16,4.98,85635,172,买盘
2267,11:23:19,4.98,37779,76,买盘
2268,11:23:22,4.98,10941,22,买盘
2269,11:23:25,4.98,27370,55,买盘
2270,11:23:28,4.98,82562,166,买盘
2271,11:23:31,4.98,59153,119,买盘
2272,11:23:34,4.98,238137,479,买盘
2273,11:23:37,4.98,247881,498,买盘
2274,11:23:40,4.97,1152590,2315,卖盘
2275,11:23:43,4.97,147128,296,卖盘
2276,11:23:46,4.97,12923,26,卖盘
2277,11:23:49,4.97,7462,15,卖盘
2278,11:23:52,4.97,135690,273,卖盘
2279,11:23:55,4.97,513411,1033,卖盘
2280,11:23:58,4.97,145701,293,卖盘
2281,11:24:01,4.98,38791,78,买盘
2282,11:24:04,4.98,9960,20,买盘
2283,11:24:07,4.97,19383,39,卖盘
2284,11:24:10,4.98,209383,421,买盘
2285,11:24:13,4.97,238431,479,卖盘
2286,11:24:16,4.97,10934,22,卖盘
2287,11:24:19,4.97,31840,64,卖盘
2288,11:24:22,4.97,25870,52,卖盘
2289,11:24:25,4.97,107353,216,卖盘
2290,11:24:28,4.97,81034,163,卖盘
2291,11:24:31,4.98,116028,233,买盘
2292,11:24:34,4.97,145621,293,卖盘
2293,11:24:40,4.98,550062,1106,买盘
2294,11:24:43,4.97,65107,131,卖盘
2295,11:24:46,4.97,265895,535,卖盘
2296,11:24:49,4.97,359356,722,卖盘
2297,11:24:52,4.97,131211,264,卖盘
2298,11:24:55,4.97,44233,89,卖盘
2299,11:24:58,4.98,176461,355,买盘
2300,11:25:01,4.97,135701,273,卖盘
2301,11:25:04,4.98,618948,1243,买盘
2302,11:25:07,4.98,94539,190,买盘
2303,11:25:10,4.98,1344627,2706,买盘
2304,11:25:13,4.97,138898,279,中性盘
2305,11:25:16,4.96,97884,197,卖盘
2306,11:25:19,4.96,30275,61,卖盘
2307,11:25:22,4.97,43239,87,买盘
2308,11:25:25,4.97,153770,310,买盘
2309,11:25:28,4.97,34790,70,买盘
2310,11:25:31,4.97,553628,1114,买盘
2311,11:25:34,4.97,97350,196,买盘
2312,11:25:37,4.97,20874,42,买盘
2313,11:25:40,4.96,1385055,2792,卖盘
2314,11:25:43,4.97,214349,432,买盘
2315,11:25:46,4.97,41247,83,买盘
2316,11:25:49,4.96,221273,446,卖盘
2317,11:25:52,4.96,130132,262,卖盘
2318,11:25:55,4.96,12896,26,卖盘
2319,11:25:58,4.96,1013328,2043,卖盘
2320,11:26:01,4.97,62596,126,买盘
2321,11:26:04,4.97,110681,223,买盘
2322,11:26:07,4.97,70002,141,买盘
2323,11:26:10,4.97,54159,109,买盘
2324,11:26:13,4.96,16867,34,卖盘
2325,11:26:16,4.96,79875,161,卖盘
2326,11:26:19,4.97,26792,54,买盘
2327,11:26:22,4.96,124244,250,卖盘
2328,11:26:25,4.96,43169,87,卖盘
2329,11:26:28,4.96,57586,116,卖盘
2330,11:26:31,4.96,232466,468,卖盘
2331,11:26:34,4.96,115589,233,卖盘
2332,11:26:37,4.96,62519,126,卖盘
2333,11:26:40,4.97,74528,150,买盘
2334,11:26:43,4.96,12902,26,卖盘
2335,11:26:46,4.97,108304,218,买盘
2336,11:26:49,4.97,170134,343,买盘
2337,11:26:52,4.97,149537,301,买盘
2338,11:26:55,4.96,2499397,5039,卖盘
2339,11:26:58,4.97,42727,86,买盘
2340,11:27:01,4.97,175416,353,买盘
2341,11:27:04,4.96,24800,50,卖盘
2342,11:27:07,4.96,32736,66,卖盘
2343,11:27:10,4.97,83926,169,买盘
2344,11:27:13,4.96,259438,523,卖盘
2345,11:27:16,4.97,60137,121,买盘
2346,11:27:19,4.97,25800,52,买盘
2347,11:27:22,4.97,26310,53,买盘
2348,11:27:25,4.97,186195,375,买盘
2349,11:27:28,4.97,606945,1223,买盘
2350,11:27:31,4.96,46129,93,卖盘
2351,11:27:34,4.96,126730,255,卖盘
2352,11:27:37,4.96,299122,602,卖盘
2353,11:27:40,4.96,48655,98,卖盘
2354,11:27:43,4.97,167180,337,买盘
2355,11:27:46,4.97,55128,111,买盘
2356,11:27:49,4.96,214024,431,卖盘
2357,11:27:52,4.97,132968,268,买盘
2358,11:27:55,4.96,286193,577,卖盘
2359,11:27:58,4.97,103869,209,买盘
2360,11:28:01,4.96,7445,15,卖盘
2361,11:28:04,4.96,140389,283,卖盘
2362,11:28:07,4.96,20337,41,卖盘
2363,11:28:10,4.96,173268,349,卖盘
2364,11:28:13,4.96,120546,243,卖盘
2365,11:28:16,4.96,242301,488,卖盘
2366,11:28:19,4.97,38766,78,买盘
2367,11:28:22,4.97,106163,214,买盘
2368,11:28:25,4.96,20832,42,卖盘
2369,11:28:28,4.97,230669,465,买盘
2370,11:28:31,4.97,497,1,买盘
2371,11:28:34,4.96,162804,328,卖盘
2372,11:28:37,4.96,50597,102,卖盘
2373,11:28:40,4.96,187104,377,卖盘
2374,11:28:43,4.96,40704,82,卖盘
2375,11:28:46,4.96,25296,51,卖盘
2376,11:28:49,4.96,182568,368,卖盘
2377,11:28:52,4.97,132959,268,买盘
2378,11:28:55,4.96,42180,85,卖盘
2379,11:28:58,4.96,58535,118,卖盘
2380,11:29:01,4.96,49600,100,卖盘
2381,11:29:04,4.97,106181,214,买盘
2382,11:29:07,4.96,67160,135,卖盘
2383,11:29:10,4.97,54670,110,买盘
2384,11:29:13,4.97,9442,19,买盘
2385,11:29:16,4.96,717836,1447,卖盘
2386,11:29:19,4.96,196941,397,卖盘
2387,11:29:22,4.96,81963,165,卖盘
2388,11:29:25,4.97,37771,76,买盘
2389,11:29:28,4.97,112689,227,买盘
2390,11:29:31,4.97,524310,1055,买盘
2391,11:29:34,4.96,320925,646,卖盘
2392,11:29:37,4.97,520259,1047,买盘
2393,11:29:40,4.97,233787,471,买盘
2394,11:29:43,4.97,244296,492,买盘
2395,11:29:46,4.96,16883,34,卖盘
2396,11:29:49,4.97,164749,332,买盘
2397,11:29:52,4.97,408027,822,买盘
2398,11:29:55,4.96,162899,328,卖盘
2399,11:29:58,4.97,26813,54,买盘
2400,11:30:01,4.97,186510,376,买盘
2401,13:00:01,4.96,30269,61,卖盘
2402,13:00:04,4.97,2287118,4605,买盘
2403,13:00:07,4.97,4026350,8113,买盘
2404,13:00:10,4.97,2701471,5431,卖盘
2405,13:00:13,4.97,4726120,9510,卖盘
2406,13:00:16,4.96,1301293,2622,卖盘
2407,13:00:19,4.97,842779,1696,买盘
2408,13:00:22,4.97,103227,208,买盘
2409,13:00:25,4.96,2467682,4975,卖盘
2410,13:00:28,4.96,937671,1887,卖盘
2411,13:00:31,4.96,1121350,2259,卖盘
2412,13:00:34,4.96,3117365,6285,卖盘
2413,13:00:37,4.97,480703,969,买盘
2414,13:00:40,4.96,3926657,7916,卖盘
2415,13:00:43,4.96,199894,403,卖盘
2416,13:00:46,4.97,125508,253,买盘
2417,13:00:49,4.96,610854,1230,卖盘
2418,13:00:52,4.96,35266,71,卖盘
2419,13:00:55,4.96,313729,632,卖盘
2420,13:00:58,4.96,214037,431,卖盘
2421,13:01:01,4.96,273733,551,卖盘
2422,13:01:04,4.97,307133,619,买盘
2423,13:01:07,4.97,523733,1054,买盘
2424,13:01:10,4.97,180177,363,买盘
2425,13:01:13,4.96,183228,369,卖盘
2426,13:01:16,4.96,42181,85,卖盘
2427,13:01:19,4.97,258816,521,买盘
2428,13:01:22,4.97,201701,406,买盘
2429,13:01:25,4.97,638796,1286,买盘
2430,13:01:28,4.96,74538,150,卖盘
2431,13:01:31,4.97,136639,275,买盘
2432,13:01:34,4.96,87433,176,卖盘
2433,13:01:37,4.97,154463,311,买盘
2434,13:01:40,4.97,393503,792,买盘
2435,13:01:43,4.96,247128,498,卖盘
2436,13:01:46,4.97,72562,146,买盘
2437,13:01:49,4.97,232478,468,买盘
2438,13:01:52,4.96,167309,337,卖盘
2439,13:01:55,4.97,80512,162,买盘
2440,13:01:58,4.96,64072,129,卖盘
2441,13:02:01,4.97,56621,114,买盘
2442,13:02:04,4.96,1364546,2751,卖盘
2443,13:02:07,4.96,433366,872,卖盘
2444,13:02:10,4.96,183231,369,卖盘
2445,13:02:13,4.96,233730,471,卖盘
2446,13:02:16,4.96,206942,417,卖盘
2447,13:02:19,4.96,28272,57,卖盘
2448,13:02:22,4.97,87839,177,买盘
2449,13:02:25,4.97,76459,154,买盘
2450,13:02:28,4.96,139434,281,卖盘
2451,13:02:31,4.97,451653,909,买盘
2452,13:02:34,4.97,338591,682,买盘
2453,13:02:37,4.97,92843,187,买盘
2454,13:02:40,4.97,273330,550,买盘
2455,13:02:43,4.96,150390,303,卖盘
2456,13:02:46,4.97,154361,311,买盘
2457,13:02:49,4.97,183377,369,买盘
2458,13:02:52,4.97,157897,318,买盘
2459,13:02:55,4.97,261443,527,买盘
2460,13:02:58,4.97,144467,291,买盘
2461,13:03:01,4.97,113187,228,买盘
2462,13:03:04,4.97,168773,340,买盘
2463,13:03:07,4.97,58089,117,买盘
2464,13:03:10,4.97,130113,262,买盘
2465,13:03:13,4.97,543210,1093,买盘
2466,13:03:16,4.97,171906,346,买盘
2467,13:03:19,4.97,477570,961,买盘
2468,13:03:22,4.96,243742,491,卖盘
2469,13:03:25,4.97,583416,1174,买盘
2470,13:03:28,4.97,835954,1682,买盘
2471,13:03:31,4.98,625257,1260,买盘
2472,13:03:34,4.97,203962,410,卖盘
2473,13:03:37,4.97,192841,388,卖盘
2474,13:03:40,4.98,422008,848,买盘
2475,13:03:43,4.98,222514,447,买盘
2476,13:03:46,4.98,171730,345,买盘
2477,13:03:49,4.97,285279,573,卖盘
2478,13:03:52,4.98,63640,128,买盘
2479,13:03:55,4.98,592530,1190,买盘
2480,13:03:58,4.97,405272,814,卖盘
2481,13:04:01,4.97,185518,373,卖盘
2482,13:04:04,4.98,79680,160,买盘
2483,13:04:07,4.98,79116,159,买盘
2484,13:04:10,4.98,146859,295,买盘
2485,13:04:13,4.97,255961,514,卖盘
2486,13:04:16,4.98,113040,227,买盘
2487,13:04:19,4.98,1128465,2266,买盘
2488,13:04:22,4.98,114041,229,买盘
2489,13:04:25,4.98,699192,1404,买盘
2490,13:04:28,4.98,358040,719,买盘
2491,13:04:31,4.98,359007,721,买盘
2492,13:04:34,4.98,89102,179,买盘
2493,13:04:37,4.98,363033,729,买盘
2494,13:04:40,4.98,226092,454,买盘
2495,13:04:43,4.98,363536,730,买盘
2496,13:04:46,4.98,543283,1091,买盘
2497,13:04:49,4.98,854994,1717,买盘
2498,13:04:52,4.98,271933,546,卖盘
2499,13:04:55,4.99,262217,526,买盘
2500,13:04:58,4.99,82720,166,买盘
2501,13:05:01,4.98,249200,500,卖盘
2502,13:05:04,4.99,984156,1973,买盘
2503,13:05:07,4.99,316830,636,买盘
2504,13:05:10,4.99,847709,1702,买盘
2505,13:05:13,4.98,192902,387,卖盘
2506,13:05:16,4.99,230151,462,买盘
2507,13:05:19,4.99,176622,354,买盘
2508,13:05:22,4.98,390076,783,卖盘
2509,13:05:25,4.99,273199,548,买盘
2510,13:05:28,4.98,182970,367,卖盘
2511,13:05:31,4.99,10499014,21041,买盘
2512,13:05:34,4.99,1320241,2649,买盘
2513,13:05:37,4.99,468478,939,买盘
2514,13:05:40,4.99,1238785,2487,买盘
2515,13:05:43,4.99,245749,493,买盘
2516,13:05:46,4.99,622554,1248,买盘
2517,13:05:49,4.99,250933,503,买盘
2518,13:05:52,4.98,213981,429,卖盘
2519,13:05:55,4.99,846575,1697,买盘
2520,13:05:58,4.98,122679,246,卖盘
2521,13:06:01,4.99,156026,313,买盘
2522,13:06:04,4.98,247313,496,卖盘
2523,13:06:07,4.98,247294,496,卖盘
2524,13:06:10,4.99,588254,1179,买盘
2525,13:06:13,4.99,153652,308,买盘
2526,13:06:16,4.98,194832,391,卖盘
2527,13:06:19,4.98,469902,942,卖盘
2528,13:06:22,4.99,699096,1401,买盘
2529,13:06:25,4.99,876860,1760,买盘
2530,13:06:28,4.99,90162,181,买盘
2531,13:06:31,4.99,150149,301,买盘
2532,13:06:34,4.99,103277,207,买盘
2533,13:06:37,4.99,53347,107,买盘
2534,13:06:40,4.98,222047,445,卖盘
2535,13:06:43,4.98,331799,666,卖盘
2536,13:06:46,4.99,129232,259,买盘
2537,13:06:49,4.98,263447,529,卖盘
2538,13:06:52,4.98,293173,588,卖盘
2539,13:06:55,4.99,41914,84,买盘
2540,13:06:58,4.98,44340,89,卖盘
2541,13:07:01,4.98,126168,253,卖盘
2542,13:07:04,4.98,138454,278,卖盘
2543,13:07:07,4.98,125496,252,卖盘
2544,13:07:10,4.98,89799,180,卖盘
2545,13:07:13,4.98,467391,937,卖盘
2546,13:07:16,4.98,2769879,5552,卖盘
2547,13:07:19,4.98,358644,720,卖盘
2548,13:07:22,4.98,388027,779,卖盘
2549,13:07:25,4.99,161075,323,买盘
2550,13:07:28,4.99,223285,448,买盘
2551,13:07:31,4.98,750368,1504,卖盘
2552,13:07:34,4.99,266389,534,买盘
2553,13:07:37,4.99,450014,902,买盘
2554,13:07:40,4.99,555879,1114,买盘
2555,13:07:43,4.99,368190,738,买盘
2556,13:07:46,4.99,131214,263,买盘
2557,13:07:49,4.99,228945,459,买盘
2558,13:07:52,4.99,400635,803,买盘
2559,13:07:55,4.99,801793,1607,买盘
2560,13:07:58,4.99,463892,930,买盘
2561,13:08:01,4.99,851267,1706,买盘
2562,13:08:04,4.99,1306718,2619,买盘
2563,13:08:07,4.99,939445,1883,买盘
2564,13:08:10,4.99,1296835,2599,买盘
2565,13:08:13,4.99,1312220,2630,买盘
2566,13:08:16,5.0,6394875,12815,买盘
2567,13:08:19,5.0,73960,148,买盘
2568,13:08:22,4.99,368431,737,卖盘
2569,13:08:25,5.0,268304,537,买盘
2570,13:08:28,5.0,183445,367,买盘
2571,13:08:31,4.99,234341,469,卖盘
2572,13:08:34,5.0,285937,572,买盘
2573,13:08:37,5.0,439236,879,买盘
2574,13:08:40,4.99,497396,995,卖盘
2575,13:08:43,4.99,527786,1056,卖盘
2576,13:08:46,4.99,611452,1224,卖盘
2577,13:08:49,4.99,292068,585,卖盘
2578,13:08:52,5.0,425374,851,买盘
2579,13:08:55,4.99,99845,200,卖盘
2580,13:08:58,4.99,421830,844,卖盘
2581,13:09:01,5.0,137459,275,买盘
2582,13:09:04,4.99,751285,1503,卖盘
2583,13:09:07,5.0,165442,331,买盘
2584,13:09:10,5.0,379714,760,买盘
2585,13:09:13,5.0,264474,529,买盘
2586,13:09:16,5.0,929896,1860,买盘
2587,13:09:19,4.99,638351,1278,卖盘
2588,13:09:22,5.0,259347,519,买盘
2589,13:09:25,4.99,436814,874,卖盘
2590,13:09:28,4.99,539728,1081,卖盘
2591,13:09:31,4.99,122786,246,卖盘
2592,13:09:34,5.0,196799,394,买盘
2593,13:09:37,4.99,280619,562,卖盘
2594,13:09:40,5.0,786464,1575,买盘
2595,13:09:43,4.99,293627,588,卖盘
2596,13:09:46,5.0,477318,956,买盘
2597,13:09:49,5.0,175849,352,买盘
2598,13:09:52,5.0,228702,458,买盘
2599,13:09:55,5.0,279860,560,买盘
2600,13:09:58,4.99,485106,971,卖盘
2601,13:10:01,5.0,340939,682,买盘
2602,13:10:04,4.99,303917,608,卖盘
2603,13:10:07,5.0,1066995,2134,买盘
2604,13:10:10,5.0,442440,885,买盘
2605,13:10:13,5.0,735786,1472,买盘
2606,13:10:16,5.0,188701,378,买盘
2607,13:10:19,4.99,1228929,2458,卖盘
2608,13:10:22,5.0,90947,182,买盘
2609,13:10:25,5.0,286161,573,买盘
2610,13:10:28,5.0,465734,932,买盘
2611,13:10:31,4.99,125385,251,卖盘
2612,13:10:34,4.99,110312,221,卖盘
2613,13:10:37,5.0,130438,261,买盘
2614,13:10:40,4.99,977285,1956,卖盘
2615,13:10:43,4.99,521753,1045,卖盘
2616,13:10:46,4.99,4020060,8056,卖盘
2617,13:10:49,4.99,561598,1125,卖盘
2618,13:10:52,4.99,489614,981,卖盘
2619,13:10:55,4.99,2599052,5208,卖盘
2620,13:10:58,4.99,2419202,4848,卖盘
2621,13:11:01,4.99,1701076,3409,卖盘
2622,13:11:04,4.98,328769,659,卖盘
2623,13:11:07,4.99,380238,762,买盘
2624,13:11:10,4.99,521114,1045,买盘
2625,13:11:13,4.98,146052,293,卖盘
2626,13:11:16,4.99,151600,304,买盘
2627,13:11:19,4.99,157487,316,买盘
2628,13:11:22,4.98,130608,262,卖盘
2629,13:11:25,4.98,182458,366,卖盘
2630,13:11:28,4.98,63851,128,卖盘
2631,13:11:31,4.98,140966,283,卖盘
2632,13:11:34,4.98,261470,525,卖盘
2633,13:11:37,4.98,677287,1360,卖盘
2634,13:11:40,4.98,703803,1413,卖盘
2635,13:11:43,4.99,704422,1414,买盘
2636,13:11:46,4.98,276673,555,卖盘
2637,13:11:49,4.99,789324,1584,买盘
2638,13:11:52,4.98,601717,1208,卖盘
2639,13:11:55,4.99,238147,478,买盘
2640,13:11:58,4.98,163843,329,卖盘
2641,13:12:01,4.98,101659,204,卖盘
2642,13:12:04,4.99,79301,159,买盘
2643,13:12:07,4.98,105083,211,卖盘
2644,13:12:10,4.98,164838,331,卖盘
2645,13:12:13,4.98,191760,385,卖盘
2646,13:12:16,4.98,309756,622,卖盘
2647,13:12:19,4.98,88645,178,卖盘
2648,13:12:22,4.99,492662,989,买盘
2649,13:12:25,4.98,163904,329,卖盘
2650,13:12:28,4.98,364536,732,卖盘
2651,13:12:31,4.99,207750,417,买盘
2652,13:12:34,4.98,138594,278,卖盘
2653,13:12:37,4.98,163367,328,卖盘
2654,13:12:40,4.99,313523,629,买盘
2655,13:12:43,4.98,96773,194,卖盘
2656,13:12:46,4.98,37400,75,卖盘
2657,13:12:49,4.98,152498,306,卖盘
2658,13:12:52,4.98,247128,496,卖盘
2659,13:12:55,4.99,242091,486,买盘
2660,13:12:58,4.98,38354,77,卖盘
2661,13:13:01,4.98,135030,271,卖盘
2662,13:13:04,4.98,183264,368,卖盘
2663,13:13:07,4.99,816085,1636,买盘
2664,13:13:10,4.99,188562,378,买盘
2665,13:13:13,4.98,157096,315,卖盘
2666,13:13:16,4.99,133046,267,买盘
2667,13:13:19,4.99,93250,187,买盘
2668,13:13:22,4.98,245533,493,卖盘
2669,13:13:25,4.98,258152,518,卖盘
2670,13:13:28,4.99,80748,162,买盘
2671,13:13:31,4.99,126635,254,买盘
2672,13:13:34,4.98,150005,301,卖盘
2673,13:13:37,4.99,1740332,3488,买盘
2674,13:13:40,4.98,76297,153,卖盘
2675,13:13:43,4.99,177599,356,买盘
2676,13:13:46,4.98,80693,162,卖盘
2677,13:13:49,4.98,83177,167,卖盘
2678,13:13:52,4.99,145434,292,买盘
2679,13:13:55,4.98,189240,380,卖盘
2680,13:13:58,4.99,327754,658,买盘
2681,13:14:01,4.99,128711,258,买盘
2682,13:14:04,4.99,171078,343,买盘
2683,13:14:07,4.98,193078,387,卖盘
2684,13:14:10,4.99,342231,686,买盘
2685,13:14:13,4.98,54885,110,卖盘
2686,13:14:16,4.99,238492,478,买盘
2687,13:14:19,4.98,89664,180,卖盘
2688,13:14:22,4.98,132018,265,卖盘
2689,13:14:25,4.98,74256,149,卖盘
2690,13:14:28,4.98,304082,610,卖盘
2691,13:14:31,4.98,150029,301,卖盘
2692,13:14:34,4.98,287884,578,卖盘
2693,13:14:37,4.98,375114,753,卖盘
2694,13:14:40,4.98,157882,317,卖盘
2695,13:14:43,4.98,75206,151,卖盘
2696,13:14:46,4.98,192728,387,卖盘
2697,13:14:49,4.99,308820,620,买盘
2698,13:14:52,4.98,262459,526,卖盘
2699,13:14:55,4.98,157451,316,卖盘
2700,13:14:58,4.98,228227,458,卖盘
2701,13:15:01,4.99,150052,301,买盘
2702,13:15:04,4.99,216184,434,买盘
2703,13:15:07,4.98,82320,165,卖盘
2704,13:15:10,4.98,307908,618,卖盘
2705,13:15:13,4.98,355097,713,卖盘
2706,13:15:16,4.98,105131,211,卖盘
2707,13:15:19,4.98,319782,642,卖盘
2708,13:15:22,4.99,75203,151,买盘
2709,13:15:25,4.98,107703,216,卖盘
2710,13:15:28,4.98,63347,127,卖盘
2711,13:15:31,4.99,192788,387,买盘
2712,13:15:34,4.98,29384,59,卖盘
2713,13:15:37,4.98,81774,164,卖盘
2714,13:15:40,4.99,363143,729,买盘
2715,13:15:43,4.99,109084,219,买盘
2716,13:15:46,4.99,55299,111,买盘
2717,13:15:49,4.99,167543,336,买盘
2718,13:15:52,4.98,169360,340,卖盘
2719,13:15:55,4.99,16460,33,买盘
2720,13:15:58,4.98,30903,62,卖盘
2721,13:16:01,4.99,34427,69,买盘
2722,13:16:04,4.98,176848,355,卖盘
2723,13:16:07,4.98,39378,79,卖盘
2724,13:16:10,4.98,139529,280,卖盘
2725,13:16:13,4.98,49885,100,卖盘
2726,13:16:16,4.98,133574,268,卖盘
2727,13:16:19,4.99,359390,721,买盘
2728,13:16:22,4.99,244786,491,买盘
2729,13:16:25,4.99,128104,257,买盘
2730,13:16:28,4.99,131128,263,买盘
2731,13:16:31,4.98,77224,155,卖盘
2732,13:16:34,4.99,30890,62,买盘
2733,13:16:37,4.99,237494,476,买盘
2734,13:16:40,4.99,2486018,4982,买盘
2735,13:16:43,4.99,280918,563,买盘
2736,13:16:46,4.99,447594,897,买盘
2737,13:16:49,4.99,479468,961,买盘
2738,13:16:52,4.98,186571,374,卖盘
2739,13:16:55,4.99,171559,344,买盘
2740,13:16:58,4.98,52819,106,卖盘
2741,13:17:01,4.99,449574,901,买盘
2742,13:17:04,4.99,191369,384,买盘
2743,13:17:07,4.99,10479,21,买盘
2744,13:17:10,4.98,504763,1012,卖盘
2745,13:17:13,4.98,42375,85,卖盘
2746,13:17:16,4.99,374223,751,买盘
2747,13:17:19,4.99,120078,241,买盘
2748,13:17:22,4.99,212001,425,买盘
2749,13:17:25,4.98,109217,219,卖盘
2750,13:17:28,4.98,103604,208,卖盘
2751,13:17:31,4.98,36920,74,卖盘
2752,13:17:34,4.98,331678,666,卖盘
2753,13:17:37,4.99,209723,421,买盘
2754,13:17:40,4.99,27911,56,买盘
2755,13:17:43,4.98,141117,283,卖盘
2756,13:17:46,4.98,40369,81,卖盘
2757,13:17:49,4.99,447012,896,买盘
2758,13:17:52,4.99,218243,438,买盘
2759,13:17:55,4.98,164424,330,卖盘
2760,13:17:58,4.98,257595,517,卖盘
2761,13:18:01,4.99,181521,364,买盘
2762,13:18:04,4.98,3950315,7929,卖盘
2763,13:18:07,4.98,187763,377,卖盘
2764,13:18:10,4.98,383243,769,卖盘
2765,13:18:13,4.99,164466,330,买盘
2766,13:18:16,4.99,52331,105,买盘
2767,13:18:19,4.99,59365,119,买盘
2768,13:18:22,4.98,382146,767,卖盘
2769,13:18:25,4.99,859657,1725,买盘
2770,13:18:28,4.99,822499,1649,买盘
2771,13:18:31,4.98,249273,500,卖盘
2772,13:18:34,4.99,182594,366,买盘
2773,13:18:37,4.98,417113,836,卖盘
2774,13:18:40,4.98,218364,438,卖盘
2775,13:18:43,4.99,54336,109,买盘
2776,13:18:46,4.98,182819,367,卖盘
2777,13:18:49,4.98,220337,442,卖盘
2778,13:18:52,4.98,87187,175,卖盘
2779,13:18:55,4.98,138460,278,卖盘
2780,13:18:58,4.98,288472,579,卖盘
2781,13:19:01,4.98,144451,290,卖盘
2782,13:19:04,4.99,255543,513,买盘
2783,13:19:07,4.98,183563,368,卖盘
2784,13:19:10,4.98,132988,267,卖盘
2785,13:19:13,4.99,52322,105,买盘
2786,13:19:16,4.99,90713,182,买盘
2787,13:19:19,4.99,54856,110,买盘
2788,13:19:22,4.99,228746,459,买盘
2789,13:19:25,4.99,130635,262,买盘
2790,13:19:28,4.99,36427,73,买盘
2791,13:19:31,4.99,116633,234,买盘
2792,13:19:34,4.99,359170,720,买盘
2793,13:19:37,4.99,633177,1269,买盘
2794,13:19:40,4.98,227196,456,卖盘
2795,13:19:43,4.99,446994,896,买盘
2796,13:19:46,4.98,219783,441,卖盘
2797,13:19:49,4.99,354196,711,买盘
2798,13:19:52,4.99,512317,1028,买盘
2799,13:19:55,4.99,3035410,6083,买盘
2800,13:19:58,4.99,685076,1375,买盘
2801,13:20:01,4.99,553159,1110,买盘
2802,13:20:04,4.98,1196595,2398,卖盘
2803,13:20:07,4.99,4868062,9756,买盘
2804,13:20:10,4.99,1354760,2715,买盘
2805,13:20:13,4.99,4521768,9062,买盘
2806,13:20:16,4.99,2598740,5208,买盘
2807,13:20:19,4.99,3790379,7596,买盘
2808,13:20:22,4.99,3479637,6974,买盘
2809,13:20:25,4.99,167155,335,买盘
2810,13:20:28,4.99,513441,1029,买盘
2811,13:20:31,4.99,446616,895,卖盘
2812,13:20:34,4.99,1294982,2595,卖盘
2813,13:20:37,4.99,462699,927,卖盘
2814,13:20:40,4.99,391750,785,卖盘
2815,13:20:43,4.99,420697,843,卖盘
2816,13:20:46,4.99,85812,172,买盘
2817,13:20:49,4.98,743320,1490,卖盘
2818,13:20:52,4.99,735493,1474,买盘
2819,13:20:55,4.99,245255,492,买盘
2820,13:20:58,4.99,515758,1034,买盘
2821,13:21:01,4.99,355196,712,买盘
2822,13:21:04,4.99,189501,380,买盘
2823,13:21:07,4.98,217038,435,卖盘
2824,13:21:10,4.99,71836,144,买盘
2825,13:21:13,4.99,353790,709,买盘
2826,13:21:16,4.99,1603981,3215,买盘
2827,13:21:19,4.99,94200,189,买盘
2828,13:21:22,4.99,585115,1174,买盘
2829,13:21:25,4.99,417157,837,买盘
2830,13:21:28,4.99,224787,451,买盘
2831,13:21:31,4.99,19958,40,买盘
2832,13:21:34,4.98,30434,61,卖盘
2833,13:21:37,4.98,77299,155,卖盘
2834,13:21:40,4.98,89154,179,卖盘
2835,13:21:43,4.98,140536,282,卖盘
2836,13:21:46,4.99,84177,169,买盘
2837,13:21:49,4.98,76274,153,卖盘
2838,13:21:52,4.99,26404,53,买盘
2839,13:21:55,4.98,220131,442,卖盘
2840,13:21:58,4.99,454490,912,买盘
2841,13:22:01,4.99,177440,356,买盘
2842,13:22:04,4.99,2031381,4079,买盘
2843,13:22:07,4.98,13292185,26691,卖盘
2844,13:22:10,4.98,1439608,2892,卖盘
2845,13:22:13,4.98,200694,403,买盘
2846,13:22:16,4.98,239554,481,卖盘
2847,13:22:19,4.99,356713,716,买盘
2848,13:22:22,4.99,562322,1129,买盘
2849,13:22:25,4.98,658862,1323,卖盘
2850,13:22:28,4.97,601934,1209,卖盘
2851,13:22:31,4.97,427213,858,卖盘
2852,13:22:34,4.98,352014,707,买盘
2853,13:22:37,4.97,339477,683,卖盘
2854,13:22:40,4.97,556335,1119,卖盘
2855,13:22:43,4.98,62179,125,买盘
2856,13:22:46,4.98,125476,252,买盘
2857,13:22:49,4.97,413754,831,卖盘
2858,13:22:52,4.98,406776,817,买盘
2859,13:22:55,4.97,572178,1149,卖盘
2860,13:22:58,4.97,345446,694,卖盘
2861,13:23:01,4.98,426063,856,买盘
2862,13:23:04,4.97,250407,503,卖盘
2863,13:23:07,4.97,74564,150,卖盘
2864,13:23:10,4.97,179537,361,卖盘
2865,13:23:13,4.97,540763,1087,卖盘
2866,13:23:16,4.97,425162,854,卖盘
2867,13:23:19,4.98,784265,1575,买盘
2868,13:23:22,4.98,193462,389,买盘
2869,13:23:25,4.97,702896,1412,卖盘
2870,13:23:28,4.97,335149,673,卖盘
2871,13:23:31,4.97,471309,947,卖盘
2872,13:23:34,4.98,4116468,8266,买盘
2873,13:23:37,4.98,302314,607,卖盘
2874,13:23:40,4.98,143424,288,卖盘
2875,13:23:43,4.98,115602,232,卖盘
2876,13:23:46,4.99,162951,327,买盘
2877,13:23:49,4.99,108076,217,买盘
2878,13:23:52,4.98,295147,592,卖盘
2879,13:23:55,4.98,202911,407,卖盘
2880,13:23:58,4.99,32429,65,买盘
2881,13:24:01,4.98,79729,160,卖盘
2882,13:24:04,4.99,78765,158,买盘
2883,13:24:07,4.99,1094363,2197,买盘
2884,13:24:10,4.98,574244,1153,卖盘
2885,13:24:13,4.98,291901,586,卖盘
2886,13:24:16,4.98,160025,321,卖盘
2887,13:24:19,4.99,117628,236,买盘
2888,13:24:22,4.98,128052,257,卖盘
2889,13:24:25,4.98,131006,263,卖盘
2890,13:24:28,4.98,210689,423,卖盘
2891,13:24:31,4.98,22414,45,卖盘
2892,13:24:34,4.98,178289,358,卖盘
2893,13:24:37,4.98,82760,166,卖盘
2894,13:24:40,4.98,137982,277,卖盘
2895,13:24:43,4.98,107103,215,卖盘
2896,13:24:46,4.98,77727,156,卖盘
2897,13:24:49,4.98,46316,93,卖盘
2898,13:24:52,4.98,335717,674,卖盘
2899,13:24:55,4.98,107070,215,卖盘
2900,13:24:58,4.98,180774,363,卖盘
2901,13:25:01,4.98,51793,104,卖盘
2902,13:25:04,4.98,123036,247,卖盘
2903,13:25:07,4.98,94122,189,卖盘
2904,13:25:10,4.98,117122,235,卖盘
2905,13:25:13,4.99,81207,163,买盘
2906,13:25:16,4.99,65770,132,买盘
2907,13:25:19,4.98,661258,1327,卖盘
2908,13:25:22,4.98,121544,244,卖盘
2909,13:25:25,4.99,93797,188,买盘
2910,13:25:28,4.99,57797,116,买盘
2911,13:25:31,4.98,365099,732,卖盘
2912,13:25:34,4.98,84702,170,卖盘
2913,13:25:37,4.98,86733,174,卖盘
2914,13:25:40,4.98,196744,395,卖盘
2915,13:25:43,4.99,52363,105,买盘
2916,13:25:46,4.98,383982,771,卖盘
2917,13:25:49,4.99,253171,508,买盘
2918,13:25:52,4.98,108132,217,卖盘
2919,13:25:55,4.98,33877,68,卖盘
2920,13:25:58,4.98,622689,1248,卖盘
2921,13:26:01,4.98,170425,342,卖盘
2922,13:26:04,4.99,209931,421,买盘
2923,13:26:07,4.98,81677,164,卖盘
2924,13:26:10,4.98,190806,383,卖盘
2925,13:26:13,4.98,412069,827,卖盘
2926,13:26:16,4.98,176814,355,卖盘
2927,13:26:19,4.98,252723,507,卖盘
2928,13:26:22,4.98,33884,68,卖盘
2929,13:26:25,4.99,183535,368,买盘
2930,13:26:28,4.98,117655,236,卖盘
2931,13:26:31,4.98,60809,122,卖盘
2932,13:26:34,4.98,343670,690,卖盘
2933,13:26:37,4.99,162131,325,买盘
2934,13:26:40,4.98,49815,100,卖盘
2935,13:26:43,4.99,286834,575,买盘
2936,13:26:46,4.98,85726,172,卖盘
2937,13:26:49,4.99,490511,983,买盘
2938,13:26:52,4.99,88279,177,买盘
2939,13:26:55,4.98,30395,61,卖盘
2940,13:26:58,4.99,129196,259,买盘
2941,13:27:01,4.98,84799,170,卖盘
2942,13:27:04,4.99,22954,46,买盘
2943,13:27:07,4.98,1309303,2629,卖盘
2944,13:27:10,4.98,115244,231,卖盘
2945,13:27:13,4.98,162846,327,卖盘
2946,13:27:16,4.98,759122,1524,卖盘
2947,13:27:19,4.98,54858,110,卖盘
2948,13:27:22,4.98,103688,208,卖盘
2949,13:27:25,4.99,20948,42,买盘
2950,13:27:28,4.98,387969,779,卖盘
2951,13:27:31,4.99,168483,338,买盘
2952,13:27:34,4.98,171574,344,卖盘
2953,13:27:37,4.99,99649,200,买盘
2954,13:27:40,4.98,309429,621,卖盘
2955,13:27:43,4.99,422728,848,买盘
2956,13:27:46,4.98,106074,213,卖盘
2957,13:27:49,4.98,2110782,4238,卖盘
2958,13:27:52,4.99,2141089,4298,买盘
2959,13:27:55,4.98,1120589,2250,卖盘
2960,13:27:58,4.98,7475,15,卖盘
2961,13:28:01,4.99,19451,39,买盘
2962,13:28:04,4.99,325329,653,买盘
2963,13:28:07,4.99,582559,1169,买盘
2964,13:28:10,4.98,123515,248,卖盘
2965,13:28:13,4.98,15936,32,卖盘
2966,13:28:16,4.98,254013,510,卖盘
2967,13:28:19,4.98,18430,37,卖盘
2968,13:28:22,4.99,80756,162,买盘
2969,13:28:25,4.99,244031,490,买盘
2970,13:28:28,4.99,14468,29,买盘
2971,13:28:31,4.98,178422,358,卖盘
2972,13:28:34,4.99,256494,515,买盘
2973,13:28:37,4.98,79311,159,卖盘
2974,13:28:40,4.99,170584,342,买盘
2975,13:28:43,4.98,127514,256,卖盘
2976,13:28:46,4.99,104726,210,买盘
2977,13:28:49,4.99,796248,1598,买盘
2978,13:28:52,4.99,37405,75,买盘
2979,13:28:55,4.99,202442,406,买盘
2980,13:28:58,4.99,61287,123,买盘
2981,13:29:01,4.98,49322,99,卖盘
2982,13:29:04,4.99,115098,231,买盘
2983,13:29:07,4.98,177855,357,卖盘
2984,13:29:10,4.98,626090,1257,卖盘
2985,13:29:13,4.99,100638,202,买盘
2986,13:29:16,4.99,100651,202,买盘
2987,13:29:19,4.99,28917,58,买盘
2988,13:29:22,4.99,50394,101,买盘
2989,13:29:25,4.98,89728,180,卖盘
2990,13:29:28,4.99,34429,69,买盘
2991,13:29:31,4.99,39881,80,买盘
2992,13:29:34,4.99,498534,1001,买盘
2993,13:29:37,4.99,180452,362,买盘
2994,13:29:40,4.99,54831,110,买盘
2995,13:29:43,4.98,516968,1037,卖盘
2996,13:29:46,4.98,59794,120,卖盘
2997,13:29:49,4.98,586316,1177,卖盘
2998,13:29:52,4.98,63754,128,卖盘
2999,13:29:55,4.99,18956,38,买盘
3000,13:29:58,4.99,536535,1077,买盘
3001,13:30:01,4.99,170000,341,买盘
3002,13:30:04,4.99,184056,369,买盘
3003,13:30:07,4.99,92660,186,买盘
3004,13:30:10,4.98,681609,1366,卖盘
3005,13:30:13,4.99,294081,590,买盘
3006,13:30:16,4.99,135095,271,买盘
3007,13:30:19,4.98,586164,1177,卖盘
3008,13:30:22,4.98,225316,452,卖盘
3009,13:30:25,4.99,51823,104,买盘
3010,13:30:28,4.98,220423,442,卖盘
3011,13:30:31,4.99,162000,325,买盘
3012,13:30:34,4.98,38893,78,卖盘
3013,13:30:37,4.98,147016,295,卖盘
3014,13:30:40,4.99,228145,458,买盘
3015,13:30:43,4.99,259262,520,买盘
3016,13:30:46,4.99,219311,440,买盘
3017,13:30:49,4.99,569752,1144,买盘
3018,13:30:52,4.99,30419,61,买盘
3019,13:30:55,4.98,187461,376,卖盘
3020,13:30:58,4.98,488412,980,卖盘
3021,13:31:01,4.98,47893,96,卖盘
3022,13:31:04,4.98,166547,334,卖盘
3023,13:31:07,4.98,629970,1265,卖盘
3024,13:31:10,4.99,283465,569,买盘
3025,13:31:13,4.98,41852,84,卖盘
3026,13:31:16,4.98,375141,753,卖盘
3027,13:31:19,4.98,166445,334,卖盘
3028,13:31:22,4.98,2591100,5203,卖盘
3029,13:31:25,4.98,173306,348,卖盘
