,成交时间,成交价格,成交金额,成交量,性质
0,09:25:02,29.56,32063732,10847,卖盘
1,09:30:02,29.51,1308020,443,卖盘
2,09:30:05,29.48,1948959,661,卖盘
3,09:30:08,29.43,2355848,799,中性盘
4,09:30:11,29.41,2390579,812,卖盘
5,09:30:14,29.4,3459108,1175,中性盘
6,09:30:17,29.44,8456321,2877,买盘
7,09:30:20,29.39,2914835,992,卖盘
8,09:30:23,29.44,9124138,3101,买盘
9,09:30:26,29.45,4545322,1544,买盘
10,09:30:29,29.5,7587679,2573,买盘
11,09:30:32,29.53,8188056,2774,买盘
12,09:30:35,29.54,6133460,2076,买盘
13,09:30:38,29.53,15789338,5343,卖盘
14,09:30:41,29.55,8997070,3047,买盘
15,09:30:44,29.59,3355716,1134,买盘
16,09:30:47,29.63,3230435,1091,买盘
17,09:30:50,29.63,7520749,2536,卖盘
18,09:30:53,29.68,1884655,635,买盘
19,09:30:56,29.72,2999269,1010,买盘
20,09:30:59,29.75,1736440,584,买盘
21,09:31:02,29.78,4266733,1434,买盘
22,09:31:05,29.8,1697468,570,买盘
23,09:31:08,29.8,8763656,2941,买盘
24,09:31:11,29.79,4135421,1388,买盘
25,09:31:14,29.78,4722950,1586,中性盘
26,09:31:17,29.8,20432193,6857,买盘
27,09:31:20,29.78,4064812,1365,卖盘
28,09:31:23,29.77,8201900,2759,中性盘
29,09:31:26,29.7,2150792,724,卖盘
30,09:31:29,29.68,5555039,1869,卖盘
31,09:31:32,29.68,5472699,1844,买盘
32,09:31:35,29.7,5512785,1857,买盘
33,09:31:38,29.71,4237619,1426,买盘
34,09:31:41,29.72,4880250,1643,买盘
35,09:31:44,29.71,4062343,1367,中性盘
36,09:31:47,29.74,5229383,1759,买盘
37,09:31:50,29.71,2405387,809,卖盘
38,09:31:53,29.72,7195033,2421,中性盘
39,09:31:56,29.72,2167597,729,卖盘
40,09:31:59,29.72,6471803,2178,卖盘
41,09:32:02,29.73,5440220,1829,买盘
42,09:32:05,29.76,2734086,919,买盘
43,09:32:08,29.81,4803975,1612,买盘
44,09:32:11,29.86,3843223,1288,买盘
45,09:32:14,29.86,5484754,1837,买盘
46,09:32:17,29.86,4403337,1475,卖盘
47,09:32:20,29.79,6566999,2202,卖盘
48,09:32:23,29.79,2926501,982,卖盘
49,09:32:26,29.79,2751283,923,卖盘
50,09:32:29,29.81,6237493,2092,买盘
51,09:32:32,29.81,3243264,1087,卖盘
52,09:32:35,29.85,1826156,612,买盘
53,09:32:38,29.87,3794787,1271,买盘
54,09:32:41,29.87,3519707,1178,买盘
55,09:32:44,29.87,3314107,1109,买盘
56,09:32:47,29.88,8923871,2985,中性盘
57,09:32:50,29.89,4983554,1667,中性盘
58,09:32:53,29.88,7210142,2414,卖盘
59,09:32:56,29.89,8384488,2805,买盘
60,09:32:59,29.9,4221819,1413,买盘
61,09:33:02,29.9,3663270,1225,卖盘
62,09:33:05,29.91,8434552,2818,买盘
63,09:33:08,29.94,2468042,824,中性盘
64,09:33:11,29.93,1164510,389,卖盘
65,09:33:14,29.91,3020774,1009,卖盘
66,09:33:17,29.9,4482425,1499,卖盘
67,09:33:20,29.88,3180029,1063,卖盘
68,09:33:23,29.86,1210382,405,卖盘
69,09:33:26,29.85,3945346,1321,卖盘
70,09:33:29,29.83,2245056,752,卖盘
71,09:33:32,29.8,2858236,959,卖盘
72,09:33:35,29.77,2257545,758,卖盘
73,09:33:38,29.76,1811746,609,中性盘
74,09:33:41,29.74,2854081,960,中性盘
75,09:33:44,29.74,3363431,1131,买盘
76,09:33:47,29.76,1134202,381,买盘
77,09:33:50,29.81,3236196,1087,买盘
78,09:33:53,29.85,4126514,1383,买盘
79,09:33:56,29.85,970256,325,卖盘
80,09:33:59,29.8,1950008,654,卖盘
81,09:34:02,29.78,3171044,1064,卖盘
82,09:34:05,29.76,2674921,898,卖盘
83,09:34:08,29.76,5132324,1725,卖盘
84,09:34:11,29.74,1932712,650,卖盘
85,09:34:14,29.74,5715478,1923,买盘
86,09:34:17,29.74,6718876,2259,买盘
87,09:34:20,29.74,2251926,757,卖盘
88,09:34:23,29.76,841983,283,买盘
89,09:34:26,29.74,1184512,398,卖盘
90,09:34:29,29.76,2013721,677,中性盘
91,09:34:32,29.76,1134386,381,卖盘
92,09:34:35,29.75,845129,284,买盘
93,09:34:38,29.76,1847730,621,买盘
94,09:34:41,29.75,1065419,358,卖盘
95,09:34:44,29.76,1937559,651,卖盘
96,09:34:47,29.73,3212207,1080,卖盘
97,09:34:50,29.72,3245537,1092,卖盘
98,09:34:53,29.73,1694810,570,买盘
99,09:34:56,29.71,4032792,1357,卖盘
100,09:34:59,29.7,2064611,695,中性盘
101,09:35:02,29.67,3822803,1288,卖盘
102,09:35:05,29.65,2416178,814,卖盘
103,09:35:08,29.67,922848,311,卖盘
104,09:35:11,29.66,5296648,1784,卖盘
105,09:35:14,29.72,4065766,1369,买盘
106,09:35:17,29.72,1424630,479,卖盘
107,09:35:20,29.77,797761,268,买盘
108,09:35:23,29.79,4673571,1569,买盘
109,09:35:26,29.8,2786408,935,买盘
110,09:35:29,29.79,3203280,1075,卖盘
111,09:35:32,29.8,2454796,824,买盘
112,09:35:35,29.81,2744779,921,买盘
113,09:35:38,29.81,1771780,594,卖盘
114,09:35:41,29.83,766674,257,中性盘
115,09:35:44,29.85,4118987,1380,买盘
116,09:35:47,29.87,1343987,450,买盘
117,09:35:50,29.87,1511404,506,卖盘
118,09:35:53,29.88,4053789,1357,买盘
119,09:35:56,29.88,4210686,1409,卖盘
120,09:35:59,29.81,2176521,729,卖盘
121,09:36:02,29.85,3489795,1170,买盘
122,09:36:05,29.82,2295727,769,卖盘
123,09:36:08,29.82,3565488,1195,买盘
124,09:36:11,29.82,2407638,807,卖盘
125,09:36:14,29.85,8497758,2846,买盘
126,09:36:17,29.86,865752,290,买盘
127,09:36:20,29.86,1666639,558,卖盘
128,09:36:23,29.87,2137378,716,买盘
129,09:36:26,29.87,1517261,508,买盘
130,09:36:29,29.84,6899797,2309,卖盘
131,09:36:32,29.85,2113565,708,买盘
132,09:36:35,29.88,7022419,2351,买盘
133,09:36:38,29.84,2012729,674,卖盘
134,09:36:41,29.89,7051829,2359,买盘
135,09:36:44,29.9,8254643,2761,买盘
136,09:36:47,29.89,1813238,607,中性盘
137,09:36:50,29.87,1243088,416,中性盘
138,09:36:53,29.86,1715867,574,买盘
139,09:36:56,29.86,1502261,503,卖盘
140,09:36:59,29.89,3257814,1090,买盘
141,09:37:02,29.86,3034671,1016,卖盘
142,09:37:05,29.91,3698424,1237,买盘
143,09:37:08,29.9,3968076,1327,卖盘
144,09:37:11,29.86,3106272,1040,卖盘
145,09:37:14,29.86,2202710,737,买盘
146,09:37:17,29.89,857308,287,中性盘
147,09:37:20,29.88,3191929,1068,中性盘
148,09:37:23,29.89,3056135,1023,买盘
149,09:37:26,29.86,1898412,636,中性盘
150,09:37:29,29.84,8502353,2852,卖盘
151,09:37:32,29.8,1958191,657,卖盘
152,09:37:35,29.8,1787733,600,买盘
153,09:37:38,29.78,935555,314,中性盘
154,09:37:41,29.79,1486671,499,买盘
155,09:37:44,29.8,1194536,401,买盘
156,09:37:47,29.79,1256749,422,中性盘
157,09:37:50,29.81,750977,252,买盘
158,09:37:53,29.8,1400567,470,卖盘
159,09:37:56,29.81,1472817,494,买盘
160,09:37:59,29.81,512791,172,卖盘
161,09:38:02,29.82,1836147,616,买盘
162,09:38:05,29.8,1377216,462,卖盘
163,09:38:08,29.83,1363885,457,买盘
164,09:38:11,29.83,626381,210,卖盘
165,09:38:14,29.84,1205638,404,买盘
166,09:38:17,29.86,2176499,729,买盘
167,09:38:20,29.84,1983229,664,卖盘
168,09:38:23,29.88,3126898,1047,买盘
169,09:38:26,29.84,2080807,697,买盘
170,09:38:29,29.86,2270863,760,中性盘
171,09:38:32,29.86,1329291,445,卖盘
172,09:38:35,29.89,481245,161,买盘
173,09:38:38,29.9,1384188,463,买盘
174,09:38:41,29.89,1862888,623,中性盘
175,09:38:44,29.9,1109226,371,买盘
176,09:38:47,29.9,5166603,1728,买盘
177,09:38:50,29.91,1525330,510,买盘
178,09:38:53,29.93,3035517,1014,买盘
179,09:38:56,29.9,3333452,1114,卖盘
180,09:38:59,29.91,634323,212,卖盘
181,09:39:02,29.93,3584527,1198,买盘
182,09:39:05,29.93,3625717,1212,买盘
183,09:39:08,29.93,3770909,1260,买盘
184,09:39:11,29.94,976139,326,买盘
185,09:39:14,29.94,973309,325,卖盘
186,09:39:17,29.95,682798,228,买盘
187,09:39:20,29.93,1939807,648,卖盘
188,09:39:23,29.92,4003223,1337,卖盘
189,09:39:26,29.92,1549320,518,买盘
190,09:39:29,29.9,2394772,801,卖盘
191,09:39:32,29.89,3904055,1306,卖盘
192,09:39:35,29.88,2535362,848,卖盘
193,09:39:38,29.9,841669,281,买盘
194,09:39:41,29.9,750612,251,卖盘
195,09:39:44,29.9,2035048,681,卖盘
196,09:39:47,29.9,1599616,535,买盘
197,09:39:50,29.88,1320933,442,卖盘
198,09:39:53,29.88,3078156,1030,买盘
199,09:39:56,29.89,2088533,699,买盘
200,09:39:59,29.9,547078,183,买盘
201,09:40:02,29.89,2167111,725,卖盘
202,09:40:05,29.87,1852583,620,卖盘
203,09:40:08,29.87,717256,240,卖盘
204,09:40:11,29.85,1773254,594,卖盘
205,09:40:14,29.83,4487598,1502,卖盘
206,09:40:17,29.81,945066,317,卖盘
207,09:40:20,29.78,3593779,1206,卖盘
208,09:40:23,29.79,851794,286,买盘
209,09:40:26,29.75,878211,295,卖盘
210,09:40:29,29.75,732212,246,卖盘
211,09:40:32,29.69,3814291,1283,卖盘
212,09:40:35,29.71,5414275,1823,买盘
213,09:40:38,29.71,962967,324,买盘
214,09:40:41,29.69,3107381,1046,卖盘
215,09:40:44,29.74,546974,184,买盘
216,09:40:47,29.73,552907,186,卖盘
217,09:40:50,29.71,820257,276,卖盘
218,09:40:53,29.69,3710399,1249,卖盘
219,09:40:56,29.69,7356568,2479,买盘
220,09:40:59,29.69,1718834,579,买盘
221,09:41:02,29.71,1707429,575,买盘
222,09:41:05,29.71,1165154,392,卖盘
223,09:41:08,29.74,1026122,345,买盘
224,09:41:11,29.77,666261,224,买盘
225,09:41:14,29.77,589154,198,买盘
226,09:41:17,29.77,633840,213,买盘
227,09:41:20,29.75,1484460,499,中性盘
228,09:41:23,29.71,2000618,673,卖盘
229,09:41:26,29.7,5316561,1789,卖盘
230,09:41:29,29.68,2075269,699,卖盘
231,09:41:32,29.68,5264793,1773,买盘
232,09:41:35,29.68,1273311,429,买盘
233,09:41:38,29.68,765850,258,买盘
234,09:41:41,29.67,1285377,433,卖盘
235,09:41:44,29.69,932282,314,买盘
236,09:41:47,29.7,1342382,452,买盘
237,09:41:50,29.68,1041928,351,卖盘
238,09:41:53,29.67,3237637,1091,卖盘
239,09:41:56,29.68,938387,316,买盘
240,09:41:59,29.68,3434998,1158,卖盘
241,09:42:02,29.71,4115555,1386,买盘
242,09:42:05,29.72,662788,223,买盘
243,09:42:08,29.74,532137,179,买盘
244,09:42:11,29.72,805709,271,中性盘
245,09:42:14,29.71,359572,121,卖盘
246,09:42:17,29.72,603362,203,买盘
247,09:42:20,29.73,347799,117,买盘
248,09:42:23,29.74,222996,75,买盘
249,09:42:26,29.74,1064728,358,买盘
250,09:42:29,29.74,1127096,379,卖盘
251,09:42:32,29.74,847487,285,卖盘
252,09:42:35,29.73,1388660,467,卖盘
253,09:42:38,29.71,1468371,494,卖盘
254,09:42:41,29.73,677823,228,买盘
255,09:42:44,29.73,1206982,406,卖盘
256,09:42:47,29.72,1043487,351,卖盘
257,09:42:50,29.74,817480,275,买盘
258,09:42:53,29.74,642331,216,买盘
259,09:42:56,29.74,1097473,369,买盘
260,09:42:59,29.73,987283,332,卖盘
261,09:43:02,29.75,1183751,398,买盘
262,09:43:05,29.74,6887567,2318,买盘
263,09:43:08,29.72,1619073,545,卖盘
264,09:43:11,29.72,1326487,446,卖盘
265,09:43:14,29.74,190337,64,中性盘
266,09:43:17,29.73,4265458,1436,卖盘
267,09:43:20,29.73,107042,36,卖盘
268,09:43:23,29.71,778845,262,卖盘
269,09:43:26,29.71,2315154,779,卖盘
270,09:43:29,29.71,353512,119,买盘
271,09:43:32,29.71,718758,242,买盘
272,09:43:35,29.7,4217936,1420,买盘
273,09:43:38,29.68,3149104,1061,卖盘
274,09:43:41,29.68,4646883,1566,买盘
275,09:43:44,29.68,884526,298,卖盘
276,09:43:47,29.68,650250,219,卖盘
277,09:43:50,29.68,851664,287,买盘
278,09:43:53,29.68,703470,237,买盘
279,09:43:56,29.73,2317804,780,买盘
280,09:43:59,29.75,1111770,374,买盘
281,09:44:02,29.76,520403,175,买盘
282,09:44:05,29.77,1928375,648,买盘
283,09:44:08,29.76,431721,145,中性盘
284,09:44:11,29.77,381040,128,买盘
285,09:44:14,29.76,759092,255,卖盘
286,09:44:17,29.76,1555904,523,卖盘
287,09:44:20,29.74,654346,220,中性盘
288,09:44:23,29.74,1005198,338,买盘
289,09:44:26,29.72,597399,201,中性盘
290,09:44:29,29.71,377443,127,卖盘
291,09:44:32,29.72,534799,180,买盘
292,09:44:35,29.74,1245582,419,买盘
293,09:44:38,29.73,419207,141,卖盘
294,09:44:41,29.71,1877666,632,卖盘
295,09:44:44,29.71,279267,94,买盘
296,09:44:47,29.7,680443,229,卖盘
297,09:44:50,29.69,320745,108,卖盘
298,09:44:53,29.68,2392397,806,卖盘
299,09:44:56,29.66,5672554,1912,卖盘
300,09:44:59,29.66,1622471,547,卖盘
301,09:45:02,29.63,3465051,1170,卖盘
302,09:45:05,29.6,2236910,755,卖盘
303,09:45:08,29.59,3751129,1267,卖盘
304,09:45:11,29.58,1789905,605,卖盘
305,09:45:14,29.57,913857,309,卖盘
306,09:45:17,29.57,987572,334,卖盘
307,09:45:20,29.56,919531,311,卖盘
308,09:45:23,29.56,1096511,371,买盘
309,09:45:26,29.56,992740,336,买盘
310,09:45:29,29.55,1282411,434,卖盘
311,09:45:32,29.55,883302,299,买盘
312,09:45:35,29.53,1018853,345,卖盘
313,09:45:38,29.56,2844989,963,买盘
314,09:45:41,29.56,8072036,2735,卖盘
315,09:45:44,29.53,1043023,353,卖盘
316,09:45:47,29.56,2647455,896,买盘
317,09:45:50,29.55,1790056,606,卖盘
318,09:45:53,29.58,2846723,963,买盘
319,09:45:56,29.55,1338932,453,卖盘
320,09:45:59,29.57,1366379,462,买盘
321,09:46:02,29.57,1186091,401,卖盘
322,09:46:05,29.58,1324853,448,卖盘
323,09:46:08,29.6,352145,119,买盘
324,09:46:11,29.56,1502223,508,卖盘
325,09:46:14,29.58,4047554,1368,买盘
326,09:46:17,29.58,2325453,786,买盘
327,09:46:20,29.58,1194800,404,卖盘
328,09:46:23,29.6,1269503,429,买盘
329,09:46:26,29.6,1440631,487,买盘
330,09:46:29,29.6,1085837,367,买盘
331,09:46:32,29.59,656914,222,卖盘
332,09:46:35,29.57,1425257,482,卖盘
333,09:46:38,29.57,810875,274,卖盘
334,09:46:41,29.58,1008083,341,买盘
335,09:46:44,29.59,624267,211,买盘
336,09:46:47,29.58,2861044,967,卖盘
337,09:46:50,29.58,863943,292,买盘
338,09:46:53,29.58,567883,192,买盘
339,09:46:56,29.57,2593126,877,卖盘
340,09:46:59,29.55,4415539,1494,卖盘
341,09:47:02,29.54,930520,315,卖盘
342,09:47:05,29.53,2776341,940,卖盘
343,09:47:08,29.51,3045838,1031,卖盘
344,09:47:11,29.53,895271,303,卖盘
345,09:47:14,29.53,936335,317,卖盘
346,09:47:17,29.55,3574899,1210,买盘
347,09:47:20,29.55,1108254,375,卖盘
348,09:47:23,29.55,1303779,441,卖盘
349,09:47:26,29.55,1087811,368,买盘
350,09:47:29,29.57,1088193,368,买盘
351,09:47:32,29.58,1680081,568,买盘
352,09:47:35,29.56,1691653,572,卖盘
353,09:47:38,29.6,1130171,382,买盘
354,09:47:41,29.62,1488969,503,买盘
355,09:47:44,29.63,453033,153,买盘
356,09:47:47,29.63,334718,113,买盘
357,09:47:50,29.59,1649923,557,卖盘
358,09:47:53,29.6,168760,57,中性盘
359,09:47:56,29.61,473662,160,中性盘
360,09:47:59,29.62,718380,243,买盘
361,09:48:02,29.58,1320987,446,卖盘
362,09:48:05,29.6,1664132,562,买盘
363,09:48:08,29.61,657097,222,买盘
364,09:48:11,29.62,632660,214,买盘
365,09:48:14,29.62,2605978,880,卖盘
366,09:48:17,29.63,719981,243,买盘
367,09:48:20,29.62,817728,276,卖盘
368,09:48:23,29.63,559898,189,卖盘
369,09:48:26,29.62,903452,305,卖盘
370,09:48:29,29.6,886384,299,卖盘
371,09:48:32,29.59,873112,295,卖盘
372,09:48:35,29.6,4514494,1527,买盘
373,09:48:38,29.59,683409,231,买盘
374,09:48:41,29.59,769309,260,买盘
375,09:48:44,29.59,718902,243,买盘
376,09:48:47,29.6,884771,299,买盘
377,09:48:50,29.59,411379,139,卖盘
378,09:48:53,29.6,1121696,379,买盘
379,09:48:56,29.6,1287654,435,卖盘
380,09:48:59,29.61,766790,259,买盘
381,09:49:02,29.61,1157843,391,卖盘
382,09:49:05,29.63,1057644,357,买盘
383,09:49:08,29.63,157580,53,卖盘
384,09:49:11,29.63,414851,140,卖盘
385,09:49:14,29.64,2760416,932,买盘
386,09:49:17,29.63,1315232,444,卖盘
387,09:49:20,29.62,1001156,338,中性盘
388,09:49:23,29.62,1087500,367,买盘
389,09:49:26,29.65,225185,76,买盘
390,09:49:29,29.62,1268067,428,卖盘
391,09:49:32,29.63,385235,130,中性盘
392,09:49:35,29.62,977790,330,卖盘
393,09:49:38,29.63,314076,106,买盘
394,09:49:41,29.65,2617889,883,买盘
395,09:49:44,29.66,871895,294,买盘
396,09:49:47,29.66,243193,82,买盘
397,09:49:50,29.66,1079433,364,卖盘
398,09:49:53,29.65,1224839,413,卖盘
399,09:49:56,29.63,1651114,557,卖盘
400,09:49:59,29.65,711412,240,买盘
401,09:50:02,29.64,551473,186,卖盘
402,09:50:05,29.63,1937220,654,卖盘
403,09:50:08,29.62,873314,295,中性盘
404,09:50:11,29.61,1110170,375,卖盘
405,09:50:14,29.61,1056937,357,买盘
406,09:50:17,29.58,2869632,970,卖盘
407,09:50:20,29.57,437636,148,卖盘
408,09:50:23,29.55,1412758,478,卖盘
409,09:50:26,29.54,357449,121,卖盘
410,09:50:29,29.54,366290,124,卖盘
411,09:50:32,29.53,321925,109,卖盘
412,09:50:35,29.54,1840609,623,买盘
413,09:50:38,29.55,1081195,366,中性盘
414,09:50:41,29.56,393095,133,买盘
415,09:50:44,29.57,2569337,869,买盘
416,09:50:47,29.56,612048,207,卖盘
417,09:50:50,29.58,609233,206,卖盘
418,09:50:53,29.58,760438,257,卖盘
419,09:50:56,29.59,494164,167,买盘
420,09:50:59,29.58,662422,224,卖盘
421,09:51:02,29.56,275045,93,卖盘
422,09:51:05,29.58,1044127,353,买盘
423,09:51:08,29.58,2972938,1005,卖盘
424,09:51:11,29.63,1145952,387,买盘
425,09:51:14,29.63,1042561,352,中性盘
426,09:51:17,29.65,2407289,812,买盘
427,09:51:20,29.64,1672287,564,卖盘
428,09:51:23,29.64,1123249,379,买盘
429,09:51:26,29.63,299302,101,卖盘
430,09:51:29,29.63,1837590,620,卖盘
431,09:51:32,29.64,1632772,551,卖盘
432,09:51:35,29.62,939333,317,卖盘
433,09:51:38,29.63,1179537,398,买盘
434,09:51:41,29.65,530594,179,买盘
435,09:51:44,29.64,738049,249,卖盘
436,09:51:47,29.63,1060916,358,卖盘
437,09:51:50,29.63,1282935,433,买盘
438,09:51:53,29.63,1173399,396,买盘
439,09:51:56,29.63,1081444,365,买盘
440,09:51:59,29.63,1721416,581,买盘
441,09:52:02,29.63,918468,310,买盘
442,09:52:05,29.64,954355,322,买盘
443,09:52:08,29.64,293368,99,买盘
444,09:52:11,29.64,687626,232,买盘
445,09:52:14,29.63,118544,40,卖盘
446,09:52:17,29.64,1197482,404,买盘
447,09:52:20,29.64,492101,166,卖盘
448,09:52:23,29.63,2506980,846,卖盘
449,09:52:26,29.63,1158724,391,买盘
450,09:52:29,29.63,580852,196,卖盘
451,09:52:32,29.65,646038,218,买盘
452,09:52:35,29.65,702604,237,买盘
453,09:52:38,29.64,622423,210,卖盘
454,09:52:41,29.63,391227,132,卖盘
455,09:52:44,29.65,4779837,1612,买盘
456,09:52:47,29.66,1179878,398,中性盘
457,09:52:50,29.67,1362565,459,中性盘
458,09:52:53,29.7,1018491,343,买盘
459,09:52:56,29.69,216757,73,中性盘
460,09:52:59,29.7,142547,48,买盘
461,09:53:02,29.7,3020576,1017,买盘
462,09:53:05,29.71,210997,71,中性盘
463,09:53:08,29.71,886088,298,卖盘
464,09:53:11,29.74,579711,195,买盘
465,09:53:14,29.71,1402682,472,卖盘
466,09:53:17,29.71,609195,205,买盘
467,09:53:20,29.71,121803,41,买盘
468,09:53:23,29.71,1066359,359,买盘
469,09:53:26,29.71,956609,322,卖盘
470,09:53:29,29.7,335604,113,卖盘
471,09:53:32,29.69,762939,257,卖盘
472,09:53:35,29.69,403531,136,买盘
473,09:53:38,29.67,685313,231,卖盘
474,09:53:41,29.66,124603,42,卖盘
475,09:53:44,29.66,486469,164,卖盘
476,09:53:47,29.66,1115766,376,卖盘
477,09:53:50,29.66,631766,213,卖盘
478,09:53:53,29.66,263994,89,买盘
479,09:53:56,29.66,240249,81,卖盘
480,09:53:59,29.67,275873,93,中性盘
481,09:54:02,29.66,183927,62,卖盘
482,09:54:05,29.67,308603,104,买盘
483,09:54:08,29.69,451144,152,买盘
484,09:54:11,29.68,118719,40,卖盘
485,09:54:14,29.68,736084,248,卖盘
486,09:54:17,29.68,338346,114,买盘
487,09:54:20,29.68,498616,168,买盘
488,09:54:23,29.63,2367119,798,卖盘
489,09:54:26,29.65,251952,85,买盘
490,09:54:29,29.65,1099426,371,买盘
491,09:54:32,29.63,163009,55,买盘
492,09:54:35,29.63,278622,94,卖盘
493,09:54:38,29.63,420803,142,卖盘
494,09:54:41,29.62,1069644,361,卖盘
495,09:54:44,29.59,1956854,661,卖盘
496,09:54:47,29.59,973360,329,卖盘
497,09:54:50,29.59,541357,183,买盘
498,09:54:53,29.58,502894,170,中性盘
499,09:54:56,29.56,2169927,734,卖盘
500,09:54:59,29.57,488018,165,卖盘
501,09:55:02,29.57,955991,323,卖盘
502,09:55:05,29.58,1926387,652,中性盘
503,09:55:08,29.56,487778,165,买盘
504,09:55:11,29.56,845497,286,卖盘
505,09:55:14,29.56,505462,171,卖盘
506,09:55:17,29.56,759763,257,卖盘
507,09:55:20,29.56,342927,116,卖盘
508,09:55:23,29.57,529191,179,买盘
509,09:55:26,29.57,943158,319,买盘
510,09:55:29,29.57,1218008,412,买盘
511,09:55:32,29.56,954818,323,卖盘
512,09:55:35,29.56,934313,316,卖盘
513,09:55:38,29.56,2804811,949,卖盘
514,09:55:41,29.59,2257486,763,买盘
515,09:55:44,29.56,618158,209,卖盘
516,09:55:47,29.56,778641,263,卖盘
517,09:55:50,29.6,156776,53,买盘
518,09:55:53,29.57,1008223,341,卖盘
519,09:55:56,29.58,363738,123,中性盘
520,09:55:59,29.57,396250,134,卖盘
521,09:56:02,29.58,842540,285,买盘
522,09:56:05,29.57,2388448,808,买盘
523,09:56:08,29.56,360735,122,卖盘
524,09:56:11,29.59,706746,239,买盘
525,09:56:14,29.57,736708,249,卖盘
526,09:56:17,29.58,1729654,585,中性盘
527,09:56:20,29.58,479086,162,买盘
528,09:56:23,29.59,470297,159,买盘
529,09:56:26,29.57,798578,270,卖盘
530,09:56:29,29.58,260256,88,买盘
531,09:56:32,29.57,1708827,578,卖盘
532,09:56:35,29.58,1829418,619,买盘
533,09:56:38,29.57,280905,95,买盘
534,09:56:41,29.55,1007995,341,卖盘
535,09:56:44,29.55,4638045,1571,卖盘
536,09:56:47,29.55,844818,286,买盘
537,09:56:50,29.51,330665,112,卖盘
538,09:56:53,29.52,717199,243,中性盘
539,09:56:56,29.51,321755,109,卖盘
540,09:56:59,29.51,560824,190,卖盘
541,09:57:02,29.51,1410752,478,卖盘
542,09:57:05,29.51,2118187,718,卖盘
543,09:57:08,29.5,1976582,670,卖盘
544,09:57:11,29.5,1861506,631,卖盘
545,09:57:14,29.5,1593022,540,卖盘
546,09:57:17,29.5,4904470,1663,买盘
547,09:57:20,29.49,1247662,423,卖盘
548,09:57:23,29.49,3706238,1256,卖盘
549,09:57:26,29.49,1979236,671,卖盘
550,09:57:29,29.48,574928,195,卖盘
551,09:57:32,29.48,907864,308,买盘
552,09:57:35,29.47,468629,159,卖盘
553,09:57:38,29.47,4065409,1380,卖盘
554,09:57:41,29.46,276992,94,卖盘
555,09:57:44,29.46,1632525,554,卖盘
556,09:57:47,29.46,3824190,1298,卖盘
557,09:57:50,29.47,1107746,376,买盘
558,09:57:53,29.46,1204943,409,卖盘
559,09:57:56,29.46,772069,262,卖盘
560,09:57:59,29.46,1143084,388,卖盘
561,09:58:02,29.46,854343,290,买盘
562,09:58:05,29.46,2076342,705,买盘
563,09:58:08,29.46,1216676,413,卖盘
564,09:58:11,29.45,477114,162,卖盘
565,09:58:14,29.46,641203,218,买盘
566,09:58:17,29.5,6305804,2137,买盘
567,09:58:20,29.46,898447,305,中性盘
568,09:58:23,29.46,814036,276,卖盘
569,09:58:26,29.48,1799635,611,买盘
570,09:58:29,29.48,182739,62,卖盘
571,09:58:32,29.48,418600,142,卖盘
572,09:58:35,29.48,315445,107,买盘
573,09:58:38,29.48,330168,112,卖盘
574,09:58:41,29.48,377320,128,买盘
575,09:58:44,29.48,403803,137,买盘
576,09:58:47,29.47,589397,200,卖盘
577,09:58:50,29.46,4848132,1647,卖盘
578,09:58:53,29.45,315232,107,卖盘
579,09:58:56,29.47,2254014,765,买盘
580,09:58:59,29.47,545211,185,卖盘
581,09:59:02,29.47,1013374,344,卖盘
582,09:59:05,29.45,380039,129,卖盘
583,09:59:08,29.48,1597400,542,买盘
584,09:59:11,29.48,1208423,410,买盘
585,09:59:14,29.46,757185,257,卖盘
586,09:59:17,29.45,658804,224,卖盘
587,09:59:20,29.46,474276,161,中性盘
588,09:59:23,29.46,247470,84,卖盘
589,09:59:26,29.46,497957,169,买盘
590,09:59:29,29.46,1373247,466,卖盘
591,09:59:32,29.46,394742,134,卖盘
592,09:59:35,29.46,547954,186,买盘
593,09:59:38,29.43,1431306,486,卖盘
594,09:59:41,29.45,523994,178,中性盘
595,09:59:44,29.44,303256,103,中性盘
596,09:59:47,29.43,1124231,382,卖盘
597,09:59:50,29.43,928300,315,卖盘
598,09:59:53,29.42,111813,38,卖盘
599,09:59:56,29.42,2121659,721,卖盘
600,09:59:59,29.42,2216183,753,卖盘
601,10:00:02,29.43,1579805,537,中性盘
602,10:00:05,29.45,989330,336,买盘
603,10:00:08,29.45,1705703,579,卖盘
604,10:00:11,29.45,1579282,536,卖盘
605,10:00:14,29.49,1249609,424,买盘
606,10:00:17,29.5,1076414,365,买盘
607,10:00:20,29.49,463134,157,卖盘
608,10:00:23,29.5,401217,136,买盘
609,10:00:26,29.51,690214,234,中性盘
610,10:00:29,29.5,315750,107,卖盘
611,10:00:32,29.5,259585,88,卖盘
612,10:00:35,29.49,931920,316,卖盘
613,10:00:38,29.51,1056237,358,买盘
614,10:00:41,29.5,527844,179,卖盘
615,10:00:44,29.5,309755,105,买盘
616,10:00:47,29.49,297932,101,卖盘
617,10:00:50,29.49,306736,104,卖盘
618,10:00:53,29.5,448330,152,买盘
619,10:00:56,29.49,507202,172,买盘
620,10:00:59,29.48,572024,194,卖盘
621,10:01:02,29.48,572088,194,卖盘
622,10:01:05,29.46,1305251,443,卖盘
623,10:01:08,29.45,294552,100,卖盘
624,10:01:11,29.44,1104027,375,卖盘
625,10:01:14,29.44,703504,239,买盘
626,10:01:17,29.43,238359,81,卖盘
627,10:01:20,29.42,638389,217,卖盘
628,10:01:23,29.41,932346,317,卖盘
629,10:01:26,29.42,855859,291,买盘
630,10:01:29,29.42,1808570,615,买盘
631,10:01:32,29.41,499917,170,中性盘
632,10:01:35,29.41,2649760,901,买盘
633,10:01:38,29.41,488076,166,买盘
634,10:01:41,29.41,2093441,712,买盘
635,10:01:44,29.41,536078,182,买盘
636,10:01:47,29.41,629181,214,买盘
637,10:01:50,29.4,423380,144,中性盘
638,10:01:53,29.42,5152053,1753,买盘
639,10:01:56,29.44,841392,286,买盘
640,10:01:59,29.44,2392913,813,买盘
641,10:02:02,29.46,868443,295,买盘
642,10:02:05,29.48,7983218,2712,买盘
643,10:02:08,29.47,1662412,564,中性盘
644,10:02:11,29.49,262340,89,买盘
645,10:02:14,29.49,120890,41,买盘
646,10:02:17,29.5,2221186,753,买盘
647,10:02:20,29.49,483842,164,卖盘
648,10:02:23,29.49,389377,132,卖盘
649,10:02:26,29.49,315671,107,卖盘
650,10:02:29,29.5,150438,51,买盘
651,10:02:32,29.48,1164664,395,卖盘
652,10:02:35,29.47,1388389,471,卖盘
653,10:02:38,29.47,377215,128,买盘
654,10:02:41,29.47,197417,67,买盘
655,10:02:44,29.47,309398,105,买盘
656,10:02:47,29.47,389012,132,买盘
657,10:02:50,29.47,403668,137,买盘
658,10:02:53,29.47,727796,247,卖盘
659,10:02:56,29.45,712918,242,卖盘
660,10:02:59,29.47,182685,62,买盘
661,10:03:02,29.46,100160,34,卖盘
662,10:03:05,29.44,933264,317,卖盘
663,10:03:08,29.44,668060,227,买盘
664,10:03:11,29.42,1506286,512,卖盘
665,10:03:14,29.43,609260,207,买盘
666,10:03:17,29.44,1811837,615,中性盘
667,10:03:20,29.45,583183,198,卖盘
668,10:03:23,29.44,1686085,573,卖盘
669,10:03:26,29.43,88339,30,卖盘
670,10:03:29,29.45,365121,124,买盘
671,10:03:32,29.43,641745,218,卖盘
672,10:03:35,29.45,518119,176,买盘
673,10:03:38,29.43,3392278,1153,卖盘
674,10:03:41,29.43,362144,123,买盘
675,10:03:44,29.45,326701,111,买盘
676,10:03:47,29.43,423985,144,卖盘
677,10:03:50,29.44,279683,95,中性盘
678,10:03:53,29.43,341456,116,卖盘
679,10:03:56,29.43,868448,295,卖盘
680,10:03:59,29.44,924627,314,中性盘
681,10:04:02,29.45,738961,251,中性盘
682,10:04:05,29.44,247304,84,卖盘
683,10:04:08,29.45,238516,81,买盘
684,10:04:11,29.45,173713,59,买盘
685,10:04:14,29.44,582997,198,卖盘
686,10:04:17,29.44,403404,137,卖盘
687,10:04:20,29.45,589033,200,买盘
688,10:04:23,29.45,1001313,340,卖盘
689,10:04:26,29.45,185540,63,卖盘
690,10:04:29,29.45,321017,109,卖盘
691,10:04:32,29.45,356364,121,卖盘
692,10:04:35,29.46,238608,81,买盘
693,10:04:38,29.45,400636,136,卖盘
694,10:04:41,29.46,421268,143,卖盘
695,10:04:44,29.46,2645875,898,买盘
696,10:04:47,29.45,798270,271,卖盘
697,10:04:50,29.45,609642,207,买盘
698,10:04:53,29.45,406411,138,卖盘
699,10:04:56,29.45,812665,276,买盘
700,10:04:59,29.45,471142,160,买盘
701,10:05:02,29.44,497602,169,卖盘
702,10:05:05,29.44,535844,182,买盘
703,10:05:08,29.45,429866,146,买盘
704,10:05:11,29.45,745071,253,买盘
705,10:05:14,29.47,1823573,619,买盘
706,10:05:17,29.51,3017469,1023,买盘
707,10:05:20,29.5,593086,201,卖盘
708,10:05:23,29.51,554694,188,中性盘
709,10:05:26,29.51,513379,174,买盘
710,10:05:29,29.51,796635,270,买盘
711,10:05:32,29.49,542674,184,卖盘
712,10:05:35,29.51,628226,213,买盘
713,10:05:38,29.49,1082554,367,中性盘
714,10:05:41,29.5,244793,83,买盘
715,10:05:44,29.46,751746,255,卖盘
716,10:05:47,29.49,241701,82,买盘
717,10:05:50,29.49,515832,175,买盘
718,10:05:53,29.5,377416,128,买盘
719,10:05:56,29.5,418828,142,买盘
720,10:05:59,29.5,106193,36,买盘
721,10:06:02,29.5,764018,259,买盘
722,10:06:05,29.5,241886,82,卖盘
723,10:06:08,29.5,486764,165,买盘
724,10:06:11,29.49,846278,287,卖盘
725,10:06:14,29.46,126733,43,卖盘
726,10:06:17,29.46,2076605,705,卖盘
727,10:06:20,29.48,391846,133,买盘
728,10:06:23,29.46,206211,70,中性盘
729,10:06:26,29.45,197379,67,卖盘
730,10:06:29,29.47,229822,78,买盘
731,10:06:32,29.45,518361,176,卖盘
732,10:06:35,29.46,326903,111,买盘
733,10:06:38,29.45,1183939,402,卖盘
734,10:06:41,29.46,223846,76,买盘
735,10:06:44,29.46,421207,143,买盘
736,10:06:47,29.47,980951,333,买盘
737,10:06:50,29.47,1696036,576,买盘
738,10:06:53,29.47,253385,86,买盘
739,10:06:56,29.46,218000,74,卖盘
740,10:06:59,29.46,1007311,342,买盘
741,10:07:02,29.47,288798,98,买盘
742,10:07:05,29.48,677855,230,买盘
743,10:07:08,29.48,144482,49,买盘
744,10:07:11,29.48,666118,226,卖盘
745,10:07:14,29.48,262366,89,买盘
746,10:07:17,29.48,268301,91,卖盘
747,10:07:20,29.49,283038,96,买盘
748,10:07:23,29.47,238761,81,卖盘
749,10:07:26,29.48,268284,91,中性盘
750,10:07:29,29.48,309583,105,卖盘
751,10:07:32,29.49,171009,58,买盘
752,10:07:35,29.49,97292,33,买盘
753,10:07:38,29.49,197541,67,买盘
754,10:07:41,29.49,206390,70,买盘
755,10:07:44,29.49,371556,126,买盘
756,10:07:47,29.49,343884,117,买盘
757,10:07:50,29.5,280197,95,买盘
758,10:07:53,29.5,1265393,429,买盘
759,10:07:56,29.5,466037,158,买盘
760,10:07:59,29.51,315628,107,买盘
761,10:08:02,29.51,1153485,391,买盘
762,10:08:05,29.53,1358026,460,买盘
763,10:08:08,29.54,274675,93,买盘
764,10:08:11,29.55,841923,285,买盘
765,10:08:14,29.55,221596,75,买盘
766,10:08:17,29.56,319144,108,买盘
767,10:08:20,29.57,653346,221,买盘
768,10:08:23,29.57,70965,24,买盘
769,10:08:26,29.58,346853,117,买盘
770,10:08:29,29.58,363793,123,买盘
771,10:08:32,29.58,375657,127,买盘
772,10:08:35,29.57,1576089,533,卖盘
773,10:08:38,29.57,322323,109,买盘
774,10:08:41,29.58,340024,115,买盘
775,10:08:44,29.56,428761,145,中性盘
776,10:08:47,29.58,963837,326,买盘
777,10:08:50,29.56,860547,291,卖盘
778,10:08:53,29.58,251387,85,卖盘
779,10:08:56,29.58,316498,107,买盘
780,10:08:59,29.58,195202,66,卖盘
781,10:09:02,29.58,346148,117,卖盘
782,10:09:05,29.58,396484,134,卖盘
783,10:09:08,29.59,600587,203,买盘
784,10:09:11,29.58,665500,225,卖盘
785,10:09:14,29.58,452617,153,卖盘
786,10:09:17,29.59,573955,194,买盘
787,10:09:20,29.6,801845,271,买盘
788,10:09:23,29.6,177578,60,买盘
789,10:09:26,29.6,346294,117,买盘
790,10:09:29,29.59,322557,109,卖盘
791,10:09:32,29.59,319572,108,卖盘
792,10:09:35,29.59,192335,65,买盘
793,10:09:38,29.59,278192,94,卖盘
794,10:09:41,29.6,896841,303,买盘
795,10:09:44,29.6,464566,157,买盘
796,10:09:47,29.59,1641821,555,卖盘
797,10:09:50,29.6,346300,117,买盘
798,10:09:53,29.59,162746,55,卖盘
799,10:09:56,29.6,210154,71,买盘
800,10:09:59,29.58,503036,170,卖盘
801,10:10:02,29.56,559022,189,卖盘
802,10:10:05,29.57,94653,32,中性盘
803,10:10:08,29.56,467157,158,卖盘
804,10:10:11,29.57,1313362,444,卖盘
805,10:10:14,29.57,943701,319,卖盘
806,10:10:17,29.58,568029,192,中性盘
807,10:10:20,29.6,541476,183,买盘
808,10:10:23,29.61,2477503,837,买盘
809,10:10:26,29.61,716260,242,买盘
810,10:10:29,29.61,417323,141,买盘
811,10:10:32,29.6,340374,115,卖盘
812,10:10:35,29.6,301866,102,卖盘
813,10:10:38,29.6,156901,53,买盘
814,10:10:41,29.6,142054,48,买盘
815,10:10:44,29.59,783918,265,卖盘
816,10:10:47,29.6,366976,124,买盘
817,10:10:50,29.59,207165,70,卖盘
818,10:10:53,29.59,1497982,506,卖盘
819,10:10:56,29.61,162828,55,买盘
820,10:10:59,29.59,115448,39,卖盘
821,10:11:02,29.61,162861,55,中性盘
822,10:11:05,29.61,399637,135,卖盘
823,10:11:08,29.61,230967,78,卖盘
824,10:11:11,29.61,112524,38,卖盘
825,10:11:14,29.6,183573,62,卖盘
826,10:11:17,29.6,529820,179,卖盘
827,10:11:20,29.61,900371,304,买盘
828,10:11:23,29.59,53272,18,卖盘
829,10:11:26,29.6,251579,85,买盘
830,10:11:29,29.6,121338,41,买盘
831,10:11:32,29.59,192391,65,卖盘
832,10:11:35,29.6,387742,131,买盘
833,10:11:38,29.6,233859,79,买盘
834,10:11:41,29.6,133212,45,卖盘
835,10:11:44,29.6,121385,41,卖盘
836,10:11:47,29.6,139140,47,卖盘
837,10:11:50,29.61,131066,44,买盘
838,10:11:53,29.61,586262,198,买盘
839,10:11:56,29.63,248825,84,买盘
840,10:11:59,29.61,1883782,636,卖盘
841,10:12:02,29.59,1538445,520,卖盘
842,10:12:05,29.59,266334,90,卖盘
843,10:12:08,29.59,630262,213,卖盘
844,10:12:11,29.59,372762,126,卖盘
845,10:12:14,29.59,423003,143,买盘
846,10:12:17,29.58,778421,263,中性盘
847,10:12:20,29.59,257459,87,中性盘
848,10:12:23,29.59,156805,53,卖盘
849,10:12:26,29.59,245618,83,卖盘
850,10:12:29,29.59,642268,217,卖盘
851,10:12:32,29.6,195350,66,中性盘
852,10:12:35,29.6,174623,59,卖盘
853,10:12:38,29.59,358180,121,卖盘
854,10:12:41,29.59,168669,57,卖盘
855,10:12:44,29.59,307825,104,买盘
856,10:12:47,29.59,298874,101,卖盘
857,10:12:50,29.6,263364,89,买盘
858,10:12:53,29.59,150951,51,卖盘
859,10:12:56,29.59,414322,140,卖盘
860,10:12:59,29.6,375907,127,买盘
861,10:13:02,29.6,396688,134,卖盘
862,10:13:05,29.61,399606,135,买盘
863,10:13:08,29.6,239758,81,卖盘
864,10:13:11,29.61,1154439,390,买盘
865,10:13:14,29.61,236933,80,卖盘
866,10:13:17,29.61,302073,102,卖盘
867,10:13:20,29.63,355455,120,买盘
868,10:13:23,29.61,402787,136,卖盘
869,10:13:26,29.61,236410,80,买盘
870,10:13:29,29.62,50358,17,中性盘
871,10:13:32,29.62,97743,33,买盘
872,10:13:35,29.62,796709,269,卖盘
873,10:13:38,29.62,1747587,590,卖盘
874,10:13:41,29.62,417632,141,买盘
875,10:13:44,29.62,88882,30,卖盘
876,10:13:47,29.64,808990,273,买盘
877,10:13:50,29.63,308152,104,卖盘
878,10:13:53,29.63,254905,86,卖盘
879,10:13:56,29.64,329002,111,买盘
880,10:13:59,29.61,2546889,860,卖盘
881,10:14:02,29.61,281217,95,买盘
882,10:14:05,29.61,1208487,408,买盘
883,10:14:08,29.61,485702,164,卖盘
884,10:14:11,29.63,334770,113,买盘
885,10:14:14,29.64,417618,141,买盘
886,10:14:17,29.62,284342,96,卖盘
887,10:14:20,29.63,417719,141,买盘
888,10:14:23,29.63,97798,33,买盘
889,10:14:26,29.64,263792,89,买盘
890,10:14:29,29.64,302313,102,卖盘
891,10:14:32,29.65,509795,172,买盘
892,10:14:35,29.66,853913,288,买盘
893,10:14:38,29.66,382592,129,买盘
894,10:14:41,29.66,314396,106,买盘
895,10:14:44,29.66,788848,266,买盘
896,10:14:47,29.64,275741,93,卖盘
897,10:14:50,29.63,684727,231,卖盘
898,10:14:53,29.65,613768,207,中性盘
899,10:14:56,29.66,447726,151,买盘
900,10:14:59,29.64,847763,286,卖盘
901,10:15:02,29.65,788520,266,买盘
902,10:15:05,29.63,400024,135,卖盘
903,10:15:08,29.65,373364,126,买盘
904,10:15:11,29.64,560053,189,买盘
905,10:15:14,29.64,400155,135,卖盘
906,10:15:17,29.65,346784,117,买盘
907,10:15:20,29.64,177837,60,中性盘
908,10:15:23,29.65,518600,175,买盘
909,10:15:26,29.63,394165,133,卖盘
910,10:15:29,29.65,243071,82,买盘
911,10:15:32,29.63,257873,87,卖盘
912,10:15:35,29.65,575092,194,买盘
913,10:15:38,29.65,533555,180,买盘
914,10:15:41,29.65,509978,172,买盘
915,10:15:44,29.65,157163,53,卖盘
916,10:15:47,29.65,477378,161,卖盘
917,10:15:50,29.66,255046,86,买盘
918,10:15:53,29.66,729450,246,买盘
919,10:15:56,29.66,314392,106,买盘
920,10:15:59,29.66,195756,66,买盘
921,10:16:02,29.66,349974,118,买盘
922,10:16:05,29.65,299579,101,卖盘
923,10:16:08,29.66,1257261,424,买盘
924,10:16:11,29.65,524811,177,卖盘
925,10:16:14,29.65,836169,282,买盘
926,10:16:17,29.65,432956,146,卖盘
927,10:16:20,29.67,403445,136,买盘
928,10:16:23,29.64,690921,233,卖盘
929,10:16:26,29.65,1271659,429,买盘
930,10:16:29,29.65,311331,105,买盘
931,10:16:32,29.66,507179,171,买盘
932,10:16:35,29.67,1572302,530,买盘
933,10:16:38,29.67,439209,148,卖盘
934,10:16:41,29.69,902306,304,买盘
935,10:16:44,29.68,53430,18,卖盘
936,10:16:47,29.69,296886,100,买盘
937,10:16:50,29.68,632291,213,卖盘
938,10:16:53,29.69,472062,159,买盘
939,10:16:56,29.69,409671,138,买盘
940,10:16:59,29.7,282105,95,买盘
941,10:17:02,29.7,2010248,677,买盘
942,10:17:05,29.7,228682,77,买盘
943,10:17:08,29.7,369888,125,买盘
944,10:17:11,29.69,472181,159,卖盘
945,10:17:14,29.69,1040624,350,卖盘
946,10:17:17,29.68,611466,206,卖盘
947,10:17:20,29.68,240420,81,卖盘
948,10:17:23,29.68,1448686,488,买盘
949,10:17:26,29.68,1364498,460,卖盘
950,10:17:29,29.68,127638,43,买盘
951,10:17:32,29.69,377099,127,买盘
952,10:17:35,29.7,195957,66,买盘
953,10:17:38,29.69,391919,132,卖盘
954,10:17:41,29.69,590839,199,卖盘
955,10:17:44,29.69,314745,106,卖盘
956,10:17:47,29.68,115781,39,卖盘
957,10:17:50,29.68,145435,49,卖盘
958,10:17:53,29.69,587810,198,买盘
959,10:17:56,29.69,700517,236,买盘
960,10:17:59,29.67,694519,234,卖盘
961,10:18:02,29.68,721133,243,买盘
962,10:18:05,29.68,148362,50,买盘
963,10:18:08,29.68,575608,194,买盘
964,10:18:11,29.68,522355,176,买盘
965,10:18:14,29.68,296804,100,卖盘
966,10:18:17,29.68,175130,59,卖盘
967,10:18:20,29.69,243437,82,买盘
968,10:18:23,29.69,656828,221,买盘
969,10:18:26,29.69,409610,138,买盘
970,10:18:29,29.68,545377,184,卖盘
971,10:18:32,29.68,421488,142,买盘
972,10:18:35,29.67,270073,91,卖盘
973,10:18:38,29.67,234529,79,卖盘
974,10:18:41,29.67,1696782,572,卖盘
975,10:18:44,29.67,421286,142,买盘
976,10:18:47,29.66,815669,275,卖盘
977,10:18:50,29.63,139355,47,卖盘
978,10:18:53,29.66,839058,283,买盘
979,10:18:56,29.64,112650,38,中性盘
980,10:18:59,29.65,91893,31,买盘
981,10:19:02,29.65,512882,173,买盘
982,10:19:05,29.64,77079,26,卖盘
983,10:19:08,29.64,1141139,385,卖盘
984,10:19:11,29.64,459537,155,卖盘
985,10:19:14,29.65,225304,76,买盘
986,10:19:17,29.64,569144,192,卖盘
987,10:19:20,29.64,942832,318,买盘
988,10:19:23,29.64,791669,267,卖盘
989,10:19:26,29.64,335038,113,买盘
990,10:19:29,29.67,100845,34,买盘
991,10:19:32,29.67,222460,75,买盘
992,10:19:35,29.68,157260,53,买盘
993,10:19:38,29.68,261118,88,买盘
994,10:19:41,29.67,175082,59,卖盘
995,10:19:44,29.67,68241,23,卖盘
996,10:19:47,29.66,258127,87,卖盘
997,10:19:50,29.66,341120,115,卖盘
998,10:19:53,29.68,551810,186,买盘
999,10:19:56,29.67,240334,81,买盘
1000,10:19:59,29.67,269970,91,卖盘
1001,10:20:02,29.68,1053356,355,买盘
1002,10:20:05,29.67,807104,272,中性盘
1003,10:20:08,29.68,201787,68,买盘
1004,10:20:11,29.68,436275,147,买盘
1005,10:20:14,29.68,142452,48,买盘
1006,10:20:17,29.68,299731,101,买盘
1007,10:20:20,29.68,198868,67,买盘
1008,10:20:23,29.67,195889,66,卖盘
1009,10:20:26,29.67,94981,32,卖盘
1010,10:20:29,29.67,148378,50,卖盘
1011,10:20:32,29.66,958346,323,卖盘
1012,10:20:35,29.67,183986,62,中性盘
1013,10:20:38,29.67,400496,135,买盘
1014,10:20:41,29.69,436263,147,买盘
1015,10:20:44,29.68,320558,108,卖盘
1016,10:20:47,29.68,469049,158,卖盘
1017,10:20:50,29.68,192973,65,卖盘
1018,10:20:53,29.68,302807,102,卖盘
1019,10:20:56,29.69,816383,275,买盘
1020,10:20:59,29.69,590975,199,买盘
1021,10:21:02,29.69,706814,238,卖盘
1022,10:21:05,29.7,1177720,397,买盘
1023,10:21:08,29.71,778471,262,买盘
1024,10:21:11,29.71,496284,167,卖盘
1025,10:21:14,29.72,344758,116,买盘
1026,10:21:17,29.72,273458,92,卖盘
1027,10:21:20,29.72,329886,111,买盘
1028,10:21:23,29.72,1209239,407,买盘
1029,10:21:26,29.72,252641,85,卖盘
1030,10:21:29,29.73,716338,241,买盘
1031,10:21:32,29.73,689644,232,买盘
1032,10:21:35,29.73,648007,218,买盘
1033,10:21:38,29.73,853038,287,买盘
1034,10:21:41,29.72,425039,143,卖盘
1035,10:21:44,29.74,1004914,338,买盘
1036,10:21:47,29.72,166459,56,买盘
1037,10:21:50,29.72,564845,190,卖盘
1038,10:21:53,29.73,380512,128,买盘
1039,10:21:56,29.73,178363,60,买盘
1040,10:21:59,29.72,740296,249,卖盘
1041,10:22:02,29.74,437086,147,买盘
1042,10:22:05,29.74,496542,167,买盘
1043,10:22:08,29.73,1078976,363,卖盘
1044,10:22:11,29.73,1052166,354,买盘
1045,10:22:14,29.72,326970,110,买盘
1046,10:22:17,29.72,475440,160,买盘
1047,10:22:20,29.72,142667,48,买盘
1048,10:22:23,29.72,769820,259,卖盘
1049,10:22:26,29.71,543785,183,卖盘
1050,10:22:29,29.72,668531,225,买盘
1051,10:22:32,29.72,234734,79,买盘
1052,10:22:35,29.71,249578,84,买盘
1053,10:22:38,29.72,418998,141,买盘
1054,10:22:41,29.72,944781,318,买盘
1055,10:22:44,29.69,790091,266,卖盘
1056,10:22:47,29.7,466463,157,卖盘
1057,10:22:50,29.71,172299,58,买盘
1058,10:22:53,29.7,876312,295,卖盘
1059,10:22:56,29.71,244427,82,买盘
1060,10:22:59,29.73,1269140,427,买盘
1061,10:23:02,29.74,1785188,600,买盘
1062,10:23:05,29.76,2766678,930,买盘
1063,10:23:08,29.76,241053,81,买盘
1064,10:23:11,29.78,717404,241,买盘
1065,10:23:14,29.77,467428,157,卖盘
1066,10:23:17,29.77,407926,137,卖盘
1067,10:23:20,29.78,422862,142,买盘
1068,10:23:23,29.78,440717,148,买盘
1069,10:23:26,29.78,771244,259,买盘
1070,10:23:29,29.79,949973,319,买盘
1071,10:23:32,29.8,1942539,652,买盘
1072,10:23:35,29.8,369496,124,买盘
1073,10:23:38,29.8,530398,178,买盘
1074,10:23:41,29.81,1671856,561,买盘
1075,10:23:44,29.82,1341915,450,买盘
1076,10:23:47,29.83,322192,108,买盘
1077,10:23:50,29.85,1104510,370,买盘
1078,10:23:53,29.86,1385389,464,买盘
1079,10:23:56,29.86,2356510,789,买盘
1080,10:23:59,29.84,1421198,476,卖盘
1081,10:24:02,29.86,1173295,393,买盘
1082,10:24:05,29.85,394070,132,中性盘
1083,10:24:08,29.84,361230,121,卖盘
1084,10:24:11,29.86,1337481,448,买盘
1085,10:24:14,29.86,817967,274,买盘
1086,10:24:17,29.86,2594726,869,买盘
1087,10:24:20,29.86,3578254,1198,卖盘
1088,10:24:23,29.86,1592423,533,卖盘
1089,10:24:26,29.86,1872495,627,卖盘
1090,10:24:29,29.86,3303121,1106,卖盘
1091,10:24:32,29.87,2299720,770,买盘
1092,10:24:35,29.86,1286970,431,卖盘
1093,10:24:38,29.86,1206425,404,卖盘
1094,10:24:41,29.87,1090171,365,买盘
1095,10:24:44,29.87,728735,244,买盘
1096,10:24:47,29.88,406327,136,买盘
1097,10:24:50,29.86,678142,227,卖盘
1098,10:24:53,29.85,1266151,424,卖盘
1099,10:24:56,29.85,805798,270,买盘
1100,10:24:59,29.85,758068,254,买盘
1101,10:25:02,29.86,782247,262,买盘
1102,10:25:05,29.86,797259,267,卖盘
1103,10:25:08,29.9,11744520,3929,买盘
1104,10:25:11,29.93,2142033,716,买盘
1105,10:25:14,29.97,18756743,6261,买盘
1106,10:25:17,29.97,9557004,3188,卖盘
1107,10:25:20,29.99,1757218,586,买盘
1108,10:25:23,29.99,8210486,2738,买盘
1109,10:25:26,29.99,4540858,1514,买盘
1110,10:25:29,29.99,2057763,686,卖盘
1111,10:25:32,29.99,6788392,2263,卖盘
1112,10:25:35,29.98,1979682,660,卖盘
1113,10:25:38,30.0,3317580,1106,买盘
1114,10:25:41,29.99,2141284,714,卖盘
1115,10:25:44,29.99,2330846,777,卖盘
1116,10:25:47,29.99,1424647,475,卖盘
1117,10:25:50,29.99,866852,289,卖盘
1118,10:25:53,30.0,4319635,1440,买盘
1119,10:25:56,30.0,6710797,2237,买盘
1120,10:25:59,30.0,8208475,2736,买盘
1121,10:26:02,30.01,1609338,536,买盘
1122,10:26:05,30.02,1044430,348,买盘
1123,10:26:08,30.02,5511849,1835,卖盘
1124,10:26:11,30.07,7211826,2397,买盘
1125,10:26:14,30.09,2383614,792,中性盘
1126,10:26:17,30.14,3555346,1181,买盘
1127,10:26:20,30.15,2930161,972,买盘
1128,10:26:23,30.15,2421154,803,买盘
1129,10:26:26,30.17,12603832,4180,买盘
1130,10:26:29,30.15,3045760,1010,卖盘
1131,10:26:32,30.14,2610764,866,卖盘
1132,10:26:35,30.14,1844795,612,卖盘
1133,10:26:38,30.13,1247823,414,中性盘
1134,10:26:41,30.14,1190247,395,买盘
1135,10:26:44,30.12,2740634,910,中性盘
1136,10:26:47,30.1,2432571,808,卖盘
1137,10:26:50,30.1,3408162,1132,卖盘
1138,10:26:53,30.1,3715371,1234,卖盘
1139,10:26:56,30.1,2583681,858,卖盘
1140,10:26:59,30.1,1162062,386,卖盘
1141,10:27:02,30.08,1056530,351,卖盘
1142,10:27:05,30.08,866400,288,卖盘
1143,10:27:08,30.07,769842,256,卖盘
1144,10:27:11,30.07,1990587,662,卖盘
1145,10:27:14,30.04,1085141,361,卖盘
1146,10:27:17,30.04,573846,191,卖盘
1147,10:27:20,30.04,363503,121,卖盘
1148,10:27:23,30.02,651756,217,卖盘
1149,10:27:26,30.02,1366436,455,卖盘
1150,10:27:29,30.01,2063041,687,卖盘
1151,10:27:32,30.02,783592,261,买盘
1152,10:27:35,30.01,1161580,387,卖盘
1153,10:27:38,30.05,2658335,885,买盘
1154,10:27:41,30.09,2029750,675,买盘
1155,10:27:44,30.09,1287650,428,卖盘
1156,10:27:47,30.09,998736,332,卖盘
1157,10:27:50,30.09,953917,317,买盘
1158,10:27:53,30.09,707163,235,买盘
1159,10:27:56,30.09,1956124,650,卖盘
1160,10:27:59,30.15,2937853,975,买盘
1161,10:28:02,30.22,22746923,7537,买盘
1162,10:28:05,30.29,7513435,2483,买盘
1163,10:28:08,30.28,5992495,1979,卖盘
1164,10:28:11,30.29,6073224,2005,买盘
1165,10:28:14,30.28,1386834,458,买盘
1166,10:28:17,30.26,2144077,708,卖盘
1167,10:28:20,30.28,1986426,656,买盘
1168,10:28:23,30.24,2613098,864,卖盘
1169,10:28:26,30.26,2877837,951,买盘
1170,10:28:29,30.27,3011081,995,中性盘
1171,10:28:32,30.28,1964892,649,买盘
1172,10:28:35,30.29,1965957,649,买盘
1173,10:28:38,30.3,8366278,2761,买盘
1174,10:28:41,30.33,8584422,2832,买盘
1175,10:28:44,30.35,2230369,736,买盘
1176,10:28:47,30.36,4865548,1603,买盘
1177,10:28:50,30.36,9330282,3074,买盘
1178,10:28:53,30.38,12601446,4149,买盘
1179,10:28:56,30.36,4915257,1620,卖盘
1180,10:28:59,30.37,3563947,1174,买盘
1181,10:29:02,30.4,8746686,2880,买盘
1182,10:29:05,30.39,5368314,1766,中性盘
1183,10:29:08,30.4,3746301,1233,买盘
1184,10:29:11,30.4,4350985,1432,买盘
1185,10:29:14,30.37,3355844,1104,卖盘
1186,10:29:17,30.38,3130144,1030,中性盘
1187,10:29:20,30.39,4176975,1374,买盘
1188,10:29:23,30.4,1193178,393,买盘
1189,10:29:26,30.4,1663642,547,卖盘
1190,10:29:29,30.38,6254394,2057,卖盘
1191,10:29:32,30.38,3714505,1223,买盘
1192,10:29:35,30.38,3045088,1003,买盘
1193,10:29:38,30.36,1360829,448,中性盘
1194,10:29:41,30.35,794970,262,卖盘
1195,10:29:44,30.34,782798,258,卖盘
1196,10:29:47,30.35,2197326,724,买盘
1197,10:29:50,30.35,2736726,902,买盘
1198,10:29:53,30.39,7545948,2483,买盘
1199,10:29:56,30.44,4420652,1454,买盘
1200,10:29:59,30.44,2457520,808,买盘
1201,10:30:02,30.46,6352164,2086,买盘
1202,10:30:05,30.5,6476379,2124,买盘
1203,10:30:08,30.52,12839576,4209,买盘
1204,10:30:11,30.53,4467957,1463,中性盘
1205,10:30:14,30.55,6575990,2153,买盘
1206,10:30:17,30.57,3246042,1062,买盘
1207,10:30:20,30.6,16036421,5242,买盘
1208,10:30:23,30.54,20887056,6836,卖盘
1209,10:30:26,30.53,10650501,3488,买盘
1210,10:30:29,30.57,6658652,2179,买盘
1211,10:30:32,30.53,12704608,4159,卖盘
1212,10:30:35,30.54,5909556,1936,买盘
1213,10:30:38,30.56,3956035,1295,买盘
1214,10:30:41,30.55,6745018,2209,卖盘
1215,10:30:44,30.54,12518527,4103,中性盘
1216,10:30:47,30.53,5310575,1740,中性盘
1217,10:30:50,30.5,6471074,2122,中性盘
1218,10:30:53,30.52,5364526,1759,买盘
1219,10:30:56,30.53,2173161,712,买盘
1220,10:30:59,30.53,7130497,2336,买盘
1221,10:31:02,30.53,2936667,962,卖盘
1222,10:31:05,30.52,2825927,926,中性盘
1223,10:31:08,30.48,10408259,3415,中性盘
1224,10:31:11,30.47,2898568,951,卖盘
1225,10:31:14,30.44,822186,270,卖盘
1226,10:31:17,30.39,5217461,1715,卖盘
1227,10:31:20,30.39,789970,260,卖盘
1228,10:31:23,30.39,3721818,1225,中性盘
1229,10:31:26,30.41,1422399,468,买盘
1230,10:31:29,30.42,1350686,444,买盘
1231,10:31:32,30.42,867069,285,卖盘
1232,10:31:35,30.41,1524014,501,卖盘
1233,10:31:38,30.42,4426636,1455,买盘
1234,10:31:41,30.42,2404035,790,买盘
1235,10:31:44,30.42,1293204,425,卖盘
1236,10:31:47,30.42,2008026,660,卖盘
1237,10:31:50,30.41,1933243,636,中性盘
1238,10:31:53,30.42,1617216,532,买盘
1239,10:31:56,30.38,647043,213,卖盘
1240,10:31:59,30.37,990594,326,卖盘
1241,10:32:02,30.41,2167039,713,买盘
1242,10:32:05,30.39,747924,246,卖盘
1243,10:32:08,30.45,4428917,1455,买盘
1244,10:32:11,30.44,1604122,527,卖盘
1245,10:32:14,30.45,1550561,509,中性盘
1246,10:32:17,30.47,1498739,492,买盘
1247,10:32:20,30.49,1280328,420,买盘
1248,10:32:23,30.52,1698871,557,买盘
1249,10:32:26,30.52,1650753,541,买盘
1250,10:32:29,30.5,3721829,1220,卖盘
1251,10:32:32,30.49,1463393,480,卖盘
1252,10:32:35,30.49,1898613,623,买盘
1253,10:32:38,30.45,1303852,428,卖盘
1254,10:32:41,30.44,1598093,525,卖盘
1255,10:32:44,30.41,3883221,1276,卖盘
1256,10:32:47,30.41,1441991,474,卖盘
1257,10:32:50,30.41,6712640,2206,卖盘
1258,10:32:53,30.44,4007460,1317,买盘
1259,10:32:56,30.45,2286132,751,买盘
1260,10:32:59,30.46,1120650,368,买盘
1261,10:33:02,30.46,1187870,390,买盘
1262,10:33:05,30.46,1185144,389,卖盘
1263,10:33:08,30.48,1115301,366,买盘
1264,10:33:11,30.46,1611492,529,卖盘
1265,10:33:14,30.44,1388859,456,卖盘
1266,10:33:17,30.43,2102797,691,卖盘
1267,10:33:20,30.38,11723362,3856,卖盘
1268,10:33:23,30.35,3290857,1084,卖盘
1269,10:33:26,30.35,3812070,1256,卖盘
1270,10:33:29,30.31,3907013,1288,卖盘
1271,10:33:32,30.36,4312287,1421,买盘
1272,10:33:35,30.38,1196716,394,买盘
1273,10:33:38,30.41,2988064,983,买盘
1274,10:33:41,30.42,1082866,356,买盘
1275,10:33:44,30.43,3599250,1183,买盘
1276,10:33:47,30.43,1274989,419,卖盘
1277,10:33:50,30.42,1089643,358,卖盘
1278,10:33:53,30.42,413656,136,买盘
1279,10:33:56,30.4,1426566,469,卖盘
1280,10:33:59,30.39,1230941,405,卖盘
1281,10:34:02,30.38,309948,102,卖盘
1282,10:34:05,30.36,1418893,467,卖盘
1283,10:34:08,30.37,834995,275,买盘
1284,10:34:11,30.45,7354171,2418,买盘
1285,10:34:14,30.47,1014635,333,买盘
1286,10:34:17,30.5,2215620,727,买盘
1287,10:34:20,30.51,3937558,1291,买盘
1288,10:34:23,30.53,9060723,2967,买盘
1289,10:34:26,30.6,14915229,4876,买盘
1290,10:34:29,30.57,4483379,1465,卖盘
1291,10:34:32,30.61,3442743,1125,买盘
1292,10:34:35,30.59,3560847,1164,卖盘
1293,10:34:38,30.54,3229572,1056,卖盘
1294,10:34:41,30.57,2206250,722,买盘
1295,10:34:44,30.58,5589922,1828,买盘
1296,10:34:47,30.6,4400881,1439,买盘
1297,10:34:50,30.57,4205515,1375,卖盘
1298,10:34:53,30.6,6784351,2218,买盘
1299,10:34:56,30.6,3521885,1151,买盘
1300,10:34:59,30.6,2834701,926,买盘
1301,10:35:02,30.59,4066025,1329,卖盘
1302,10:35:05,30.54,3155458,1032,卖盘
1303,10:35:08,30.56,1555490,509,买盘
1304,10:35:11,30.54,1686862,552,买盘
1305,10:35:14,30.54,1163986,381,卖盘
1306,10:35:17,30.54,1792678,587,卖盘
1307,10:35:20,30.54,3569166,1169,买盘
1308,10:35:23,30.56,3405124,1115,买盘
1309,10:35:26,30.58,3472534,1136,买盘
1310,10:35:29,30.58,3340212,1092,买盘
1311,10:35:32,30.57,788844,258,中性盘
1312,10:35:35,30.56,1030164,337,卖盘
1313,10:35:38,30.56,2116620,693,卖盘
1314,10:35:41,30.57,1115601,365,买盘
1315,10:35:44,30.56,3025827,990,卖盘
1316,10:35:47,30.54,1133249,371,中性盘
1317,10:35:50,30.54,1337942,438,卖盘
1318,10:35:53,30.55,681344,223,买盘
1319,10:35:56,30.55,1093831,358,卖盘
1320,10:35:59,30.54,1973669,646,卖盘
1321,10:36:02,30.57,1356703,444,买盘
1322,10:36:05,30.57,3972611,1300,买盘
1323,10:36:08,30.57,599001,196,买盘
1324,10:36:11,30.56,1008544,330,中性盘
1325,10:36:14,30.54,1460132,478,卖盘
1326,10:36:17,30.54,855140,280,买盘
1327,10:36:20,30.54,1047335,343,买盘
1328,10:36:23,30.55,742202,243,买盘
1329,10:36:26,30.55,577296,189,买盘
1330,10:36:29,30.53,1374043,450,卖盘
1331,10:36:32,30.5,2469074,809,卖盘
1332,10:36:35,30.5,10447813,3426,卖盘
1333,10:36:38,30.45,1189626,390,中性盘
1334,10:36:41,30.47,155401,51,中性盘
1335,10:36:44,30.47,371822,122,卖盘
1336,10:36:47,30.47,533178,175,卖盘
1337,10:36:50,30.47,594167,195,卖盘
1338,10:36:53,30.47,1751091,575,卖盘
1339,10:36:56,30.47,240630,79,买盘
1340,10:36:59,30.45,2006114,659,卖盘
1341,10:37:02,30.45,1927497,633,卖盘
1342,10:37:05,30.45,2774899,911,卖盘
1343,10:37:08,30.45,2087917,686,买盘
1344,10:37:11,30.42,1156444,380,卖盘
1345,10:37:14,30.45,1290665,424,买盘
1346,10:37:17,30.45,1196041,393,买盘
1347,10:37:20,30.41,2302957,757,卖盘
1348,10:37:23,30.46,2231941,733,买盘
1349,10:37:26,30.45,2110856,693,卖盘
1350,10:37:29,30.46,1626716,534,买盘
1351,10:37:32,30.44,2469923,811,卖盘
1352,10:37:35,30.43,477919,157,卖盘
1353,10:37:38,30.44,1329785,437,卖盘
1354,10:37:41,30.43,3479489,1144,卖盘
1355,10:37:44,30.44,173450,57,买盘
1356,10:37:47,30.42,957811,315,卖盘
1357,10:37:50,30.4,2324509,764,卖盘
1358,10:37:53,30.41,890792,293,中性盘
1359,10:37:56,30.4,1374391,452,卖盘
1360,10:37:59,30.4,1836274,604,卖盘
1361,10:38:02,30.4,2516937,828,卖盘
1362,10:38:05,30.4,826819,272,买盘
1363,10:38:08,30.41,775428,255,中性盘
1364,10:38:11,30.41,526103,173,卖盘
1365,10:38:14,30.41,863563,284,卖盘
1366,10:38:17,30.43,812219,267,买盘
1367,10:38:20,30.45,688022,226,买盘
1368,10:38:23,30.47,664002,218,买盘
1369,10:38:26,30.47,271221,89,买盘
1370,10:38:29,30.49,137129,45,买盘
1371,10:38:32,30.49,2120577,696,买盘
1372,10:38:35,30.49,1230932,404,买盘
1373,10:38:38,30.47,710065,233,卖盘
1374,10:38:41,30.47,1207198,396,买盘
1375,10:38:44,30.47,792425,260,卖盘
1376,10:38:47,30.47,319745,105,买盘
1377,10:38:50,30.45,740429,243,卖盘
1378,10:38:53,30.45,459997,151,卖盘
1379,10:38:56,30.47,283245,93,买盘
1380,10:38:59,30.47,429463,141,买盘
1381,10:39:02,30.41,3802836,1250,卖盘
1382,10:39:05,30.37,5530744,1820,卖盘
1383,10:39:08,30.36,2896672,954,卖盘
1384,10:39:11,30.36,258024,85,买盘
1385,10:39:14,30.36,956128,315,买盘
1386,10:39:17,30.35,315701,104,卖盘
1387,10:39:20,30.35,1350802,445,卖盘
1388,10:39:23,30.35,816679,269,卖盘
1389,10:39:26,30.37,853038,281,买盘
1390,10:39:29,30.36,862087,284,中性盘
1391,10:39:32,30.38,1059673,349,买盘
1392,10:39:35,30.37,1011594,333,卖盘
1393,10:39:38,30.38,309853,102,买盘
1394,10:39:41,30.38,701719,231,买盘
1395,10:39:44,30.4,1121716,369,买盘
1396,10:39:47,30.4,480223,158,卖盘
1397,10:39:50,30.4,303948,100,卖盘
1398,10:39:53,30.4,465148,153,卖盘
1399,10:39:56,30.4,1152095,379,买盘
1400,10:39:59,30.39,2648276,871,卖盘
1401,10:40:02,30.39,379900,125,卖盘
1402,10:40:05,30.36,2211066,728,卖盘
1403,10:40:08,30.37,285476,94,买盘
1404,10:40:11,30.4,2257521,743,买盘
1405,10:40:14,30.38,992882,327,中性盘
1406,10:40:17,30.38,94183,31,买盘
1407,10:40:20,30.37,1068738,352,卖盘
1408,10:40:23,30.38,476944,157,买盘
1409,10:40:26,30.38,1407105,463,卖盘
1410,10:40:29,30.4,1088395,358,买盘
1411,10:40:32,30.42,322290,106,买盘
1412,10:40:35,30.42,370994,122,买盘
1413,10:40:38,30.41,219060,72,卖盘
1414,10:40:41,30.42,395415,130,买盘
1415,10:40:44,30.41,1219102,401,卖盘
1416,10:40:47,30.39,702280,231,卖盘
1417,10:40:50,30.4,527825,174,中性盘
1418,10:40:53,30.41,860381,283,买盘
1419,10:40:56,30.41,1870312,615,买盘
1420,10:40:59,30.42,416784,137,买盘
1421,10:41:02,30.45,517563,170,买盘
1422,10:41:05,30.49,2285895,750,买盘
1423,10:41:08,30.46,648577,213,卖盘
1424,10:41:11,30.53,2638332,865,买盘
1425,10:41:14,30.54,5493847,1799,买盘
1426,10:41:17,30.59,3349788,1096,买盘
1427,10:41:20,30.59,1370408,448,买盘
1428,10:41:23,30.6,2876122,940,买盘
1429,10:41:26,30.58,5570587,1821,卖盘
1430,10:41:29,30.58,1929565,631,买盘
1431,10:41:32,30.58,8191281,2677,买盘
1432,10:41:35,30.72,24879688,8112,买盘
1433,10:41:38,30.73,7595164,2471,买盘
1434,10:41:41,30.78,9919435,3222,买盘
1435,10:41:44,30.81,7099605,2305,买盘
1436,10:41:47,30.86,2935784,952,买盘
1437,10:41:50,30.86,2488583,807,买盘
1438,10:41:53,30.86,6604597,2141,卖盘
1439,10:41:56,30.84,5305786,1721,中性盘
1440,10:41:59,30.86,3676554,1192,买盘
1441,10:42:02,30.84,2178241,706,卖盘
1442,10:42:05,30.86,2650122,859,买盘
1443,10:42:08,30.81,4666610,1513,卖盘
1444,10:42:11,30.8,2316548,752,卖盘
1445,10:42:14,30.8,2571005,835,卖盘
1446,10:42:17,30.79,2506216,814,中性盘
1447,10:42:20,30.8,3587857,1165,买盘
1448,10:42:23,30.83,3700347,1201,买盘
1449,10:42:26,30.8,2270317,737,卖盘
1450,10:42:29,30.8,1866273,606,买盘
1451,10:42:32,30.8,1459733,474,买盘
1452,10:42:35,30.81,2020469,656,买盘
1453,10:42:38,30.82,1672923,543,买盘
1454,10:42:41,30.81,1118426,363,中性盘
1455,10:42:44,30.82,471515,153,买盘
1456,10:42:47,30.81,1017040,330,卖盘
1457,10:42:50,30.81,1214347,394,卖盘
1458,10:42:53,30.82,825976,268,中性盘
1459,10:42:56,30.84,826129,268,买盘
1460,10:42:59,30.85,8848472,2868,买盘
1461,10:43:02,30.87,5021651,1627,买盘
1462,10:43:05,30.9,1912650,619,买盘
1463,10:43:08,30.93,2438251,789,买盘
1464,10:43:11,30.93,1277879,413,买盘
1465,10:43:14,30.95,854375,276,买盘
1466,10:43:17,30.96,9479864,3062,买盘
1467,10:43:20,30.97,18178128,5872,买盘
1468,10:43:23,30.97,5463757,1764,卖盘
1469,10:43:26,30.98,6468008,2088,买盘
1470,10:43:29,30.98,9302005,3002,卖盘
1471,10:43:32,30.99,7686870,2480,买盘
1472,10:43:35,31.0,11131999,3591,买盘
1473,10:43:38,31.0,18484145,5963,买盘
1474,10:43:41,31.02,2176608,702,买盘
1475,10:43:44,31.03,2475599,798,买盘
1476,10:43:47,31.0,12423509,4005,卖盘
1477,10:43:50,31.03,9251936,2984,买盘
1478,10:43:53,31.03,4369065,1408,卖盘
1479,10:43:56,31.05,2250759,725,买盘
1480,10:43:59,31.06,2409347,776,买盘
1481,10:44:02,31.07,956681,308,买盘
1482,10:44:05,31.0,21493625,6924,卖盘
1483,10:44:08,31.02,5102033,1645,买盘
1484,10:44:11,30.99,4964570,1602,卖盘
1485,10:44:14,30.95,3936884,1271,卖盘
1486,10:44:17,30.92,1734834,561,卖盘
1487,10:44:20,30.94,1798949,582,买盘
1488,10:44:23,30.95,1881190,608,买盘
1489,10:44:26,30.97,1238594,400,买盘
1490,10:44:29,30.97,1486486,480,卖盘
1491,10:44:32,30.96,2830839,914,卖盘
1492,10:44:35,30.97,2192534,708,中性盘
1493,10:44:38,30.98,2487716,803,买盘
1494,10:44:41,30.95,2601425,840,卖盘
1495,10:44:44,30.97,1114582,360,买盘
1496,10:44:47,31.0,597634,193,买盘
1497,10:44:50,30.97,1133092,366,买盘
1498,10:44:53,30.95,941142,304,卖盘
1499,10:44:56,30.95,1073691,347,中性盘
1500,10:44:59,30.95,1544479,499,买盘
1501,10:45:02,30.96,1167425,377,买盘
1502,10:45:05,31.0,5188098,1674,买盘
1503,10:45:08,30.97,1059609,342,卖盘
1504,10:45:11,30.9,4337349,1402,卖盘
1505,10:45:14,30.91,4624041,1495,中性盘
1506,10:45:17,30.9,1421266,460,中性盘
1507,10:45:20,30.88,281081,91,中性盘
1508,10:45:23,30.88,361260,117,买盘
1509,10:45:26,30.88,975606,316,买盘
1510,10:45:29,30.87,1364920,442,卖盘
1511,10:45:32,30.87,515751,167,卖盘
1512,10:45:35,30.86,1142419,370,卖盘
1513,10:45:38,30.86,768576,249,卖盘
1514,10:45:41,30.85,1879212,609,卖盘
1515,10:45:44,30.86,1594607,517,买盘
1516,10:45:47,30.84,1753260,569,卖盘
1517,10:45:50,30.85,1070596,347,买盘
1518,10:45:53,30.84,481112,156,卖盘
1519,10:45:56,30.84,690861,224,买盘
1520,10:45:59,30.84,999711,324,卖盘
1521,10:46:02,30.84,419345,136,买盘
1522,10:46:05,30.79,4204627,1365,卖盘
1523,10:46:08,30.8,3447402,1119,买盘
1524,10:46:11,30.81,2062995,669,中性盘
1525,10:46:14,30.83,1402512,455,买盘
1526,10:46:17,30.82,1180964,383,卖盘
1527,10:46:20,30.82,1087790,353,卖盘
1528,10:46:23,30.82,2685413,871,卖盘
1529,10:46:26,30.82,986008,320,卖盘
1530,10:46:29,30.81,582233,189,中性盘
1531,10:46:32,30.8,2773542,900,卖盘
1532,10:46:35,30.82,289625,94,买盘
1533,10:46:38,30.81,717884,233,卖盘
1534,10:46:41,30.8,643814,209,卖盘
1535,10:46:44,30.79,474239,154,卖盘
1536,10:46:47,30.8,307944,100,买盘
1537,10:46:50,30.79,1170082,380,卖盘
1538,10:46:53,30.78,1382120,449,卖盘
1539,10:46:56,30.76,799648,260,卖盘
1540,10:46:59,30.75,384234,125,中性盘
1541,10:47:02,30.68,1182273,385,卖盘
1542,10:47:05,30.68,389640,127,卖盘
1543,10:47:08,30.71,408307,133,买盘
1544,10:47:11,30.71,1894361,617,卖盘
1545,10:47:14,30.75,2206735,718,买盘
1546,10:47:17,30.76,1985033,645,买盘
1547,10:47:20,30.79,624517,203,买盘
1548,10:47:23,30.79,760073,247,买盘
1549,10:47:26,30.76,1553795,505,卖盘
1550,10:47:29,30.75,1085398,353,卖盘
1551,10:47:32,30.73,1311619,427,卖盘
1552,10:47:35,30.69,1811228,590,卖盘
1553,10:47:38,30.7,1810660,590,中性盘
1554,10:47:41,30.69,1359870,443,卖盘
1555,10:47:44,30.71,926835,302,买盘
1556,10:47:47,30.73,743232,242,买盘
1557,10:47:50,30.73,1051283,342,卖盘
1558,10:47:53,30.74,872738,284,买盘
1559,10:47:56,30.75,568499,185,买盘
1560,10:47:59,30.76,2767874,900,买盘
1561,10:48:02,30.74,1033280,336,卖盘
1562,10:48:05,30.76,510253,166,买盘
1563,10:48:08,30.74,590251,192,卖盘
1564,10:48:11,30.75,710018,231,买盘
1565,10:48:14,30.72,513264,167,卖盘
1566,10:48:17,30.73,301056,98,买盘
1567,10:48:20,30.73,1138042,370,买盘
1568,10:48:23,30.73,2528643,823,卖盘
1569,10:48:26,30.75,2113697,688,买盘
1570,10:48:29,30.74,1127731,367,中性盘
1571,10:48:32,30.74,2838899,924,买盘
1572,10:48:35,30.73,1467789,478,中性盘
1573,10:48:38,30.72,1059728,345,卖盘
1574,10:48:41,30.71,2768353,901,中性盘
1575,10:48:44,30.72,1295583,422,买盘
1576,10:48:47,30.71,724778,236,卖盘
1577,10:48:50,30.69,257872,84,卖盘
1578,10:48:53,30.69,798021,260,买盘
1579,10:48:56,30.71,2020138,658,买盘
1580,10:48:59,30.7,930008,303,卖盘
1581,10:49:02,30.7,362091,118,买盘
1582,10:49:05,30.69,1071027,349,中性盘
1583,10:49:08,30.71,1000397,326,买盘
1584,10:49:11,30.7,3223681,1050,卖盘
1585,10:49:14,30.68,1902849,620,卖盘
1586,10:49:17,30.68,668742,218,卖盘
1587,10:49:20,30.69,435606,142,买盘
1588,10:49:23,30.68,1098509,358,卖盘
1589,10:49:26,30.68,1073858,350,卖盘
1590,10:49:29,30.68,1301010,424,卖盘
1591,10:49:32,30.7,1251905,408,中性盘
1592,10:49:35,30.7,853106,278,中性盘
1593,10:49:38,30.72,6542452,2131,买盘
1594,10:49:41,30.72,2428767,791,卖盘
1595,10:49:44,30.72,1483278,483,买盘
1596,10:49:47,30.73,1502109,489,买盘
1597,10:49:50,30.73,779994,254,买盘
1598,10:49:53,30.73,980052,319,买盘
1599,10:49:56,30.72,1766514,575,卖盘
1600,10:49:59,30.73,6120866,1991,买盘
1601,10:50:02,30.76,1447352,471,买盘
1602,10:50:05,30.76,818125,266,买盘
1603,10:50:08,30.77,907682,295,买盘
1604,10:50:11,30.81,1968115,639,买盘
1605,10:50:14,30.81,883843,287,买盘
1606,10:50:17,30.82,363591,118,买盘
1607,10:50:20,30.81,1032519,335,卖盘
1608,10:50:23,30.82,1131676,367,买盘
1609,10:50:26,30.86,789472,256,买盘
1610,10:50:29,30.84,2248220,729,中性盘
1611,10:50:32,30.82,5543575,1798,卖盘
1612,10:50:35,30.81,1152068,374,中性盘
1613,10:50:38,30.8,3043566,988,卖盘
1614,10:50:41,30.81,1020329,331,买盘
1615,10:50:44,30.83,992619,322,买盘
1616,10:50:47,30.84,1532228,497,买盘
1617,10:50:50,30.86,484284,157,买盘
1618,10:50:53,30.87,934789,303,中性盘
1619,10:50:56,30.87,777703,252,买盘
1620,10:50:59,30.88,1096093,355,买盘
1621,10:51:02,30.89,1201313,389,买盘
1622,10:51:05,30.9,3991768,1292,买盘
1623,10:51:08,30.9,1374678,445,买盘
1624,10:51:11,30.9,960651,311,买盘
1625,10:51:14,30.89,3049821,987,卖盘
1626,10:51:17,30.88,3407811,1103,卖盘
1627,10:51:20,30.89,747186,242,买盘
1628,10:51:23,30.89,627049,203,买盘
1629,10:51:26,30.9,800033,259,买盘
1630,10:51:29,30.9,1315997,426,卖盘
1631,10:51:32,30.89,3138115,1016,卖盘
1632,10:51:35,30.89,571414,185,买盘
1633,10:51:38,30.89,416887,135,买盘
1634,10:51:41,30.87,1222890,396,卖盘
1635,10:51:44,30.88,867512,281,买盘
1636,10:51:47,30.86,620620,201,卖盘
1637,10:51:50,30.86,629728,204,卖盘
1638,10:51:53,30.87,1209131,392,买盘
1639,10:51:56,30.85,545726,177,卖盘
1640,10:51:59,30.83,687325,223,中性盘
1641,10:52:02,30.85,1164919,378,买盘
1642,10:52:05,30.84,721505,234,中性盘
1643,10:52:08,30.84,431636,140,中性盘
1644,10:52:11,30.83,1605491,521,卖盘
1645,10:52:14,30.83,1356808,440,买盘
1646,10:52:17,30.8,224965,73,卖盘
1647,10:52:20,30.8,332741,108,卖盘
1648,10:52:23,30.79,498942,162,卖盘
1649,10:52:26,30.78,298695,97,卖盘
1650,10:52:29,30.79,110844,36,买盘
1651,10:52:32,30.79,431007,140,卖盘
1652,10:52:35,30.79,849915,276,买盘
1653,10:52:38,30.79,332459,108,买盘
1654,10:52:41,30.79,581740,189,买盘
1655,10:52:44,30.76,575385,187,卖盘
1656,10:52:47,30.76,769690,250,卖盘
1657,10:52:50,30.78,658435,214,买盘
1658,10:52:53,30.79,360051,117,买盘
1659,10:52:56,30.79,1246202,405,买盘
1660,10:52:59,30.78,123133,40,卖盘
1661,10:53:02,30.79,443300,144,中性盘
1662,10:53:05,30.8,726789,236,买盘
1663,10:53:08,30.8,727079,236,卖盘
1664,10:53:11,30.81,329623,107,中性盘
1665,10:53:14,30.81,523737,170,卖盘
1666,10:53:17,30.84,1393248,452,买盘
1667,10:53:20,30.85,339352,110,买盘
1668,10:53:23,30.85,580064,188,卖盘
1669,10:53:26,30.86,148155,48,中性盘
1670,10:53:29,30.86,660364,214,卖盘
1671,10:53:32,30.85,336256,109,中性盘
1672,10:53:35,30.81,2131242,691,卖盘
1673,10:53:38,30.78,1742733,566,卖盘
1674,10:53:41,30.77,485914,158,卖盘
1675,10:53:44,30.77,270669,88,买盘
1676,10:53:47,30.76,282973,92,中性盘
1677,10:53:50,30.75,445980,145,卖盘
1678,10:53:53,30.75,528930,172,卖盘
1679,10:53:56,30.76,891964,290,买盘
1680,10:53:59,30.78,790457,257,买盘
1681,10:54:02,30.77,956576,311,卖盘
1682,10:54:05,30.78,898538,292,买盘
1683,10:54:08,30.77,701797,228,卖盘
1684,10:54:11,30.76,1101179,358,卖盘
1685,10:54:14,30.74,1413543,460,卖盘
1686,10:54:17,30.74,1940741,632,买盘
1687,10:54:20,30.69,1037654,338,卖盘
1688,10:54:23,30.7,1154291,376,买盘
1689,10:54:26,30.69,951867,310,卖盘
1690,10:54:29,30.69,742651,242,买盘
1691,10:54:32,30.72,936611,305,买盘
1692,10:54:35,30.69,214939,70,卖盘
1693,10:54:38,30.7,1031080,336,中性盘
1694,10:54:41,30.7,1861004,606,卖盘
1695,10:54:44,30.7,178091,58,卖盘
1696,10:54:47,30.7,4081032,1330,卖盘
1697,10:54:50,30.69,776596,253,卖盘
1698,10:54:53,30.7,2495693,812,买盘
1699,10:54:56,30.73,737182,240,买盘
1700,10:54:59,30.68,1050535,342,卖盘
1701,10:55:02,30.7,2455584,799,中性盘
1702,10:55:05,30.72,666741,217,中性盘
1703,10:55:08,30.71,2832474,921,中性盘
1704,10:55:11,30.75,1709407,556,买盘
1705,10:55:14,30.76,1997061,649,卖盘
1706,10:55:17,30.81,1916288,622,买盘
1707,10:55:20,30.8,1007246,327,卖盘
1708,10:55:23,30.8,3572443,1158,买盘
1709,10:55:26,30.84,1907158,619,买盘
1710,10:55:29,30.8,899112,292,卖盘
1711,10:55:32,30.8,3231399,1048,买盘
1712,10:55:35,30.8,1158844,376,买盘
1713,10:55:38,30.88,996697,323,买盘
1714,10:55:41,30.88,1890530,613,买盘
1715,10:55:44,30.88,1518556,492,买盘
1716,10:55:47,30.89,2012935,652,买盘
1717,10:55:50,30.85,2449914,794,卖盘
1718,10:55:53,30.83,823381,267,卖盘
1719,10:55:56,30.83,1165542,378,卖盘
1720,10:55:59,30.85,1045225,339,买盘
1721,10:56:02,30.81,2153643,699,卖盘
1722,10:56:05,30.8,394227,128,中性盘
1723,10:56:08,30.8,443506,144,买盘
1724,10:56:11,30.78,1209696,393,卖盘
1725,10:56:14,30.8,270604,88,买盘
1726,10:56:17,30.78,190948,62,卖盘
1727,10:56:20,30.78,939186,305,卖盘
1728,10:56:23,30.79,101617,33,卖盘
1729,10:56:26,30.8,286394,93,买盘
1730,10:56:29,30.79,622026,202,卖盘
1731,10:56:32,30.79,594390,193,卖盘
1732,10:56:35,30.79,283316,92,卖盘
1733,10:56:38,30.8,366531,119,买盘
1734,10:56:41,30.81,187911,61,买盘
1735,10:56:44,30.82,905689,294,买盘
1736,10:56:47,30.84,3283491,1066,买盘
1737,10:56:50,30.83,998108,324,买盘
1738,10:56:53,30.8,690257,224,卖盘
1739,10:56:56,30.8,825107,268,买盘
1740,10:56:59,30.75,1369439,445,卖盘
1741,10:57:02,30.75,325930,106,买盘
1742,10:57:05,30.75,756232,246,买盘
1743,10:57:08,30.72,479458,156,卖盘
1744,10:57:11,30.71,1136363,370,卖盘
1745,10:57:14,30.72,193607,63,卖盘
1746,10:57:17,30.71,1621678,528,卖盘
1747,10:57:20,30.7,1200343,391,卖盘
1748,10:57:23,30.7,1699885,554,买盘
1749,10:57:26,30.69,340630,111,卖盘
1750,10:57:29,30.7,1196938,390,买盘
1751,10:57:32,30.7,213662,70,买盘
1752,10:57:35,30.7,406286,132,卖盘
1753,10:57:38,30.69,472618,154,卖盘
1754,10:57:41,30.69,405116,132,买盘
1755,10:57:44,30.69,1273455,415,卖盘
1756,10:57:47,30.69,1373713,448,买盘
1757,10:57:50,30.65,1094568,357,卖盘
1758,10:57:53,30.65,2277437,743,卖盘
1759,10:57:56,30.65,591421,193,买盘
1760,10:57:59,30.65,1274794,416,卖盘
1761,10:58:02,30.64,995588,325,中性盘
1762,10:58:05,30.62,1062314,347,中性盘
1763,10:58:08,30.61,523715,171,卖盘
1764,10:58:11,30.63,330655,108,买盘
1765,10:58:14,30.64,407329,133,买盘
1766,10:58:17,30.64,226642,74,买盘
1767,10:58:20,30.63,520824,170,卖盘
1768,10:58:23,30.64,1962780,641,买盘
1769,10:58:26,30.63,364434,119,卖盘
1770,10:58:29,30.63,419611,137,买盘
1771,10:58:32,30.63,370594,121,买盘
1772,10:58:35,30.63,248083,81,买盘
1773,10:58:38,30.63,1111528,363,买盘
1774,10:58:41,30.62,1867477,610,卖盘
1775,10:58:44,30.6,2628802,859,卖盘
1776,10:58:47,30.6,1930896,631,卖盘
1777,10:58:50,30.59,177441,58,卖盘
1778,10:58:53,30.6,357886,117,买盘
1779,10:58:56,30.6,5527754,1806,买盘
1780,10:58:59,30.58,400605,131,卖盘
1781,10:59:02,30.58,752344,246,中性盘
1782,10:59:05,30.6,235511,77,买盘
1783,10:59:08,30.6,290612,95,买盘
1784,10:59:11,30.6,137698,45,卖盘
1785,10:59:14,30.61,391743,128,买盘
1786,10:59:17,30.61,306107,100,卖盘
1787,10:59:20,30.62,153077,50,买盘
1788,10:59:23,30.62,425465,139,买盘
1789,10:59:26,30.63,214361,70,买盘
1790,10:59:29,30.62,416560,136,卖盘
1791,10:59:32,30.63,379760,124,买盘
1792,10:59:35,30.61,1025650,335,卖盘
1793,10:59:38,30.61,572699,187,卖盘
1794,10:59:41,30.62,312246,102,买盘
1795,10:59:44,30.62,162287,53,买盘
1796,10:59:47,30.62,535963,175,卖盘
1797,10:59:50,30.61,1313745,429,卖盘
1798,10:59:53,30.62,137811,45,中性盘
1799,10:59:56,30.62,401142,131,卖盘
1800,10:59:59,30.6,5484866,1792,卖盘
1801,11:00:02,30.59,1471739,481,卖盘
1802,11:00:05,30.58,1250562,409,卖盘
1803,11:00:08,30.54,2404508,787,卖盘
1804,11:00:11,30.53,366389,120,卖盘
1805,11:00:14,30.52,1883713,617,卖盘
1806,11:00:17,30.53,1492617,489,买盘
1807,11:00:20,30.53,1818249,596,买盘
1808,11:00:23,30.52,1872715,613,卖盘
1809,11:00:26,30.55,1406029,461,买盘
1810,11:00:29,30.52,3059718,1003,卖盘
1811,11:00:32,30.5,314255,103,卖盘
1812,11:00:35,30.5,1272037,417,卖盘
1813,11:00:38,30.5,4044371,1326,卖盘
1814,11:00:41,30.51,875395,287,中性盘
1815,11:00:44,30.5,979069,321,卖盘
1816,11:00:47,30.48,442245,145,卖盘
1817,11:00:50,30.51,375189,123,买盘
1818,11:00:53,30.5,567081,186,卖盘
1819,11:00:56,30.5,1024910,336,卖盘
1820,11:00:59,30.49,179909,59,卖盘
1821,11:01:02,30.5,945516,310,买盘
1822,11:01:05,30.48,682914,224,卖盘
1823,11:01:08,30.5,875105,287,买盘
1824,11:01:11,30.5,704411,231,买盘
1825,11:01:14,30.5,960668,315,买盘
1826,11:01:17,30.49,615937,202,卖盘
1827,11:01:20,30.48,1542707,506,卖盘
1828,11:01:23,30.48,618719,203,买盘
1829,11:01:26,30.48,1039078,341,买盘
1830,11:01:29,30.46,1577868,518,卖盘
1831,11:01:32,30.46,438597,144,买盘
1832,11:01:35,30.45,411231,135,卖盘
1833,11:01:38,30.44,3103380,1020,卖盘
1834,11:01:41,30.41,1712231,563,卖盘
1835,11:01:44,30.41,1760390,579,买盘
1836,11:01:47,30.42,5270063,1733,买盘
1837,11:01:50,30.45,2561501,841,买盘
1838,11:01:53,30.45,902195,296,卖盘
1839,11:01:56,30.45,441550,145,卖盘
1840,11:01:59,30.45,258905,85,卖盘
1841,11:02:02,30.47,1430619,470,买盘
1842,11:02:05,30.5,1099875,361,买盘
1843,11:02:08,30.47,634306,208,卖盘
1844,11:02:11,30.46,639860,210,卖盘
1845,11:02:14,30.45,1337858,439,卖盘
1846,11:02:17,30.45,584656,192,卖盘
1847,11:02:20,30.46,944041,310,买盘
1848,11:02:23,30.45,310559,102,买盘
1849,11:02:26,30.45,398986,131,卖盘
1850,11:02:29,30.45,292324,96,卖盘
1851,11:02:32,30.45,389723,128,买盘
1852,11:02:35,30.45,535848,176,买盘
1853,11:02:38,30.45,465784,153,买盘
1854,11:02:41,30.44,274019,90,卖盘
1855,11:02:44,30.46,569424,187,买盘
1856,11:02:47,30.45,130877,43,中性盘
1857,11:02:50,30.45,432375,142,买盘
1858,11:02:53,30.44,340955,112,中性盘
1859,11:02:56,30.43,249539,82,卖盘
1860,11:02:59,30.44,255590,84,买盘
1861,11:03:02,30.43,63895,21,中性盘
1862,11:03:05,30.43,139986,46,买盘
1863,11:03:08,30.43,143028,47,买盘
1864,11:03:11,30.44,167367,55,买盘
1865,11:03:14,30.44,185666,61,买盘
1866,11:03:17,30.43,827806,272,卖盘
1867,11:03:20,30.44,152145,50,买盘
1868,11:03:23,30.43,161292,53,中性盘
1869,11:03:26,30.43,109577,36,卖盘
1870,11:03:29,30.44,736862,242,买盘
1871,11:03:32,30.44,73078,24,卖盘
1872,11:03:35,30.46,179702,59,买盘
1873,11:03:38,30.45,97466,32,卖盘
1874,11:03:41,30.46,39594,13,中性盘
1875,11:03:44,30.46,137070,45,卖盘
1876,11:03:47,30.43,2337656,768,卖盘
1877,11:03:50,30.42,2433637,800,卖盘
1878,11:03:53,30.42,967484,318,卖盘
1879,11:03:56,30.43,401568,132,买盘
1880,11:03:59,30.43,441152,145,买盘
1881,11:04:02,30.43,307286,101,买盘
1882,11:04:05,30.42,2794999,919,卖盘
1883,11:04:08,30.41,255428,84,买盘
1884,11:04:11,30.41,1155306,380,买盘
1885,11:04:14,30.41,6022325,1981,买盘
1886,11:04:17,30.4,456043,150,中性盘
1887,11:04:20,30.41,237125,78,买盘
1888,11:04:23,30.41,1821514,599,买盘
1889,11:04:26,30.41,787569,259,卖盘
1890,11:04:29,30.41,206772,68,买盘
1891,11:04:32,30.41,1195109,393,买盘
1892,11:04:35,30.41,535224,176,买盘
1893,11:04:38,30.4,279787,92,卖盘
1894,11:04:41,30.4,1271402,418,卖盘
1895,11:04:44,30.42,453144,149,买盘
1896,11:04:47,30.42,392447,129,买盘
1897,11:04:50,30.42,216020,71,卖盘
1898,11:04:53,30.41,176399,58,卖盘
1899,11:04:56,30.42,170321,56,买盘
1900,11:04:59,30.42,97322,32,买盘
1901,11:05:02,30.41,328492,108,卖盘
1902,11:05:05,30.41,240226,79,卖盘
1903,11:05:08,30.41,182461,60,买盘
1904,11:05:11,30.42,179429,59,买盘
1905,11:05:14,30.43,1259263,414,买盘
1906,11:05:17,30.42,389439,128,卖盘
1907,11:05:20,30.43,398583,131,买盘
1908,11:05:23,30.43,179589,59,买盘
1909,11:05:26,30.43,231285,76,卖盘
1910,11:05:29,30.45,529659,174,买盘
1911,11:05:32,30.45,660598,217,买盘
1912,11:05:35,30.43,961552,316,卖盘
1913,11:05:38,30.45,915948,301,买盘
1914,11:05:41,30.44,261741,86,中性盘
1915,11:05:44,30.44,733447,241,买盘
1916,11:05:47,30.44,590477,194,买盘
1917,11:05:50,30.44,377349,124,买盘
1918,11:05:53,30.45,398811,131,买盘
1919,11:05:56,30.45,602720,198,买盘
1920,11:05:59,30.45,210056,69,买盘
1921,11:06:02,30.45,377511,124,买盘
1922,11:06:05,30.44,283060,93,买盘
1923,11:06:08,30.41,3493710,1149,卖盘
1924,11:06:11,30.4,2379713,783,卖盘
1925,11:06:14,30.39,689889,227,卖盘
1926,11:06:17,30.38,574431,189,卖盘
1927,11:06:20,30.39,1567810,516,买盘
1928,11:06:23,30.39,388999,128,卖盘
1929,11:06:26,30.38,595515,196,卖盘
1930,11:06:29,30.38,1540032,507,卖盘
1931,11:06:32,30.36,2338626,770,卖盘
1932,11:06:35,30.36,3928547,1294,卖盘
1933,11:06:38,30.35,1365763,450,卖盘
1934,11:06:41,30.35,576590,190,买盘
1935,11:06:44,30.34,688737,227,中性盘
1936,11:06:47,30.33,864399,285,卖盘
1937,11:06:50,30.35,1522970,502,买盘
1938,11:06:53,30.36,2006131,661,买盘
1939,11:06:56,30.35,740131,244,中性盘
1940,11:06:59,30.34,785386,259,卖盘
1941,11:07:02,30.33,263903,87,中性盘
1942,11:07:05,30.34,436739,144,买盘
1943,11:07:08,30.35,500654,165,买盘
1944,11:07:11,30.33,1132165,373,卖盘
1945,11:07:14,30.35,218479,72,买盘
1946,11:07:17,30.36,258035,85,买盘
1947,11:07:20,30.36,367356,121,卖盘
1948,11:07:23,30.36,801585,264,卖盘
1949,11:07:26,30.36,233748,77,买盘
1950,11:07:29,30.36,194332,64,买盘
1951,11:07:32,30.36,494902,163,卖盘
1952,11:07:35,30.36,358264,118,卖盘
1953,11:07:38,30.36,157865,52,买盘
1954,11:07:41,30.36,236795,78,买盘
1955,11:07:44,30.36,179122,59,买盘
1956,11:07:47,30.37,203464,67,买盘
1957,11:07:50,30.37,346151,114,买盘
1958,11:07:53,30.37,355309,117,买盘
1959,11:07:56,30.37,255080,84,买盘
1960,11:07:59,30.36,1135490,374,卖盘
1961,11:08:02,30.36,179117,59,买盘
1962,11:08:05,30.35,1371828,452,卖盘
1963,11:08:08,30.34,1589617,524,卖盘
1964,11:08:11,30.33,697688,230,卖盘
1965,11:08:14,30.33,524862,173,卖盘
1966,11:08:17,30.33,436801,144,卖盘
1967,11:08:20,30.33,160767,53,卖盘
1968,11:08:23,30.34,324559,107,买盘
1969,11:08:26,30.34,84952,28,卖盘
1970,11:08:29,30.34,157787,52,卖盘
1971,11:08:32,30.34,312554,103,卖盘
1972,11:08:35,30.34,273072,90,卖盘
1973,11:08:38,30.34,139595,46,卖盘
1974,11:08:41,30.34,103161,34,卖盘
1975,11:08:44,30.35,236724,78,买盘
1976,11:08:47,30.36,982216,324,买盘
1977,11:08:50,30.37,163975,54,买盘
1978,11:08:53,30.38,124553,41,买盘
1979,11:08:56,30.38,382639,126,买盘
1980,11:08:59,30.38,431375,142,买盘
1981,11:09:02,30.4,556135,183,买盘
1982,11:09:05,30.41,832954,274,买盘
1983,11:09:08,30.41,334419,110,中性盘
1984,11:09:11,30.42,398466,131,买盘
1985,11:09:14,30.41,319425,105,卖盘
1986,11:09:17,30.43,121712,40,买盘
1987,11:09:20,30.44,286048,94,买盘
1988,11:09:23,30.44,438299,144,买盘
1989,11:09:26,30.43,599640,197,卖盘
1990,11:09:29,30.42,827484,272,卖盘
1991,11:09:32,30.43,489959,161,买盘
1992,11:09:35,30.42,249469,82,卖盘
1993,11:09:38,30.45,1917590,630,买盘
1994,11:09:41,30.43,173478,57,卖盘
1995,11:09:44,30.45,560183,184,买盘
1996,11:09:47,30.44,155264,51,中性盘
1997,11:09:50,30.45,234446,77,买盘
1998,11:09:53,30.43,973768,320,卖盘
1999,11:09:56,30.44,386510,127,买盘
2000,11:09:59,30.43,286081,94,中性盘
2001,11:10:02,30.42,505180,166,卖盘
2002,11:10:05,30.44,188663,62,买盘
2003,11:10:08,30.43,173431,57,卖盘
2004,11:10:11,30.44,210011,69,买盘
2005,11:10:14,30.44,295295,97,买盘
2006,11:10:17,30.43,474859,156,卖盘
2007,11:10:20,30.44,359193,118,买盘
2008,11:10:23,30.44,414022,136,卖盘
2009,11:10:26,30.43,648414,213,卖盘
2010,11:10:29,30.42,492945,162,卖盘
2011,11:10:32,30.44,371227,122,买盘
2012,11:10:35,30.45,277043,91,买盘
2013,11:10:38,30.44,100438,33,中性盘
2014,11:10:41,30.45,280061,92,买盘
2015,11:10:44,30.43,1131894,372,卖盘
2016,11:10:47,30.43,130847,43,买盘
2017,11:10:50,30.43,191714,63,买盘
2018,11:10:53,30.44,365250,120,买盘
2019,11:10:56,30.44,343888,113,买盘
2020,11:10:59,30.44,228238,75,买盘
2021,11:11:02,30.42,608572,200,卖盘
2022,11:11:05,30.4,1106894,364,卖盘
2023,11:11:08,30.4,1447076,476,卖盘
2024,11:11:11,30.41,997472,328,买盘
2025,11:11:14,30.42,191701,63,中性盘
2026,11:11:17,30.43,2544139,836,买盘
2027,11:11:20,30.43,85196,28,买盘
2028,11:11:23,30.43,903678,297,买盘
2029,11:11:26,30.43,1271977,418,卖盘
2030,11:11:29,30.43,526440,173,卖盘
2031,11:11:32,30.44,340842,112,买盘
2032,11:11:35,30.44,91309,30,买盘
2033,11:11:38,30.44,155244,51,买盘
2034,11:11:41,30.45,490019,161,买盘
2035,11:11:44,30.44,380502,125,卖盘
2036,11:11:47,30.44,140053,46,卖盘
2037,11:11:50,30.44,70024,23,卖盘
2038,11:11:53,30.45,182689,60,买盘
2039,11:11:56,30.45,149189,49,买盘
2040,11:11:59,30.45,203973,67,买盘
2041,11:12:02,30.44,517647,170,卖盘
2042,11:12:05,30.44,188774,62,卖盘
2043,11:12:08,30.43,764046,251,卖盘
2044,11:12:11,30.43,1937870,637,中性盘
2045,11:12:14,30.41,106457,35,中性盘
2046,11:12:17,30.41,139886,46,买盘
2047,11:12:20,30.41,100377,33,买盘
2048,11:12:23,30.41,145982,48,卖盘
2049,11:12:26,30.43,167313,55,买盘
2050,11:12:29,30.42,39553,13,卖盘
2051,11:12:32,30.43,310377,102,买盘
2052,11:12:35,30.43,91279,30,买盘
2053,11:12:38,30.43,88241,29,买盘
2054,11:12:41,30.43,197820,65,买盘
2055,11:12:44,30.43,136935,45,买盘
2056,11:12:47,30.43,103462,34,买盘
2057,11:12:50,30.43,188712,62,卖盘
2058,11:12:53,30.43,310436,102,卖盘
2059,11:12:56,30.44,392676,129,买盘
2060,11:12:59,30.44,362164,119,买盘
2061,11:13:02,30.44,794495,261,买盘
2062,11:13:05,30.45,270981,89,买盘
2063,11:13:08,30.45,133980,44,买盘
2064,11:13:11,30.45,182677,60,买盘
2065,11:13:14,30.44,410983,135,卖盘
2066,11:13:17,30.45,237503,78,买盘
2067,11:13:20,30.44,721633,237,卖盘
2068,11:13:23,30.45,133970,44,中性盘
2069,11:13:26,30.45,155309,51,买盘
2070,11:13:29,30.45,252732,83,买盘
2071,11:13:32,30.44,508402,167,卖盘
2072,11:13:35,30.44,642376,211,买盘
2073,11:13:38,30.43,57829,19,卖盘
2074,11:13:41,30.45,310509,102,买盘
2075,11:13:44,30.45,70030,23,买盘
2076,11:13:47,30.45,140052,46,买盘
2077,11:13:50,30.44,1985488,652,卖盘
2078,11:13:53,30.45,149183,49,买盘
2079,11:13:56,30.46,249766,82,买盘
2080,11:13:59,30.46,545232,179,买盘
2081,11:14:02,30.46,258900,85,买盘
2082,11:14:05,30.45,216264,71,卖盘
2083,11:14:08,30.48,283380,93,买盘
2084,11:14:11,30.48,341295,112,买盘
2085,11:14:14,30.48,195098,64,买盘
2086,11:14:17,30.5,631297,207,买盘
2087,11:14:20,30.5,515438,169,买盘
2088,11:14:23,30.5,58560,19,买盘
2089,11:14:26,30.51,420911,138,买盘
2090,11:14:29,30.5,511815,168,卖盘
2091,11:14:32,30.51,814226,267,买盘
2092,11:14:35,30.5,234783,77,买盘
2093,11:14:38,30.5,768385,252,买盘
2094,11:14:41,30.5,609936,200,买盘
2095,11:14:44,30.5,1152853,378,卖盘
2096,11:14:47,30.49,564175,185,中性盘
2097,11:14:50,30.51,881268,289,买盘
2098,11:14:53,30.51,433151,142,买盘
2099,11:14:56,30.51,115932,38,买盘
2100,11:14:59,30.53,778752,255,买盘
2101,11:15:02,30.52,378429,124,买盘
2102,11:15:05,30.52,140395,46,买盘
2103,11:15:08,30.55,684066,224,买盘
2104,11:15:11,30.55,235243,77,买盘
2105,11:15:14,30.55,177234,58,卖盘
2106,11:15:17,30.55,455569,149,卖盘
2107,11:15:20,30.56,94772,31,中性盘
2108,11:15:23,30.58,406713,133,买盘
2109,11:15:26,30.55,1934616,633,卖盘
2110,11:15:29,30.58,3874106,1267,买盘
2111,11:15:32,30.58,1519826,497,卖盘
2112,11:15:35,30.58,541328,177,买盘
2113,11:15:38,30.59,1141046,373,买盘
2114,11:15:41,30.6,746308,244,买盘
2115,11:15:44,30.61,361269,118,买盘
2116,11:15:47,30.58,1033763,338,卖盘
2117,11:15:50,30.58,348561,114,买盘
2118,11:15:53,30.61,7906648,2579,买盘
2119,11:15:56,30.61,205125,67,卖盘
2120,11:15:59,30.62,474585,155,买盘
2121,11:16:02,30.62,382748,125,卖盘
2122,11:16:05,30.62,584865,191,卖盘
2123,11:16:08,30.62,358335,117,卖盘
2124,11:16:11,30.61,339942,111,卖盘
2125,11:16:14,30.62,241856,79,中性盘
2126,11:16:17,30.6,339801,111,卖盘
2127,11:16:20,30.62,165326,54,买盘
2128,11:16:23,30.62,1883148,615,买盘
2129,11:16:26,30.62,664300,217,卖盘
2130,11:16:29,30.62,238754,78,买盘
2131,11:16:32,30.62,272492,89,买盘
2132,11:16:35,30.6,1144466,374,卖盘
2133,11:16:38,30.58,1018607,333,卖盘
2134,11:16:41,30.6,486498,159,买盘
2135,11:16:44,30.61,281568,92,买盘
2136,11:16:47,30.6,79569,26,卖盘
2137,11:16:50,30.59,1449708,474,卖盘
2138,11:16:53,30.58,629958,206,中性盘
2139,11:16:56,30.58,467853,153,买盘
2140,11:16:59,30.57,678924,222,卖盘
2141,11:17:02,30.6,1370453,448,买盘
2142,11:17:05,30.6,1220955,399,买盘
2143,11:17:08,30.61,159169,52,买盘
2144,11:17:11,30.61,299963,98,买盘
2145,11:17:14,30.62,477506,156,买盘
2146,11:17:17,30.62,780442,255,买盘
2147,11:17:20,30.62,333779,109,买盘
2148,11:17:23,30.62,664517,217,卖盘
2149,11:17:26,30.63,113330,37,买盘
2150,11:17:29,30.62,244960,80,卖盘
2151,11:17:32,30.62,251065,82,买盘
2152,11:17:35,30.62,862940,282,卖盘
2153,11:17:38,30.63,701226,229,买盘
2154,11:17:41,30.63,177594,58,买盘
2155,11:17:44,30.61,192841,63,中性盘
2156,11:17:47,30.62,312349,102,买盘
2157,11:17:50,30.62,220416,72,买盘
2158,11:17:53,30.6,673454,220,卖盘
2159,11:17:56,30.62,42863,14,买盘
2160,11:17:59,30.62,79608,26,卖盘
2161,11:18:02,30.62,195999,64,卖盘
2162,11:18:05,30.63,836755,273,买盘
2163,11:18:08,30.63,168461,55,买盘
2164,11:18:11,30.64,725806,237,买盘
2165,11:18:14,30.62,202182,66,卖盘
2166,11:18:17,30.62,153092,50,买盘
2167,11:18:20,30.62,260329,85,买盘
2168,11:18:23,30.64,241950,79,买盘
2169,11:18:26,30.64,55141,18,买盘
2170,11:18:29,30.64,548305,179,买盘
2171,11:18:32,30.64,361519,118,买盘
2172,11:18:35,30.64,1344618,439,买盘
2173,11:18:38,30.61,732195,239,卖盘
2174,11:18:41,30.62,541867,177,中性盘
2175,11:18:44,30.6,257060,84,卖盘
2176,11:18:47,30.59,1308677,428,卖盘
2177,11:18:50,30.57,272012,89,中性盘
2178,11:18:53,30.59,333384,109,买盘
2179,11:18:56,30.56,113115,37,卖盘
2180,11:18:59,30.57,434262,142,买盘
2181,11:19:02,30.57,317913,104,买盘
2182,11:19:05,30.56,342286,112,卖盘
2183,11:19:08,30.59,779635,255,买盘
2184,11:19:11,30.55,1057030,346,卖盘
2185,11:19:14,30.55,1146338,375,中性盘
2186,11:19:17,30.56,889112,291,买盘
2187,11:19:20,30.53,391048,128,卖盘
2188,11:19:23,30.55,485889,159,买盘
2189,11:19:26,30.55,501082,164,买盘
2190,11:19:29,30.54,445789,146,买盘
2191,11:19:32,30.53,366447,120,卖盘
2192,11:19:35,30.54,262580,86,买盘
2193,11:19:38,30.54,326791,107,买盘
2194,11:19:41,30.56,363643,119,买盘
2195,11:19:44,30.55,418542,137,卖盘
2196,11:19:47,30.55,531458,174,卖盘
2197,11:19:50,30.55,357434,117,买盘
2198,11:19:53,30.54,250481,82,中性盘
2199,11:19:56,30.55,439703,144,买盘
2200,11:19:59,30.54,305401,100,卖盘
2201,11:20:02,30.53,1034327,339,卖盘
2202,11:20:05,30.53,311343,102,买盘
2203,11:20:08,30.51,21356,7,中性盘
2204,11:20:11,30.51,131227,43,卖盘
2205,11:20:14,30.51,122029,40,中性盘
2206,11:20:17,30.5,274530,90,卖盘
2207,11:20:20,30.5,384267,126,卖盘
2208,11:20:23,30.5,225693,74,买盘
2209,11:20:26,30.5,82347,27,买盘
2210,11:20:29,30.49,625169,205,卖盘
2211,11:20:32,30.49,481743,158,卖盘
2212,11:20:35,30.48,121923,40,卖盘
2213,11:20:38,30.5,265243,87,买盘
2214,11:20:41,30.49,100626,33,买盘
2215,11:20:44,30.48,420665,138,卖盘
2216,11:20:47,30.48,94486,31,买盘
2217,11:20:50,30.48,176804,58,买盘
2218,11:20:53,30.49,85380,28,中性盘
2219,11:20:56,30.5,152489,50,买盘
2220,11:20:59,30.49,243927,80,卖盘
2221,11:21:02,30.5,222648,73,买盘
2222,11:21:05,30.49,42691,14,卖盘
2223,11:21:08,30.49,131148,43,卖盘
2224,11:21:11,30.5,143343,47,买盘
2225,11:21:14,30.5,277546,91,买盘
2226,11:21:17,30.5,122000,40,买盘
2227,11:21:20,30.5,222643,73,买盘
2228,11:21:23,30.5,179977,59,卖盘
2229,11:21:26,30.51,171662,56,买盘
2230,11:21:29,30.51,515581,169,买盘
2231,11:21:32,30.51,82379,27,卖盘
2232,11:21:35,30.53,689830,226,买盘
2233,11:21:38,30.54,152700,50,买盘
2234,11:21:41,30.55,67200,22,买盘
2235,11:21:44,30.55,256593,84,买盘
2236,11:21:47,30.57,391108,128,买盘
2237,11:21:50,30.57,94717,31,买盘
2238,11:21:53,30.57,281228,92,买盘
2239,11:21:56,30.59,119260,39,买盘
2240,11:21:59,30.59,91748,30,买盘
2241,11:22:02,30.6,177428,58,买盘
2242,11:22:05,30.57,284499,93,卖盘
2243,11:22:08,30.6,134628,44,买盘
2244,11:22:11,30.6,247863,81,买盘
2245,11:22:14,30.59,517090,169,卖盘
2246,11:22:17,30.59,614730,201,买盘
2247,11:22:20,30.6,204936,67,买盘
2248,11:22:23,30.58,250802,82,卖盘
2249,11:22:26,30.57,507444,166,卖盘
2250,11:22:29,30.55,1072279,351,卖盘
2251,11:22:32,30.52,1080855,354,卖盘
2252,11:22:35,30.53,91590,30,买盘
2253,11:22:38,30.52,286905,94,卖盘
2254,11:22:41,30.52,173958,57,买盘
2255,11:22:44,30.52,119016,39,买盘
2256,11:22:47,30.52,155638,51,买盘
2257,11:22:50,30.52,119017,39,买盘
2258,11:22:53,30.52,241106,79,买盘
2259,11:22:56,30.52,833057,273,买盘
2260,11:22:59,30.52,180067,59,买盘
2261,11:23:02,30.52,213610,70,买盘
2262,11:23:05,30.52,289976,95,买盘
2263,11:23:08,30.52,115976,38,卖盘
2264,11:23:11,30.52,299171,98,卖盘
2265,11:23:14,30.53,36638,12,中性盘
2266,11:23:17,30.48,4291316,1407,卖盘
2267,11:23:20,30.49,719344,236,买盘
2268,11:23:23,30.49,219504,72,买盘
2269,11:23:26,30.48,76219,25,卖盘
2270,11:23:29,30.48,88401,29,卖盘
2271,11:23:32,30.47,134128,44,卖盘
2272,11:23:35,30.48,121927,40,买盘
2273,11:23:38,30.5,429689,141,买盘
2274,11:23:41,30.49,442046,145,卖盘
2275,11:23:44,30.5,164664,54,买盘
2276,11:23:47,30.48,1154887,379,卖盘
2277,11:23:50,30.49,112836,37,买盘
2278,11:23:53,30.5,374955,123,买盘
2279,11:23:56,30.49,85347,28,中性盘
2280,11:23:59,30.48,170694,56,卖盘
2281,11:24:02,30.49,438927,144,买盘
2282,11:24:05,30.48,192064,63,中性盘
2283,11:24:08,30.47,51814,17,卖盘
2284,11:24:11,30.49,91459,30,买盘
2285,11:24:14,30.49,131091,43,买盘
2286,11:24:17,30.49,100605,33,买盘
2287,11:24:20,30.5,530561,174,买盘
2288,11:24:23,30.5,341434,112,买盘
2289,11:24:26,30.49,329270,108,买盘
2290,11:24:29,30.49,161639,53,卖盘
2291,11:24:32,30.49,246963,81,买盘
2292,11:24:35,30.49,152461,50,卖盘
2293,11:24:38,30.49,79275,26,卖盘
2294,11:24:41,30.49,155501,51,卖盘
2295,11:24:44,30.49,405608,133,卖盘
2296,11:24:47,30.49,661578,217,卖盘
2297,11:24:50,30.48,899370,295,卖盘
2298,11:24:53,30.48,682709,224,买盘
2299,11:24:56,30.47,1014652,333,卖盘
2300,11:24:59,30.45,1063039,349,卖盘
2301,11:25:02,30.45,1586332,521,卖盘
2302,11:25:05,30.43,474738,156,卖盘
2303,11:25:08,30.45,447387,147,买盘
2304,11:25:11,30.43,279972,92,卖盘
2305,11:25:14,30.44,121734,40,买盘
2306,11:25:17,30.43,328675,108,卖盘
2307,11:25:20,30.45,532705,175,买盘
2308,11:25:23,30.45,277101,91,买盘
2309,11:25:26,30.45,97452,32,卖盘
2310,11:25:29,30.45,191882,63,卖盘
2311,11:25:32,30.45,76146,25,中性盘
2312,11:25:35,30.45,39588,13,卖盘
2313,11:25:38,30.46,112680,37,买盘
2314,11:25:41,30.46,140089,46,买盘
2315,11:25:44,30.46,137065,45,买盘
2316,11:25:47,30.46,325916,107,买盘
2317,11:25:50,30.46,173616,57,卖盘
2318,11:25:53,30.46,280236,92,买盘
2319,11:25:56,30.45,231491,76,卖盘
2320,11:25:59,30.47,322876,106,买盘
2321,11:26:02,30.46,307643,101,买盘
2322,11:26:05,30.45,472117,155,卖盘
2323,11:26:08,30.45,352017,116,卖盘
2324,11:26:11,30.46,392895,129,买盘
2325,11:26:14,30.47,593939,195,买盘
2326,11:26:17,30.47,383917,126,买盘
2327,11:26:20,30.48,91396,30,买盘
2328,11:26:23,30.48,42664,14,买盘
2329,11:26:26,30.48,664512,218,买盘
2330,11:26:29,30.49,237792,78,买盘
2331,11:26:32,30.49,204282,67,买盘
2332,11:26:35,30.48,134146,44,卖盘
2333,11:26:38,30.49,231705,76,买盘
2334,11:26:41,30.49,460330,151,买盘
2335,11:26:44,30.48,143299,47,卖盘
2336,11:26:47,30.49,173784,57,买盘
2337,11:26:50,30.49,64029,21,买盘
2338,11:26:53,30.49,304840,100,买盘
2339,11:26:56,30.48,91459,30,卖盘
2340,11:26:59,30.49,185980,61,买盘
2341,11:27:02,30.49,576146,189,买盘
2342,11:27:05,30.47,1807146,593,卖盘
2343,11:27:08,30.44,1776448,583,卖盘
2344,11:27:11,30.44,870540,286,卖盘
2345,11:27:14,30.45,669997,220,买盘
2346,11:27:17,30.45,143115,47,卖盘
2347,11:27:20,30.45,389788,128,卖盘
2348,11:27:23,30.46,1285547,422,买盘
2349,11:27:26,30.46,286324,94,买盘
2350,11:27:29,30.48,67032,22,买盘
2351,11:27:32,30.48,258945,85,买盘
2352,11:27:35,30.47,60925,20,中性盘
2353,11:27:38,30.46,67016,22,卖盘
2354,11:27:41,30.47,256192,84,买盘
2355,11:27:44,30.46,51795,17,卖盘
2356,11:27:47,30.46,76169,25,卖盘
2357,11:27:50,30.47,648903,213,买盘
2358,11:27:53,30.47,935319,307,买盘
2359,11:27:56,30.48,301660,99,买盘
2360,11:27:59,30.48,73144,24,买盘
2361,11:28:02,30.48,390141,128,买盘
2362,11:28:05,30.48,155440,51,买盘
2363,11:28:08,30.47,1910508,627,卖盘
2364,11:28:11,30.47,371630,122,买盘
2365,11:28:14,30.46,1050522,345,卖盘
2366,11:28:17,30.44,1132632,372,卖盘
2367,11:28:20,30.42,681712,224,卖盘
2368,11:28:23,30.42,441147,145,卖盘
2369,11:28:26,30.41,489639,161,卖盘
2370,11:28:29,30.41,550574,181,买盘
2371,11:28:32,30.43,203721,67,买盘
2372,11:28:35,30.41,145968,48,卖盘
2373,11:28:38,30.42,72985,24,中性盘
2374,11:28:41,30.4,1717807,565,卖盘
2375,11:28:44,30.41,340660,112,中性盘
2376,11:28:47,30.41,295013,97,卖盘
2377,11:28:50,30.42,857480,282,买盘
2378,11:28:53,30.42,437964,144,买盘
2379,11:28:56,30.41,365039,120,卖盘
2380,11:28:59,30.41,60837,20,卖盘
2381,11:29:02,30.43,249486,82,买盘
2382,11:29:05,30.42,36505,12,卖盘
2383,11:29:08,30.41,124714,41,卖盘
2384,11:29:11,30.42,191637,63,买盘
2385,11:29:14,30.42,319410,105,买盘
2386,11:29:17,30.43,322450,106,买盘
2387,11:29:20,30.42,88225,29,卖盘
2388,11:29:23,30.42,185544,61,卖盘
2389,11:29:26,30.41,1879347,618,卖盘
2390,11:29:29,30.38,2994222,985,卖盘
2391,11:29:32,30.39,668517,220,买盘
2392,11:29:35,30.4,194545,64,买盘
2393,11:29:38,30.4,246223,81,买盘
2394,11:29:41,30.4,422555,139,买盘
2395,11:29:44,30.4,194568,64,卖盘
2396,11:29:47,30.41,97305,32,买盘
2397,11:29:50,30.4,72969,24,卖盘
2398,11:29:53,30.41,389181,128,买盘
2399,11:29:56,30.41,282815,93,买盘
2400,11:29:59,30.42,94289,31,买盘
2401,11:30:02,30.42,30420,10,买盘
2402,13:00:02,30.42,909615,299,买盘
2403,13:00:05,30.41,2910696,957,卖盘
2404,13:00:08,30.42,3757740,1236,买盘
2405,13:00:11,30.4,6147843,2021,卖盘
2406,13:00:14,30.41,3848575,1266,买盘
2407,13:00:17,30.4,2617348,861,卖盘
2408,13:00:20,30.43,1924673,633,买盘
2409,13:00:23,30.44,1390821,457,买盘
2410,13:00:26,30.45,493279,162,买盘
2411,13:00:29,30.45,803956,264,买盘
2412,13:00:32,30.48,152357,50,买盘
2413,13:00:35,30.5,1637135,537,买盘
2414,13:00:38,30.5,993996,326,买盘
2415,13:00:41,30.54,2099352,688,买盘
2416,13:00:44,30.53,1843131,603,卖盘
2417,13:00:47,30.57,668975,219,买盘
2418,13:00:50,30.54,1148629,376,卖盘
2419,13:00:53,30.58,1167788,382,买盘
2420,13:00:56,30.58,333330,109,卖盘
2421,13:00:59,30.59,1086086,355,买盘
2422,13:01:02,30.6,1110629,363,买盘
2423,13:01:05,30.62,942537,308,买盘
2424,13:01:08,30.61,247968,81,中性盘
2425,13:01:11,30.62,1402603,458,买盘
2426,13:01:14,30.63,281809,92,中性盘
2427,13:01:17,30.62,1378394,450,卖盘
2428,13:01:20,30.6,1475667,482,卖盘
2429,13:01:23,30.58,1177731,385,卖盘
2430,13:01:26,30.57,1308095,428,卖盘
2431,13:01:29,30.53,158897,52,卖盘
2432,13:01:32,30.54,363646,119,中性盘
2433,13:01:35,30.55,381829,125,中性盘
2434,13:01:38,30.56,262814,86,买盘
2435,13:01:41,30.56,1634114,535,买盘
2436,13:01:44,30.56,1399229,458,买盘
2437,13:01:47,30.56,684037,224,买盘
2438,13:01:50,30.55,491841,161,卖盘
2439,13:01:53,30.55,504082,165,买盘
2440,13:01:56,30.54,1722943,564,卖盘
2441,13:01:59,30.51,1081018,354,卖盘
2442,13:02:02,30.53,3463956,1134,买盘
2443,13:02:05,30.52,3228323,1057,卖盘
2444,13:02:08,30.57,620591,203,买盘
2445,13:02:11,30.57,418969,137,卖盘
2446,13:02:14,30.58,363969,119,买盘
2447,13:02:17,30.57,1452486,475,卖盘
2448,13:02:20,30.59,1865014,610,买盘
2449,13:02:23,30.6,728247,238,买盘
2450,13:02:26,30.6,394873,129,卖盘
2451,13:02:29,30.62,578518,189,买盘
2452,13:02:32,30.62,404281,132,卖盘
2453,13:02:35,30.63,275637,90,买盘
2454,13:02:38,30.63,214448,70,买盘
2455,13:02:41,30.63,407419,133,买盘
2456,13:02:44,30.64,459799,150,中性盘
2457,13:02:47,30.64,223705,73,买盘
2458,13:02:50,30.64,573001,187,买盘
2459,13:02:53,30.64,597721,195,买盘
2460,13:02:56,30.64,2470605,806,卖盘
2461,13:02:59,30.68,669886,218,买盘
2462,13:03:02,30.68,2966944,967,卖盘
2463,13:03:05,30.69,1725080,562,买盘
2464,13:03:08,30.74,1417779,461,买盘
2465,13:03:11,30.78,2307383,750,买盘
2466,13:03:14,30.79,2314644,752,买盘
2467,13:03:17,30.79,1684137,547,买盘
2468,13:03:20,30.8,1367480,444,买盘
2469,13:03:23,30.82,1270580,412,买盘
2470,13:03:26,30.82,635095,206,买盘
2471,13:03:29,30.82,1917224,622,卖盘
2472,13:03:32,30.8,2633789,855,卖盘
2473,13:03:35,30.79,3414336,1109,卖盘
2474,13:03:38,30.8,3050671,991,买盘
2475,13:03:41,30.8,918799,298,买盘
2476,13:03:44,30.8,1514743,492,卖盘
2477,13:03:47,30.8,856199,278,卖盘
2478,13:03:50,30.8,1905676,619,卖盘
2479,13:03:53,30.76,298611,97,卖盘
2480,13:03:56,30.79,1058238,344,买盘
2481,13:03:59,30.75,517081,168,卖盘
2482,13:04:02,30.72,1328397,432,卖盘
2483,13:04:05,30.68,3241975,1056,卖盘
2484,13:04:08,30.7,174920,57,买盘
2485,13:04:11,30.71,375269,122,买盘
2486,13:04:14,30.7,696510,227,卖盘
2487,13:04:17,30.69,190347,62,卖盘
2488,13:04:20,30.69,135056,44,买盘
2489,13:04:23,30.68,846650,276,卖盘
2490,13:04:26,30.64,2844515,928,卖盘
2491,13:04:29,30.65,444290,145,买盘
2492,13:04:32,30.64,168509,55,中性盘
2493,13:04:35,30.64,744776,243,买盘
2494,13:04:38,30.65,137884,45,买盘
2495,13:04:41,30.64,370785,121,卖盘
2496,13:04:44,30.66,790771,258,买盘
2497,13:04:47,30.65,1842247,601,卖盘
2498,13:04:50,30.65,113399,37,买盘
2499,13:04:53,30.65,2022321,660,买盘
2500,13:04:56,30.65,281976,92,买盘
2501,13:04:59,30.67,177833,58,买盘
2502,13:05:02,30.68,371088,121,买盘
2503,13:05:05,30.68,168705,55,买盘
2504,13:05:08,30.68,269960,88,买盘
2505,13:05:11,30.69,135001,44,买盘
2506,13:05:14,30.69,273112,89,买盘
2507,13:05:17,30.7,2393931,780,买盘
2508,13:05:20,30.75,448737,146,买盘
2509,13:05:23,30.73,494714,161,中性盘
2510,13:05:26,30.72,356543,116,买盘
2511,13:05:29,30.72,562257,183,卖盘
2512,13:05:32,30.69,3908861,1273,卖盘
2513,13:05:35,30.71,540354,176,买盘
2514,13:05:38,30.69,537456,175,卖盘
2515,13:05:41,30.73,408577,133,买盘
2516,13:05:44,30.75,209017,68,买盘
2517,13:05:47,30.75,107597,35,买盘
2518,13:05:50,30.73,439590,143,卖盘
2519,13:05:53,30.71,1800237,586,卖盘
2520,13:05:56,30.7,641677,209,卖盘
2521,13:05:59,30.72,816688,266,买盘
2522,13:06:02,30.7,779973,254,卖盘
2523,13:06:05,30.71,942454,307,买盘
2524,13:06:08,30.7,923812,301,卖盘
2525,13:06:11,30.7,208754,68,买盘
2526,13:06:14,30.69,905324,295,卖盘
2527,13:06:17,30.69,322273,105,买盘
2528,13:06:20,30.69,448109,146,卖盘
2529,13:06:23,30.7,515599,168,买盘
2530,13:06:26,30.71,334707,109,买盘
2531,13:06:29,30.69,1884960,614,卖盘
2532,13:06:32,30.68,254778,83,卖盘
2533,13:06:35,30.69,1117008,364,买盘
2534,13:06:38,30.69,343667,112,卖盘
2535,13:06:41,30.69,328432,107,卖盘
2536,13:06:44,30.69,359073,117,卖盘
2537,13:06:47,30.67,187166,61,卖盘
2538,13:06:50,30.67,177938,58,卖盘
2539,13:06:53,30.67,67487,22,卖盘
2540,13:06:56,30.69,389850,127,买盘
2541,13:06:59,30.69,48919,16,卖盘
2542,13:07:02,30.69,920879,300,卖盘
2543,13:07:05,30.69,1616352,527,买盘
2544,13:07:08,30.68,309976,101,卖盘
2545,13:07:11,30.7,297788,97,买盘
2546,13:07:14,30.7,478894,156,卖盘
2547,13:07:17,30.66,828570,270,卖盘
2548,13:07:20,30.67,2125198,693,买盘
2549,13:07:23,30.69,457265,149,中性盘
2550,13:07:26,30.7,368296,120,买盘
2551,13:07:29,30.68,227108,74,卖盘
2552,13:07:32,30.7,583141,190,买盘
2553,13:07:35,30.7,626381,204,卖盘
2554,13:07:38,30.71,967412,315,买盘
2555,13:07:41,30.73,282774,92,买盘
2556,13:07:44,30.74,153636,50,买盘
2557,13:07:47,30.73,1072532,349,卖盘
2558,13:07:50,30.73,276568,90,买盘
2559,13:07:53,30.71,294940,96,卖盘
2560,13:07:56,30.7,1314782,428,卖盘
2561,13:07:59,30.74,1748473,569,买盘
2562,13:08:02,30.72,524983,171,中性盘
2563,13:08:05,30.73,464006,151,买盘
2564,13:08:08,30.72,156656,51,中性盘
2565,13:08:11,30.69,2569347,837,卖盘
2566,13:08:14,30.68,451404,147,中性盘
2567,13:08:17,30.72,564864,184,买盘
2568,13:08:20,30.71,657257,214,买盘
2569,13:08:23,30.71,491339,160,买盘
2570,13:08:26,30.75,863773,281,买盘
2571,13:08:29,30.71,485806,158,卖盘
2572,13:08:32,30.74,377818,123,买盘
2573,13:08:35,30.72,639557,208,卖盘
2574,13:08:38,30.71,491812,160,卖盘
2575,13:08:41,30.69,3745493,1220,卖盘
2576,13:08:44,30.67,1644879,536,卖盘
2577,13:08:47,30.67,460159,150,中性盘
2578,13:08:50,30.66,1793332,585,卖盘
2579,13:08:53,30.66,245276,80,买盘
2580,13:08:56,30.65,1436887,469,中性盘
2581,13:08:59,30.64,621905,203,买盘
2582,13:09:02,30.64,410327,134,买盘
2583,13:09:05,30.61,1306938,427,卖盘
2584,13:09:08,30.61,535561,175,买盘
2585,13:09:11,30.6,351917,115,卖盘
2586,13:09:14,30.6,290739,95,卖盘
2587,13:09:17,30.6,553910,181,卖盘
2588,13:09:20,30.6,403920,132,买盘
2589,13:09:23,30.59,719222,235,卖盘
2590,13:09:26,30.59,235654,77,卖盘
2591,13:09:29,30.59,468066,153,卖盘
2592,13:09:32,30.62,357995,117,买盘
2593,13:09:35,30.59,327411,107,卖盘
2594,13:09:38,30.59,596559,195,卖盘
2595,13:09:41,30.59,630211,206,卖盘
2596,13:09:44,30.58,856597,280,卖盘
2597,13:09:47,30.59,363944,119,买盘
2598,13:09:50,30.59,318131,104,卖盘
2599,13:09:53,30.6,425282,139,买盘
2600,13:09:56,30.58,572038,187,卖盘
2601,13:09:59,30.58,464902,152,卖盘
2602,13:10:02,30.58,1574861,515,卖盘
2603,13:10:05,30.57,694256,227,卖盘
2604,13:10:08,30.57,287431,94,卖盘
2605,13:10:11,30.58,180446,59,中性盘
2606,13:10:14,30.57,296559,97,卖盘
2607,13:10:17,30.58,217112,71,买盘
2608,13:10:20,30.57,470791,154,卖盘
2609,13:10:23,30.57,155946,51,卖盘
2610,13:10:26,30.56,803891,263,卖盘
2611,13:10:29,30.57,134508,44,中性盘
2612,13:10:32,30.56,828184,271,卖盘
2613,13:10:35,30.56,70292,23,卖盘
2614,13:10:38,30.56,473691,155,卖盘
2615,13:10:41,30.53,947174,310,卖盘
2616,13:10:44,30.53,158850,52,卖盘
2617,13:10:47,30.56,158855,52,买盘
2618,13:10:50,30.55,565345,185,卖盘
2619,13:10:53,30.55,440037,144,卖盘
2620,13:10:56,30.55,186379,61,卖盘
2621,13:10:59,30.55,238349,78,卖盘
2622,13:11:02,30.57,262847,86,买盘
2623,13:11:05,30.57,327047,107,买盘
2624,13:11:08,30.57,314810,103,买盘
2625,13:11:11,30.57,247561,81,买盘
2626,13:11:14,30.54,1860919,609,卖盘
2627,13:11:17,30.55,675234,221,中性盘
2628,13:11:20,30.55,323882,106,卖盘
2629,13:11:23,30.54,436860,143,卖盘
2630,13:11:26,30.54,406134,133,卖盘
2631,13:11:29,30.53,616811,202,卖盘
2632,13:11:32,30.54,232062,76,卖盘
2633,13:11:35,30.54,552715,181,买盘
2634,13:11:38,30.53,229065,75,卖盘
2635,13:11:41,30.54,116029,38,中性盘
2636,13:11:44,30.55,1191386,390,买盘
2637,13:11:47,30.56,1322987,433,买盘
2638,13:11:50,30.56,158893,52,中性盘
2639,13:11:53,30.57,85596,28,买盘
2640,13:11:56,30.6,315027,103,买盘
2641,13:11:59,30.58,70343,23,卖盘
2642,13:12:02,30.59,1638626,536,中性盘
2643,13:12:05,30.61,358017,117,买盘
2644,13:12:08,30.59,128518,42,卖盘
2645,13:12:11,30.6,198931,65,中性盘
2646,13:12:14,30.63,171412,56,买盘
2647,13:12:17,30.61,388635,127,卖盘
2648,13:12:20,30.61,67359,22,卖盘
2649,13:12:23,30.62,61239,20,买盘
2650,13:12:26,30.62,379719,124,买盘
2651,13:12:29,30.62,122467,40,买盘
2652,13:12:32,30.62,113289,37,买盘
2653,13:12:35,30.6,1107795,362,卖盘
2654,13:12:38,30.59,149945,49,中性盘
2655,13:12:41,30.6,113231,37,卖盘
2656,13:12:44,30.6,177532,58,卖盘
2657,13:12:47,30.61,238772,78,买盘
2658,13:12:50,30.61,12244,4,卖盘
2659,13:12:53,30.6,670321,219,卖盘
2660,13:12:56,30.62,385703,126,买盘
2661,13:12:59,30.62,64298,21,买盘
2662,13:13:02,30.61,612201,200,卖盘
2663,13:13:05,30.61,275489,90,买盘
2664,13:13:08,30.61,30603,10,买盘
2665,13:13:11,30.61,94888,31,买盘
2666,13:13:14,30.61,101013,33,买盘
2667,13:13:17,30.62,422430,138,买盘
2668,13:13:20,30.62,220464,72,买盘
2669,13:13:23,30.62,101046,33,买盘
2670,13:13:26,30.62,382802,125,买盘
2671,13:13:29,30.62,137790,45,买盘
2672,13:13:32,30.62,186796,61,买盘
2673,13:13:35,30.6,2488432,813,卖盘
2674,13:13:38,30.6,837930,274,买盘
2675,13:13:41,30.61,526318,172,买盘
2676,13:13:44,30.63,529661,173,买盘
2677,13:13:47,30.63,493143,161,买盘
2678,13:13:50,30.65,281922,92,买盘
2679,13:13:53,30.65,806097,263,卖盘
2680,13:13:56,30.64,398313,130,卖盘
2681,13:13:59,30.64,235867,77,中性盘
2682,13:14:02,30.56,982290,321,卖盘
2683,13:14:05,30.59,159020,52,买盘
2684,13:14:08,30.59,168194,55,买盘
2685,13:14:11,30.58,492097,161,中性盘
2686,13:14:14,30.6,486376,159,买盘
2687,13:14:17,30.59,278419,91,中性盘
2688,13:14:20,30.58,143770,47,卖盘
2689,13:14:23,30.58,1945483,636,卖盘
2690,13:14:26,30.6,486529,159,买盘
2691,13:14:29,30.59,15295,5,卖盘
2692,13:14:32,30.59,107092,35,卖盘
2693,13:14:35,30.59,100979,33,卖盘
2694,13:14:38,30.6,88740,29,买盘
2695,13:14:41,30.6,351792,115,买盘
2696,13:14:44,30.6,305999,100,买盘
2697,13:14:47,30.6,403917,132,买盘
2698,13:14:50,30.6,211138,69,买盘
2699,13:14:53,30.61,354968,116,买盘
2700,13:14:56,30.58,1556970,509,卖盘
2701,13:14:59,30.59,513731,168,买盘
2702,13:15:02,30.59,348678,114,买盘
2703,13:15:05,30.59,266056,87,卖盘
2704,13:15:08,30.59,159066,52,买盘
2705,13:15:11,30.58,211002,69,卖盘
2706,13:15:14,30.58,779617,255,卖盘
2707,13:15:17,30.6,1275813,417,买盘
2708,13:15:20,30.6,1055177,345,卖盘
2709,13:15:23,30.6,768028,251,买盘
2710,13:15:26,30.6,1478013,483,卖盘
2711,13:15:29,30.6,529299,173,买盘
2712,13:15:32,30.6,1575939,515,卖盘
2713,13:15:35,30.59,1730137,566,卖盘
2714,13:15:38,30.59,354897,116,买盘
2715,13:15:41,30.61,290750,95,买盘
2716,13:15:44,30.62,716237,234,买盘
2717,13:15:47,30.61,76821,25,中性盘
2718,13:15:50,30.61,223471,73,中性盘
2719,13:15:53,30.59,2676626,875,卖盘
2720,13:15:56,30.58,168215,55,中性盘
2721,13:15:59,30.56,327285,107,卖盘
2722,13:16:02,30.59,186591,61,卖盘
2723,13:16:05,30.6,119280,39,买盘
2724,13:16:08,30.6,100970,33,买盘
2725,13:16:11,30.59,79534,26,卖盘
2726,13:16:14,30.59,156048,51,卖盘
2727,13:16:17,30.6,30600,10,买盘
2728,13:16:20,30.6,39780,13,买盘
2729,13:16:23,30.59,1284728,420,卖盘
2730,13:16:26,30.59,385299,126,买盘
2731,13:16:29,30.6,1144382,374,买盘
2732,13:16:32,30.6,1401139,458,卖盘
2733,13:16:35,30.6,312057,102,买盘
2734,13:16:38,30.59,195776,64,卖盘
2735,13:16:41,30.57,339536,111,卖盘
2736,13:16:44,30.58,235478,77,中性盘
2737,13:16:47,30.58,103983,34,买盘
2738,13:16:50,30.59,119287,39,买盘
2739,13:16:53,30.58,241624,79,卖盘
2740,13:16:56,30.59,45885,15,买盘
2741,13:16:59,30.58,27522,9,卖盘
2742,13:17:02,30.59,131515,43,买盘
2743,13:17:05,30.6,104010,34,买盘
2744,13:17:08,30.58,489344,160,卖盘
2745,13:17:11,30.59,529179,173,买盘
2746,13:17:14,30.59,287504,94,卖盘
2747,13:17:17,30.58,425176,139,卖盘
2748,13:17:20,30.59,64229,21,买盘
2749,13:17:23,30.58,113178,37,卖盘
2750,13:17:26,30.59,315154,103,买盘
2751,13:17:29,30.59,18353,6,买盘
2752,13:17:32,30.59,140713,46,买盘
2753,13:17:35,30.59,76477,25,买盘
2754,13:17:38,30.59,107065,35,买盘
2755,13:17:41,30.59,42826,14,买盘
2756,13:17:44,30.59,39767,13,买盘
2757,13:17:47,30.59,538379,176,买盘
2758,13:17:50,30.6,168269,55,买盘
2759,13:17:53,30.6,110160,36,买盘
2760,13:17:56,30.6,119325,39,买盘
2761,13:17:59,30.6,9180,3,买盘
2762,13:18:02,30.6,195816,64,买盘
2763,13:18:05,30.6,201955,66,买盘
2764,13:18:08,30.58,1847354,604,卖盘
2765,13:18:11,30.57,1107002,362,卖盘
2766,13:18:14,30.58,507501,166,买盘
2767,13:18:17,30.58,354694,116,买盘
2768,13:18:20,30.58,162059,53,买盘
2769,13:18:23,30.57,232435,76,卖盘
2770,13:18:26,30.58,6116,2,买盘
2771,13:18:29,30.58,100910,33,买盘
2772,13:18:32,30.58,116204,38,买盘
2773,13:18:35,30.58,302704,99,买盘
2774,13:18:38,30.58,287429,94,买盘
2775,13:18:41,30.59,397503,130,买盘
2776,13:18:44,30.57,1452201,475,卖盘
2777,13:18:47,30.57,699930,229,买盘
2778,13:18:50,30.56,58070,19,卖盘
2779,13:18:53,30.57,192578,63,买盘
2780,13:18:56,30.56,70288,23,卖盘
2781,13:18:59,30.56,64189,21,卖盘
2782,13:19:02,30.56,265921,87,卖盘
2783,13:19:05,30.56,877349,287,卖盘
2784,13:19:08,30.57,504404,165,买盘
2785,13:19:11,30.57,146771,48,卖盘
2786,13:19:14,30.57,950734,311,卖盘
2787,13:19:17,30.57,376011,123,买盘
2788,13:19:20,30.57,162021,53,买盘
2789,13:19:23,30.56,284302,93,卖盘
2790,13:19:26,30.59,137627,45,买盘
2791,13:19:29,30.58,458563,150,卖盘
2792,13:19:32,30.59,299661,98,买盘
2793,13:19:35,30.58,58108,19,中性盘
2794,13:19:38,30.59,113157,37,买盘
2795,13:19:41,30.58,128435,42,买盘
2796,13:19:44,30.58,2720143,890,买盘
2797,13:19:47,30.57,788883,258,卖盘
2798,13:19:50,30.57,538104,176,卖盘
2799,13:19:53,30.57,186372,61,买盘
2800,13:19:56,30.57,541083,177,买盘
2801,13:19:59,30.57,217103,71,卖盘
2802,13:20:02,30.57,327188,107,卖盘
2803,13:20:05,30.59,64209,21,买盘
2804,13:20:08,30.58,94791,31,买盘
2805,13:20:11,30.59,321184,105,买盘
2806,13:20:14,30.59,201862,66,买盘
2807,13:20:17,30.59,437431,143,买盘
2808,13:20:20,30.59,104001,34,买盘
2809,13:20:23,30.59,204286,67,买盘
2810,13:20:26,30.58,287518,94,卖盘
2811,13:20:29,30.58,232434,76,卖盘
2812,13:20:32,30.58,278358,91,卖盘
2813,13:20:35,30.59,275309,90,买盘
2814,13:20:38,30.6,134627,44,买盘
2815,13:20:41,30.6,116269,38,买盘
2816,13:20:44,30.61,3240547,1059,买盘
2817,13:20:47,30.61,863297,282,买盘
2818,13:20:50,30.61,394996,129,卖盘
2819,13:20:53,30.63,1121201,366,买盘
2820,13:20:56,30.64,1047590,342,买盘
2821,13:20:59,30.64,481008,157,买盘
2822,13:21:02,30.65,281909,92,买盘
2823,13:21:05,30.65,88885,29,买盘
2824,13:21:08,30.65,144054,47,买盘
2825,13:21:11,30.64,1464592,478,卖盘
2826,13:21:14,30.64,750474,245,买盘
2827,13:21:17,30.63,199099,65,卖盘
2828,13:21:20,30.64,269561,88,买盘
2829,13:21:23,30.64,199155,65,买盘
2830,13:21:26,30.64,701639,229,买盘
2831,13:21:29,30.64,125624,41,卖盘
2832,13:21:32,30.64,511702,167,卖盘
2833,13:21:35,30.63,361536,118,卖盘
2834,13:21:38,30.65,361610,118,买盘
2835,13:21:41,30.65,245190,80,买盘
2836,13:21:44,30.63,15321,5,卖盘
2837,13:21:47,30.64,98076,32,中性盘
2838,13:21:50,30.65,134819,44,买盘
2839,13:21:53,30.65,73559,24,买盘
2840,13:21:56,30.65,147115,48,买盘
2841,13:21:59,30.65,9195,3,买盘
2842,13:22:02,30.65,625161,204,买盘
2843,13:22:05,30.63,1421543,464,卖盘
2844,13:22:08,30.63,223602,73,卖盘
2845,13:22:11,30.63,453326,148,买盘
2846,13:22:14,30.63,300194,98,卖盘
2847,13:22:17,30.63,156213,51,买盘
2848,13:22:20,30.64,398241,130,买盘
2849,13:22:23,30.64,131729,43,买盘
2850,13:22:26,30.64,116411,38,买盘
2851,13:22:29,30.64,45955,15,买盘
2852,13:22:32,30.63,318590,104,卖盘
2853,13:22:35,30.64,343167,112,买盘
2854,13:22:38,30.63,58210,19,卖盘
2855,13:22:41,30.63,21441,7,卖盘
2856,13:22:44,30.63,162379,53,卖盘
2857,13:22:47,30.63,416695,136,卖盘
2858,13:22:50,30.64,18381,6,买盘
2859,13:22:53,30.64,55140,18,买盘
2860,13:22:56,30.63,104174,34,卖盘
2861,13:22:59,30.63,116410,38,卖盘
2862,13:23:02,30.64,171555,56,买盘
2863,13:23:05,30.65,1406392,459,买盘
2864,13:23:08,30.65,134840,44,买盘
2865,13:23:11,30.65,337125,110,买盘
2866,13:23:14,30.65,465856,152,买盘
2867,13:23:17,30.65,291144,95,买盘
2868,13:23:20,30.65,398135,130,买盘
2869,13:23:23,30.66,177798,58,买盘
2870,13:23:26,30.67,487504,159,买盘
2871,13:23:29,30.67,208555,68,买盘
2872,13:23:32,30.68,223888,73,买盘
2873,13:23:35,30.68,153359,50,买盘
2874,13:23:38,30.68,110441,36,买盘
2875,13:23:41,30.68,122720,40,买盘
2876,13:23:44,30.68,242372,79,买盘
2877,13:23:47,30.69,1601526,522,买盘
2878,13:23:50,30.69,1258522,410,买盘
2879,13:23:53,30.69,245602,80,买盘
2880,13:23:56,30.7,389974,127,卖盘
2881,13:23:59,30.7,1752681,571,买盘
2882,13:24:02,30.69,1531328,499,卖盘
2883,13:24:05,30.67,2524845,823,卖盘
2884,13:24:08,30.66,1303260,425,卖盘
2885,13:24:11,30.68,775882,253,买盘
2886,13:24:14,30.67,128853,42,卖盘
2887,13:24:17,30.67,159512,52,卖盘
2888,13:24:20,30.66,2204444,719,卖盘
2889,13:24:23,30.66,806194,263,买盘
2890,13:24:26,30.65,432165,141,卖盘
2891,13:24:29,30.65,232948,76,买盘
2892,13:24:32,30.65,830559,271,中性盘
2893,13:24:35,30.64,1562287,510,卖盘
2894,13:24:38,30.64,242056,79,买盘
2895,13:24:41,30.62,535907,175,卖盘
2896,13:24:44,30.62,333782,109,卖盘
2897,13:24:47,30.62,352130,115,买盘
2898,13:24:50,30.62,260251,85,买盘
2899,13:24:53,30.63,691957,226,买盘
2900,13:24:56,30.63,453237,148,买盘
2901,13:24:59,30.63,64311,21,买盘
2902,13:25:02,30.63,211329,69,买盘
2903,13:25:05,30.63,140898,46,买盘
2904,13:25:08,30.62,131702,43,卖盘
2905,13:25:11,30.63,171515,56,买盘
2906,13:25:14,30.62,39818,13,卖盘
2907,13:25:17,30.63,355303,116,买盘
2908,13:25:20,30.65,404442,132,买盘
2909,13:25:23,30.65,664663,217,买盘
2910,13:25:26,30.64,144026,47,中性盘
2911,13:25:29,30.65,183876,60,买盘
2912,13:25:32,30.65,107238,35,买盘
2913,13:25:35,30.65,202283,66,买盘
2914,13:25:38,30.65,162435,53,买盘
2915,13:25:41,30.65,854911,279,买盘
2916,13:25:44,30.63,2079369,679,卖盘
2917,13:25:47,30.63,346118,113,卖盘
2918,13:25:50,30.63,1148327,375,买盘
2919,13:25:53,30.61,342969,112,卖盘
2920,13:25:56,30.63,373700,122,买盘
2921,13:25:59,30.62,168431,55,卖盘
2922,13:26:02,30.62,33681,11,中性盘
2923,13:26:05,30.62,189847,62,买盘
2924,13:26:08,30.62,376519,123,买盘
2925,13:26:11,30.62,143923,47,卖盘
2926,13:26:14,30.62,517519,169,卖盘
2927,13:26:17,30.62,205171,67,卖盘
2928,13:26:20,30.63,260349,85,买盘
2929,13:26:23,30.63,202146,66,买盘
2930,13:26:26,30.63,61271,20,卖盘
2931,13:26:29,30.63,52071,17,卖盘
2932,13:26:32,30.64,24510,8,买盘
2933,13:26:35,30.64,122560,40,买盘
2934,13:26:38,30.64,196083,64,买盘
2935,13:26:41,30.64,79665,26,买盘
2936,13:26:44,30.64,416610,136,买盘
2937,13:26:47,30.63,168519,55,卖盘
2938,13:26:50,30.66,386179,126,买盘
2939,13:26:53,30.66,88913,29,买盘
2940,13:26:56,30.67,196258,64,买盘
2941,13:26:59,30.66,386317,126,中性盘
2942,13:27:02,30.65,2780484,907,卖盘
2943,13:27:05,30.65,266707,87,卖盘
2944,13:27:08,30.65,165593,54,买盘
2945,13:27:11,30.65,708247,231,卖盘
2946,13:27:14,30.69,366255,119,买盘
2947,13:27:17,30.68,122705,40,中性盘
2948,13:27:20,30.68,689824,225,中性盘
2949,13:27:23,30.69,622699,203,买盘
2950,13:27:26,30.66,947740,309,卖盘
2951,13:27:29,30.66,410747,134,买盘
2952,13:27:32,30.68,541494,177,买盘
2953,13:27:35,30.68,208533,68,买盘
2954,13:27:38,30.66,1023814,334,卖盘
2955,13:27:41,30.66,101181,33,中性盘
2956,13:27:44,30.66,214633,70,卖盘
2957,13:27:47,30.66,217663,71,买盘
2958,13:27:50,30.66,266737,87,中性盘
2959,13:27:53,30.66,107274,35,买盘
