,成交时间,成交价格,成交金额,成交量,性质
0,09:25:02,130.99,12640535,965,卖盘
1,09:30:02,130.95,78567,6,卖盘
2,09:30:05,130.95,5328995,407,买盘
3,09:30:08,130.92,9112702,696,买盘
4,09:30:11,130.87,5981840,457,卖盘
5,09:30:14,130.82,3114699,238,中性盘
6,09:30:17,130.8,1935922,148,卖盘
7,09:30:20,130.73,1294506,99,中性盘
8,09:30:23,130.67,1228771,94,卖盘
9,09:30:26,130.6,1907454,146,卖盘
10,09:30:29,130.55,2989971,229,卖盘
11,09:30:32,130.51,809265,62,卖盘
12,09:30:35,130.51,1670398,128,买盘
13,09:30:38,130.48,1109260,85,卖盘
14,09:30:41,130.45,391358,30,卖盘
15,09:30:44,130.3,5828397,447,卖盘
16,09:30:47,130.2,2656176,204,卖盘
17,09:30:50,130.2,794024,61,买盘
18,09:30:53,130.13,754862,58,卖盘
19,09:30:56,130.13,1744344,134,卖盘
20,09:30:59,130.13,5074926,390,买盘
21,09:31:02,130.11,2095004,161,卖盘
22,09:31:05,130.11,2498233,192,买盘
23,09:31:08,130.18,2070122,159,买盘
24,09:31:11,130.26,1289001,99,买盘
25,09:31:14,130.26,534075,41,买盘
26,09:31:17,130.26,716553,55,卖盘
27,09:31:20,130.4,378089,29,买盘
28,09:31:23,130.33,521589,40,卖盘
29,09:31:26,130.44,521609,40,买盘
30,09:31:29,130.53,1579101,121,买盘
31,09:31:32,130.6,1226930,94,买盘
32,09:31:35,130.6,574386,44,买盘
33,09:31:38,130.6,1423456,109,买盘
34,09:31:41,130.6,1162272,89,买盘
35,09:31:44,130.5,2258289,173,卖盘
36,09:31:47,130.33,2021721,155,卖盘
37,09:31:50,130.33,352059,27,卖盘
38,09:31:53,130.31,977504,75,卖盘
39,09:31:56,130.33,1029603,79,买盘
40,09:31:59,130.33,91234,7,中性盘
41,09:32:02,130.47,834551,64,买盘
42,09:32:05,130.33,3753262,288,卖盘
43,09:32:08,130.38,469403,36,中性盘
44,09:32:11,130.33,573771,44,卖盘
45,09:32:14,130.33,612655,47,卖盘
46,09:32:17,130.33,560649,43,卖盘
47,09:32:20,130.39,286826,22,卖盘
48,09:32:23,130.32,2893244,222,卖盘
49,09:32:26,130.33,1537612,118,买盘
50,09:32:29,130.33,1068653,82,买盘
51,09:32:32,130.33,625599,48,卖盘
52,09:32:35,130.38,195515,15,买盘
53,09:32:38,130.38,638731,49,买盘
54,09:32:41,130.35,312897,24,中性盘
55,09:32:44,130.38,495328,38,买盘
56,09:32:47,130.38,169472,13,买盘
57,09:32:50,130.38,782195,60,卖盘
58,09:32:53,130.32,3102209,238,卖盘
59,09:32:56,130.28,3204875,246,卖盘
60,09:32:59,130.19,1666693,128,卖盘
61,09:33:02,130.19,221328,17,卖盘
62,09:33:05,130.18,1926783,148,卖盘
63,09:33:08,130.15,468593,36,卖盘
64,09:33:11,130.14,793936,61,卖盘
65,09:33:14,130.11,7234987,556,卖盘
66,09:33:17,130.1,2706257,208,卖盘
67,09:33:20,130.1,1548129,119,卖盘
68,09:33:23,130.1,1522201,117,买盘
69,09:33:26,130.08,2588829,199,卖盘
70,09:33:29,130.08,520316,40,买盘
71,09:33:32,130.07,728419,56,卖盘
72,09:33:35,130.06,1534764,118,卖盘
73,09:33:38,130.06,1495681,115,卖盘
74,09:33:41,130.06,1521668,117,卖盘
75,09:33:44,130.15,4305722,331,买盘
76,09:33:47,130.18,819816,63,买盘
77,09:33:50,130.15,156186,12,中性盘
78,09:33:53,130.13,1106369,85,卖盘
79,09:33:56,130.1,377378,29,卖盘
80,09:33:59,130.1,559487,43,卖盘
81,09:34:02,130.1,1092816,84,卖盘
82,09:34:05,130.1,936728,72,卖盘
83,09:34:08,130.08,2107236,162,卖盘
84,09:34:11,130.08,598357,46,买盘
85,09:34:14,130.06,1612939,124,卖盘
86,09:34:17,130.08,858492,66,买盘
87,09:34:20,130.08,988567,76,买盘
88,09:34:23,130.08,1157649,89,卖盘
89,09:34:26,130.1,1287845,99,买盘
90,09:34:29,130.09,845607,65,中性盘
91,09:34:32,130.1,2732009,210,买盘
92,09:34:35,130.14,481470,37,买盘
93,09:34:38,130.13,182171,14,中性盘
94,09:34:41,130.11,741694,57,卖盘
95,09:34:44,130.1,663546,51,卖盘
96,09:34:47,130.13,767660,59,买盘
97,09:34:50,130.1,1483231,114,卖盘
98,09:34:53,130.03,3524622,271,卖盘
99,09:34:56,130.03,1365464,105,卖盘
100,09:34:59,130.03,442114,34,中性盘
101,09:35:02,130.02,2379349,183,卖盘
102,09:35:05,130.01,832098,64,卖盘
103,09:35:08,130.01,3926318,302,卖盘
104,09:35:11,130.01,1248061,96,买盘
105,09:35:14,130.0,1287057,99,卖盘
106,09:35:17,130.01,1209069,93,买盘
107,09:35:20,130.02,429035,33,买盘
108,09:35:23,130.03,2275682,175,买盘
109,09:35:26,130.01,1521122,117,卖盘
110,09:35:29,130.02,260074,20,卖盘
111,09:35:32,130.03,585107,45,买盘
112,09:35:35,130.02,1846369,142,卖盘
113,09:35:38,130.02,1131203,87,卖盘
114,09:35:41,130.02,416091,32,卖盘
115,09:35:44,130.02,1235173,95,卖盘
116,09:35:47,130.02,2067226,159,买盘
117,09:35:50,130.01,1274211,98,卖盘
118,09:35:53,130.01,1196178,92,中性盘
119,09:35:56,130.02,390021,30,买盘
120,09:35:59,130.02,1911247,147,买盘
121,09:36:02,130.02,1222150,94,中性盘
122,09:36:05,130.03,416064,32,中性盘
123,09:36:08,130.01,1469192,113,卖盘
124,09:36:11,130.02,2314244,178,买盘
125,09:36:14,130.02,78014,6,卖盘
126,09:36:17,130.02,260044,20,卖盘
127,09:36:20,130.03,637107,49,买盘
128,09:36:23,130.02,897144,69,卖盘
129,09:36:26,130.04,884152,68,买盘
130,09:36:29,130.03,962198,74,买盘
131,09:36:32,130.03,481142,37,卖盘
132,09:36:35,130.03,585203,45,卖盘
133,09:36:38,130.04,481124,37,中性盘
134,09:36:41,130.03,1898569,146,卖盘
135,09:36:44,130.03,962192,74,买盘
136,09:36:47,130.02,1144220,88,卖盘
137,09:36:50,129.95,20526894,1579,卖盘
138,09:36:53,129.94,792722,61,卖盘
139,09:36:56,129.95,415771,32,买盘
140,09:36:59,129.93,610705,47,买盘
141,09:37:02,129.91,1013241,78,卖盘
142,09:37:05,129.89,805263,62,卖盘
143,09:37:08,129.88,779290,60,中性盘
144,09:37:11,129.86,961006,74,卖盘
145,09:37:14,129.85,779077,60,卖盘
146,09:37:17,129.8,2881737,222,卖盘
147,09:37:20,129.8,4192452,323,卖盘
148,09:37:23,129.75,1998708,154,卖盘
149,09:37:26,129.76,869471,67,中性盘
150,09:37:29,129.75,1712761,132,卖盘
151,09:37:32,129.7,2127298,164,卖盘
152,09:37:35,129.73,1374835,106,买盘
153,09:37:38,129.73,1997387,154,买盘
154,09:37:41,129.7,1997515,154,卖盘
155,09:37:44,129.7,1854512,143,买盘
156,09:37:47,129.7,881956,68,买盘
157,09:37:50,129.74,609643,47,买盘
158,09:37:53,129.77,1933012,149,买盘
159,09:37:56,129.86,2154874,166,买盘
160,09:37:59,129.89,2596650,200,买盘
161,09:38:02,129.89,1220374,94,买盘
162,09:38:05,129.89,363656,28,买盘
163,09:38:08,129.89,597473,46,卖盘
164,09:38:11,129.91,1246957,96,买盘
165,09:38:14,129.91,480627,37,买盘
166,09:38:17,129.95,1039260,80,买盘
167,09:38:20,129.95,90953,7,买盘
168,09:38:23,129.95,935563,72,买盘
169,09:38:26,129.91,1948718,150,卖盘
170,09:38:29,129.95,1364343,105,买盘
171,09:38:32,130.03,2249078,173,买盘
172,09:38:35,129.97,766869,59,卖盘
173,09:38:38,129.95,818815,63,卖盘
174,09:38:41,129.95,1013629,78,卖盘
175,09:38:44,129.97,1351522,104,买盘
176,09:38:47,129.95,1780758,137,中性盘
177,09:38:50,129.93,974693,75,卖盘
178,09:38:53,129.95,597714,46,买盘
179,09:38:56,129.94,376841,29,中性盘
180,09:38:59,129.95,2351474,181,中性盘
181,09:39:02,129.95,948367,73,买盘
182,09:39:05,129.95,428824,33,买盘
183,09:39:08,129.97,220919,17,中性盘
184,09:39:11,129.96,883691,68,卖盘
185,09:39:14,129.97,1351544,104,买盘
186,09:39:17,129.95,896664,69,卖盘
187,09:39:20,129.95,506832,39,买盘
188,09:39:23,129.97,103977,8,中性盘
189,09:39:26,129.96,389877,30,卖盘
190,09:39:29,129.96,610767,47,买盘
191,09:39:32,129.98,870785,67,买盘
192,09:39:35,129.98,480968,37,卖盘
193,09:39:38,129.99,233980,18,买盘
194,09:39:41,130.0,90994,7,买盘
195,09:39:44,129.99,428979,33,卖盘
196,09:39:47,129.99,467992,36,卖盘
197,09:39:50,129.99,311984,24,卖盘
198,09:39:53,129.97,1689809,130,卖盘
199,09:39:56,129.94,1754522,135,卖盘
200,09:39:59,129.94,194955,15,卖盘
201,09:40:02,129.93,3118212,240,卖盘
202,09:40:05,129.9,1714783,132,卖盘
203,09:40:08,129.89,688425,53,卖盘
204,09:40:11,129.85,1129965,87,卖盘
205,09:40:14,129.83,207770,16,卖盘
206,09:40:17,129.83,571270,44,卖盘
207,09:40:20,129.8,908700,70,卖盘
208,09:40:23,129.8,259627,20,卖盘
209,09:40:26,129.78,1129307,87,卖盘
210,09:40:29,129.78,493215,38,卖盘
211,09:40:32,129.77,635864,49,卖盘
212,09:40:35,129.75,726610,56,卖盘
213,09:40:38,129.75,233525,18,买盘
214,09:40:41,129.73,609693,47,卖盘
215,09:40:44,129.74,921098,71,买盘
216,09:40:47,129.74,972992,75,卖盘
217,09:40:50,129.74,1855211,143,买盘
218,09:40:53,129.74,687614,53,卖盘
219,09:40:56,129.77,531976,41,买盘
220,09:40:59,129.73,2413217,186,卖盘
221,09:41:02,129.75,674692,52,卖盘
222,09:41:05,129.75,363292,28,买盘
223,09:41:08,129.75,739563,57,买盘
224,09:41:11,129.76,415205,32,买盘
225,09:41:14,129.75,1284539,99,卖盘
226,09:41:17,129.76,519054,40,买盘
227,09:41:20,129.76,506054,39,卖盘
228,09:41:23,129.77,882399,68,买盘
229,09:41:26,129.77,661809,51,买盘
230,09:41:29,129.77,480129,37,买盘
231,09:41:32,129.77,583950,45,买盘
232,09:41:35,129.78,480134,37,买盘
233,09:41:38,129.78,713763,55,买盘
234,09:41:41,129.77,739671,57,卖盘
235,09:41:44,129.78,155730,12,买盘
236,09:41:47,129.78,1064214,82,卖盘
237,09:41:50,129.78,1155074,89,卖盘
238,09:41:53,129.78,376370,29,卖盘
239,09:41:56,129.79,389360,30,买盘
240,09:41:59,129.8,545119,42,买盘
241,09:42:02,129.79,506180,39,卖盘
242,09:42:05,129.79,765781,59,卖盘
243,09:42:08,129.79,285538,22,买盘
244,09:42:11,129.79,700847,54,买盘
245,09:42:14,129.79,584059,45,卖盘
246,09:42:17,129.79,3076056,237,卖盘
247,09:42:20,129.81,155755,12,买盘
248,09:42:23,129.81,726866,56,中性盘
249,09:42:26,129.82,817808,63,买盘
250,09:42:29,129.81,181742,14,中性盘
251,09:42:32,129.8,233652,18,卖盘
252,09:42:35,129.79,1155220,89,卖盘
253,09:42:38,129.8,376412,29,买盘
254,09:42:41,129.8,1103273,85,买盘
255,09:42:44,129.8,441296,34,卖盘
256,09:42:47,129.82,661998,51,买盘
257,09:42:50,129.82,376436,29,买盘
258,09:42:53,129.82,194725,15,卖盘
259,09:42:56,129.82,662033,51,卖盘
260,09:42:59,129.81,441373,34,中性盘
261,09:43:02,129.82,973514,75,买盘
262,09:43:05,129.81,298568,23,中性盘
263,09:43:08,129.81,441334,34,卖盘
264,09:43:11,129.78,4918835,379,卖盘
265,09:43:14,129.74,3036262,234,卖盘
266,09:43:17,129.74,622826,48,卖盘
267,09:43:20,129.73,298407,23,卖盘
268,09:43:23,129.74,596824,46,买盘
269,09:43:26,129.73,2399871,185,卖盘
270,09:43:29,129.74,220536,17,买盘
271,09:43:32,129.73,843177,65,卖盘
272,09:43:35,129.72,2010463,155,卖盘
273,09:43:38,129.71,583739,45,卖盘
274,09:43:41,129.71,661530,51,卖盘
275,09:43:44,129.72,933982,72,买盘
276,09:43:47,129.72,142692,11,卖盘
277,09:43:50,129.72,791296,61,卖盘
278,09:43:53,129.72,1426928,110,卖盘
279,09:43:56,129.73,817261,63,买盘
280,09:43:59,129.73,661582,51,中性盘
281,09:44:02,129.73,168649,13,卖盘
282,09:44:05,129.73,505950,39,卖盘
283,09:44:08,129.72,467015,36,卖盘
284,09:44:11,129.71,2866658,221,卖盘
285,09:44:14,129.71,363191,28,买盘
286,09:44:17,129.71,596666,46,卖盘
287,09:44:20,129.71,324273,25,卖盘
288,09:44:23,129.7,479908,37,卖盘
289,09:44:26,129.71,1111737,86,买盘
290,09:44:29,129.7,492884,38,卖盘
291,09:44:32,129.7,622574,48,卖盘
292,09:44:35,129.7,2645907,204,卖盘
293,09:44:38,129.72,285360,22,买盘
294,09:44:41,129.71,168625,13,卖盘
295,09:44:44,129.71,1011704,78,买盘
296,09:44:47,129.71,116745,9,卖盘
297,09:44:50,129.72,324281,25,买盘
298,09:44:53,129.71,985863,76,卖盘
299,09:44:56,129.7,2633087,203,卖盘
300,09:44:59,129.71,2438405,188,卖盘
301,09:45:02,129.7,3401983,262,卖盘
302,09:45:05,129.71,622544,48,买盘
303,09:45:08,129.67,4408762,340,卖盘
304,09:45:11,129.69,2282299,176,买盘
305,09:45:14,129.67,233400,18,买盘
306,09:45:17,129.68,389011,30,买盘
307,09:45:20,129.68,609096,47,买盘
308,09:45:23,129.69,855963,66,买盘
309,09:45:26,129.67,389024,30,卖盘
310,09:45:29,129.68,363115,28,买盘
311,09:45:32,129.69,492794,38,买盘
312,09:45:35,129.69,116714,9,买盘
313,09:45:38,129.69,557668,43,买盘
314,09:45:41,129.68,1504293,116,卖盘
315,09:45:44,129.68,531692,41,买盘
316,09:45:47,129.69,168585,13,买盘
317,09:45:50,129.68,220468,17,卖盘
318,09:45:53,129.69,1322736,102,买盘
319,09:45:56,129.69,531693,41,卖盘
320,09:45:59,129.68,440925,34,中性盘
321,09:46:02,129.69,1218917,94,买盘
322,09:46:05,129.7,842990,65,买盘
323,09:46:08,129.7,583574,45,买盘
324,09:46:11,129.69,492814,38,中性盘
325,09:46:14,129.69,648423,50,中性盘
326,09:46:17,129.68,1543308,119,卖盘
327,09:46:20,129.7,363153,28,买盘
328,09:46:23,129.69,648422,50,卖盘
329,09:46:26,129.7,868985,67,中性盘
330,09:46:29,129.7,726290,56,买盘
331,09:46:32,129.69,479863,37,中性盘
332,09:46:35,129.7,389087,30,买盘
333,09:46:38,129.69,479873,37,卖盘
334,09:46:41,129.68,2813963,217,卖盘
335,09:46:44,129.68,570612,44,买盘
336,09:46:47,129.67,116710,9,卖盘
337,09:46:50,129.68,298259,23,买盘
338,09:46:53,129.67,2308461,178,卖盘
339,09:46:56,129.67,1465299,113,卖盘
340,09:46:59,129.69,804001,62,买盘
341,09:47:02,129.67,934026,72,卖盘
342,09:47:05,129.65,1452191,112,卖盘
343,09:47:08,129.66,544592,42,买盘
344,09:47:11,129.66,246355,19,买盘
345,09:47:14,129.66,363048,28,卖盘
346,09:47:17,129.65,6910345,533,卖盘
347,09:47:20,129.63,220385,17,卖盘
348,09:47:23,129.61,570352,44,卖盘
349,09:47:26,129.61,298112,23,卖盘
350,09:47:29,129.61,855433,66,卖盘
351,09:47:32,129.6,207364,16,卖盘
352,09:47:35,129.61,2954938,228,买盘
353,09:47:38,129.61,920174,71,买盘
354,09:47:41,129.6,1088646,84,卖盘
355,09:47:44,129.59,790555,61,卖盘
356,09:47:47,129.6,440625,34,买盘
357,09:47:50,129.58,1088495,84,卖盘
358,09:47:53,129.58,1114285,86,卖盘
359,09:47:56,129.56,64780,5,买盘
360,09:47:59,129.56,790262,61,买盘
361,09:48:02,129.53,647725,50,卖盘
362,09:48:05,129.53,427493,33,卖盘
363,09:48:08,129.53,297928,23,卖盘
364,09:48:11,129.53,608807,47,卖盘
365,09:48:14,129.61,3964930,306,买盘
366,09:48:17,129.52,3239011,250,卖盘
367,09:48:20,129.62,12330806,952,买盘
368,09:48:23,129.62,168515,13,卖盘
369,09:48:26,129.6,414758,32,卖盘
370,09:48:29,129.59,90718,7,卖盘
371,09:48:32,129.53,375736,29,卖盘
372,09:48:35,129.54,1243466,96,买盘
373,09:48:38,129.59,738429,57,买盘
374,09:48:41,129.57,272055,21,中性盘
375,09:48:44,129.55,751855,58,卖盘
376,09:48:47,129.54,349770,27,卖盘
377,09:48:50,129.55,803141,62,买盘
378,09:48:53,129.52,880244,68,卖盘
379,09:48:56,129.53,453358,35,买盘
380,09:48:59,129.53,1113922,86,卖盘
381,09:49:02,129.53,1075104,83,中性盘
382,09:49:05,129.53,751246,58,买盘
383,09:49:08,129.52,1075026,83,卖盘
384,09:49:11,129.52,660547,51,买盘
385,09:49:14,129.52,1644826,127,买盘
386,09:49:17,129.51,4118436,318,卖盘
387,09:49:20,129.51,2732491,211,买盘
388,09:49:23,129.51,608712,47,中性盘
389,09:49:26,129.52,893637,69,买盘
390,09:49:29,129.53,103613,8,买盘
391,09:49:32,129.51,1256823,97,卖盘
392,09:49:35,129.53,284984,22,买盘
393,09:49:38,129.53,466282,36,卖盘
394,09:49:41,129.54,6876644,531,买盘
395,09:49:44,129.53,142487,11,卖盘
396,09:49:47,129.53,777143,60,卖盘
397,09:49:50,129.54,427447,33,买盘
398,09:49:53,129.54,828927,64,卖盘
399,09:49:56,129.55,518165,40,买盘
400,09:49:59,129.54,375650,29,卖盘
401,09:50:02,129.55,362707,28,买盘
402,09:50:05,129.54,440495,34,卖盘
403,09:50:08,129.55,660668,51,中性盘
404,09:50:11,129.55,505256,39,卖盘
405,09:50:14,129.53,842096,65,卖盘
406,09:50:17,129.55,544112,42,卖盘
407,09:50:20,129.53,246138,19,卖盘
408,09:50:23,129.55,725468,56,买盘
409,09:50:26,129.55,323903,25,卖盘
410,09:50:29,129.57,336836,26,中性盘
411,09:50:32,129.55,310951,24,卖盘
412,09:50:35,129.57,751429,58,买盘
413,09:50:38,129.58,1243714,96,买盘
414,09:50:41,129.57,362801,28,中性盘
415,09:50:44,129.56,207309,16,卖盘
416,09:50:47,129.58,829303,64,买盘
417,09:50:50,129.6,583074,45,买盘
418,09:50:53,129.6,1023681,79,买盘
419,09:50:56,129.58,557250,43,卖盘
420,09:50:59,129.6,375819,29,卖盘
421,09:51:02,129.59,220322,17,卖盘
422,09:51:05,129.5,7551431,583,卖盘
423,09:51:08,129.52,8546979,660,买盘
424,09:51:11,129.5,854685,66,卖盘
425,09:51:14,129.52,220173,17,买盘
426,09:51:17,129.48,725225,56,卖盘
427,09:51:20,129.48,220128,17,卖盘
428,09:51:23,129.47,479097,37,卖盘
429,09:51:26,129.47,284836,22,卖盘
430,09:51:29,129.46,155360,12,卖盘
431,09:51:32,129.46,233042,18,卖盘
432,09:51:35,129.46,168302,13,卖盘
433,09:51:38,129.46,310187,24,卖盘
434,09:51:41,129.45,776711,60,卖盘
435,09:51:44,129.45,181230,14,买盘
436,09:51:47,129.44,2847916,220,卖盘
437,09:51:50,129.45,789615,61,中性盘
438,09:51:53,129.45,1074369,83,卖盘
439,09:51:56,129.43,142389,11,卖盘
440,09:51:59,129.45,453040,35,买盘
441,09:52:02,129.45,621310,48,买盘
442,09:52:05,129.47,1475780,114,买盘
443,09:52:08,129.46,699014,54,卖盘
444,09:52:11,129.48,78196,6,买盘
445,09:52:14,129.45,336625,26,卖盘
446,09:52:17,129.48,129476,10,买盘
447,09:52:20,129.48,194215,15,卖盘
448,09:52:23,129.47,440194,34,卖盘
449,09:52:26,129.46,258912,20,中性盘
450,09:52:29,129.47,647348,50,买盘
451,09:52:32,129.47,349551,27,卖盘
452,09:52:35,129.46,414295,32,卖盘
453,09:52:38,129.47,336608,26,买盘
454,09:52:41,129.46,608472,47,卖盘
455,09:52:44,129.46,142410,11,卖盘
456,09:52:47,129.47,310715,24,买盘
457,09:52:50,129.46,349546,27,卖盘
458,09:52:53,129.46,375449,29,卖盘
459,09:52:56,129.47,556695,43,买盘
460,09:52:59,129.47,621423,48,买盘
461,09:53:02,129.46,763800,59,卖盘
462,09:53:05,129.46,207136,16,买盘
463,09:53:08,129.46,375432,29,买盘
464,09:53:11,129.46,815565,63,买盘
465,09:53:14,129.46,375442,29,卖盘
466,09:53:17,129.46,388385,30,卖盘
467,09:53:20,129.46,336594,26,卖盘
468,09:53:23,129.45,750828,58,卖盘
469,09:53:26,129.46,323650,25,买盘
470,09:53:29,129.47,401322,31,买盘
471,09:53:32,129.47,362494,28,买盘
472,09:53:35,129.45,258920,20,卖盘
473,09:53:38,129.42,3171284,245,卖盘
474,09:53:41,129.45,323645,25,中性盘
475,09:53:44,129.42,440161,34,卖盘
476,09:53:47,129.42,349452,27,卖盘
477,09:53:50,129.45,478956,37,中性盘
478,09:53:53,129.42,375363,29,卖盘
479,09:53:56,129.45,543682,42,买盘
480,09:53:59,129.43,466062,36,卖盘
481,09:54:02,129.45,478891,37,买盘
482,09:54:05,129.45,452978,35,买盘
483,09:54:08,129.45,1514550,117,买盘
484,09:54:11,129.46,90623,7,买盘
485,09:54:14,129.45,3041542,235,卖盘
486,09:54:17,129.46,245959,19,买盘
487,09:54:20,129.45,271868,21,卖盘
488,09:54:23,129.46,220094,17,中性盘
489,09:54:26,129.46,233027,18,卖盘
490,09:54:29,129.46,582547,45,买盘
491,09:54:32,129.45,207129,16,卖盘
492,09:54:35,129.46,595511,46,买盘
493,09:54:38,129.46,828578,64,卖盘
494,09:54:41,129.46,271851,21,卖盘
495,09:54:44,129.46,207133,16,买盘
496,09:54:47,129.46,207134,16,买盘
497,09:54:50,129.46,453099,35,买盘
498,09:54:53,129.46,440154,34,买盘
499,09:54:56,129.45,504871,39,卖盘
500,09:54:59,129.41,2898893,224,卖盘
501,09:55:02,129.4,310580,24,卖盘
502,09:55:05,129.4,452920,35,卖盘
503,09:55:08,129.4,815235,63,卖盘
504,09:55:11,129.4,879964,68,卖盘
505,09:55:14,129.41,284695,22,卖盘
506,09:55:17,129.4,711727,55,卖盘
507,09:55:20,129.41,414107,32,买盘
508,09:55:23,129.41,439994,34,买盘
509,09:55:26,129.4,647043,50,卖盘
510,09:55:29,129.4,4516097,349,卖盘
511,09:55:32,129.4,1022265,79,卖盘
512,09:55:35,129.39,530501,41,卖盘
513,09:55:38,129.38,504603,39,卖盘
514,09:55:41,129.38,1022103,79,卖盘
515,09:55:44,129.37,595106,46,卖盘
516,09:55:47,129.34,1875676,145,卖盘
517,09:55:50,129.33,543221,42,卖盘
518,09:55:53,129.33,633719,49,卖盘
519,09:55:56,129.31,491405,38,卖盘
520,09:55:59,129.3,594817,46,卖盘
521,09:56:02,129.31,517209,40,中性盘
522,09:56:05,129.3,1887810,146,卖盘
523,09:56:08,129.31,530145,41,买盘
524,09:56:11,129.3,1292999,100,卖盘
525,09:56:14,129.3,517192,40,买盘
526,09:56:17,129.3,840419,65,买盘
527,09:56:20,129.3,930913,72,买盘
528,09:56:23,129.3,752748,58,买盘
529,09:56:26,129.3,478387,37,买盘
530,09:56:29,129.28,1732570,134,卖盘
531,09:56:32,129.29,323248,25,中性盘
532,09:56:35,129.31,465485,36,中性盘
533,09:56:38,129.31,245681,19,买盘
534,09:56:41,129.3,866366,67,卖盘
535,09:56:44,129.29,362036,28,卖盘
536,09:56:47,129.3,465438,36,买盘
537,09:56:50,129.28,736957,57,卖盘
538,09:56:53,129.28,1228197,95,卖盘
539,09:56:56,129.28,723977,56,卖盘
540,09:56:59,129.28,297347,23,卖盘
541,09:57:02,129.29,607645,47,买盘
542,09:57:05,129.29,452502,35,卖盘
543,09:57:08,129.29,362004,28,中性盘
544,09:57:11,129.29,206862,16,卖盘
545,09:57:14,129.29,374930,29,买盘
546,09:57:17,129.28,1991074,154,卖盘
547,09:57:20,129.29,736927,57,买盘
548,09:57:23,129.3,129292,10,买盘
549,09:57:26,129.34,905187,70,买盘
550,09:57:29,129.34,788979,61,卖盘
551,09:57:32,129.35,388047,30,买盘
552,09:57:35,129.35,1552116,120,买盘
553,09:57:38,129.34,1332250,103,卖盘
554,09:57:41,129.34,556167,43,买盘
555,09:57:44,129.34,310408,24,买盘
556,09:57:47,129.33,711348,55,卖盘
557,09:57:50,129.35,206934,16,买盘
558,09:57:53,129.35,103472,8,买盘
559,09:57:56,129.35,426841,33,买盘
560,09:57:59,129.34,2612877,202,卖盘
561,09:58:02,129.35,362184,28,卖盘
562,09:58:05,129.38,646840,50,买盘
563,09:58:08,129.39,323397,25,买盘
564,09:58:11,129.35,957363,74,卖盘
565,09:58:14,129.4,232898,18,买盘
566,09:58:17,129.4,465840,36,买盘
567,09:58:20,129.41,271752,21,买盘
568,09:58:23,129.41,828224,64,买盘
569,09:58:26,129.42,595316,46,买盘
570,09:58:29,129.42,349427,27,买盘
571,09:58:32,129.45,142386,11,买盘
572,09:58:35,129.45,2265815,175,买盘
573,09:58:38,129.5,246024,19,中性盘
574,09:58:41,129.5,634576,49,买盘
575,09:58:44,129.5,517950,40,中性盘
576,09:58:47,129.51,725213,56,买盘
577,09:58:50,129.57,401441,31,买盘
578,09:58:53,129.55,103635,8,中性盘
579,09:58:56,129.52,194295,15,卖盘
580,09:58:59,129.55,829046,64,中性盘
581,09:59:02,129.54,466405,36,卖盘
582,09:59:05,129.57,647704,50,买盘
583,09:59:08,129.54,492263,38,卖盘
584,09:59:11,129.56,375713,29,买盘
585,09:59:14,129.56,1528968,118,买盘
586,09:59:17,129.56,557057,43,买盘
587,09:59:20,129.56,557092,43,买盘
588,09:59:23,129.56,272076,21,卖盘
589,09:59:26,129.56,375686,29,买盘
590,09:59:29,129.56,1827067,141,买盘
591,09:59:32,129.54,427540,33,卖盘
592,09:59:35,129.54,777237,60,买盘
593,09:59:38,129.54,505237,39,买盘
594,09:59:41,129.54,777737,60,卖盘
595,09:59:44,129.54,349755,27,卖盘
596,09:59:47,129.58,362748,28,买盘
597,09:59:50,129.58,90706,7,卖盘
598,09:59:53,129.58,90707,7,卖盘
599,09:59:56,129.6,1089262,84,中性盘
600,09:59:59,129.59,414723,32,卖盘
601,10:00:02,129.58,1711497,132,卖盘
602,10:00:05,129.58,427646,33,卖盘
603,10:00:08,129.58,298037,23,卖盘
604,10:00:11,129.59,155505,12,卖盘
605,10:00:14,129.58,194391,15,卖盘
606,10:00:17,129.58,803506,62,卖盘
607,10:00:20,129.58,207336,16,卖盘
608,10:00:23,129.58,168457,13,卖盘
609,10:00:26,129.58,323983,25,卖盘
610,10:00:29,129.58,699748,54,卖盘
611,10:00:32,129.59,829356,64,买盘
612,10:00:35,129.59,634961,49,买盘
613,10:00:38,129.59,259183,20,卖盘
614,10:00:41,129.6,855328,66,买盘
615,10:00:44,129.6,12960,1,卖盘
616,10:00:47,129.6,129612,10,卖盘
617,10:00:50,129.6,233334,18,卖盘
618,10:00:53,129.61,233295,18,买盘
619,10:00:56,129.6,1153436,89,卖盘
620,10:00:59,129.6,570238,44,买盘
621,10:01:02,129.59,375792,29,卖盘
622,10:01:05,129.6,453593,35,买盘
623,10:01:08,129.6,492478,38,买盘
624,10:01:11,129.6,285129,22,卖盘
625,10:01:14,129.58,246232,19,卖盘
626,10:01:17,129.58,116634,9,卖盘
627,10:01:20,129.55,362775,28,卖盘
628,10:01:23,129.54,259095,20,卖盘
629,10:01:26,129.54,103632,8,卖盘
630,10:01:29,129.53,272023,21,卖盘
631,10:01:32,129.54,77724,6,中性盘
632,10:01:35,129.51,1049155,81,卖盘
633,10:01:38,129.53,738247,57,买盘
634,10:01:41,129.51,984451,76,中性盘
635,10:01:44,129.52,116565,9,中性盘
636,10:01:47,129.51,284923,22,卖盘
637,10:01:50,129.51,725214,56,买盘
638,10:01:53,129.5,336703,26,卖盘
639,10:01:56,129.49,401451,31,卖盘
640,10:01:59,129.49,103594,8,卖盘
641,10:02:02,129.48,155376,12,卖盘
642,10:02:05,129.48,51791,4,买盘
643,10:02:08,129.46,466081,36,卖盘
644,10:02:11,129.47,608439,47,买盘
645,10:02:14,129.46,220082,17,中性盘
646,10:02:17,129.46,129452,10,买盘
647,10:02:20,129.43,621345,48,卖盘
648,10:02:23,129.43,116499,9,卖盘
649,10:02:26,129.43,64714,5,买盘
650,10:02:29,129.43,207074,16,买盘
651,10:02:32,129.42,181196,14,卖盘
652,10:02:35,129.42,4232821,327,卖盘
653,10:02:38,129.42,1009400,78,中性盘
654,10:02:41,129.42,207062,16,买盘
655,10:02:44,129.42,181179,14,买盘
656,10:02:47,129.42,931814,72,买盘
657,10:02:50,129.42,284724,22,卖盘
658,10:02:53,129.42,440029,34,卖盘
659,10:02:56,129.42,207081,16,买盘
660,10:02:59,129.42,194130,15,卖盘
661,10:03:02,129.42,530629,41,买盘
662,10:03:05,129.42,77652,6,买盘
663,10:03:08,129.42,155305,12,卖盘
664,10:03:11,129.43,51771,4,买盘
665,10:03:14,129.43,284733,22,买盘
666,10:03:17,129.43,90601,7,买盘
667,10:03:20,129.5,453207,35,买盘
668,10:03:23,129.46,77668,6,中性盘
669,10:03:26,129.5,155400,12,买盘
670,10:03:29,129.5,258950,20,卖盘
671,10:03:32,129.5,388461,30,买盘
672,10:03:35,129.46,38846,3,卖盘
673,10:03:38,129.5,142446,11,买盘
674,10:03:41,129.5,142423,11,买盘
675,10:03:44,129.57,660570,51,买盘
676,10:03:47,129.57,64785,5,卖盘
677,10:03:50,129.58,673814,52,买盘
678,10:03:53,129.59,246208,19,买盘
679,10:03:56,129.6,427678,33,买盘
680,10:03:59,129.63,259232,20,买盘
681,10:04:02,129.6,259235,20,卖盘
682,10:04:05,129.61,129619,10,中性盘
683,10:04:08,129.61,181446,14,中性盘
684,10:04:11,129.6,557290,43,卖盘
685,10:04:14,129.6,272160,21,买盘
686,10:04:17,129.61,233284,18,买盘
687,10:04:20,129.66,440727,34,买盘
688,10:04:23,129.67,959262,74,买盘
689,10:04:26,129.67,311208,24,买盘
690,10:04:29,129.67,285265,22,买盘
691,10:04:32,129.67,687299,53,买盘
692,10:04:35,129.76,246405,19,买盘
693,10:04:38,129.76,77838,6,买盘
694,10:04:41,129.75,272496,21,中性盘
695,10:04:44,129.72,103799,8,卖盘
696,10:04:47,129.76,648799,50,买盘
697,10:04:50,129.76,25952,2,卖盘
698,10:04:53,129.76,207644,16,卖盘
699,10:04:56,129.78,558119,43,卖盘
700,10:04:59,129.79,207669,16,中性盘
701,10:05:02,129.83,713867,55,买盘
702,10:05:05,129.84,168785,13,买盘
703,10:05:08,129.84,233699,18,买盘
704,10:05:11,129.84,415483,32,买盘
705,10:05:14,129.83,2479215,191,卖盘
706,10:05:17,129.81,467303,36,中性盘
707,10:05:20,129.83,480350,37,买盘
708,10:05:23,129.81,817912,63,卖盘
709,10:05:26,129.82,207705,16,买盘
710,10:05:29,129.86,2077374,160,买盘
711,10:05:32,129.82,493287,38,卖盘
712,10:05:35,129.86,103860,8,买盘
713,10:05:38,129.86,103875,8,买盘
714,10:05:41,129.86,233744,18,买盘
715,10:05:44,129.83,90881,7,卖盘
716,10:05:47,129.82,207720,16,卖盘
717,10:05:50,129.83,194735,15,买盘
718,10:05:53,129.83,259651,20,买盘
719,10:05:56,129.83,1571099,121,买盘
720,10:05:59,129.83,168779,13,卖盘
721,10:06:02,129.84,181767,14,买盘
722,10:06:05,129.85,1519343,117,买盘
723,10:06:08,129.85,480427,37,卖盘
724,10:06:11,129.87,506474,39,买盘
725,10:06:14,129.86,259742,20,买盘
726,10:06:17,129.85,103883,8,卖盘
727,10:06:20,129.86,1337460,103,卖盘
728,10:06:23,129.86,233756,18,卖盘
729,10:06:26,129.87,350644,27,买盘
730,10:06:29,129.87,207793,16,卖盘
731,10:06:32,129.88,467544,36,买盘
732,10:06:35,129.86,532456,41,卖盘
733,10:06:38,129.81,1025739,79,卖盘
734,10:06:41,129.87,1077686,83,买盘
735,10:06:44,129.86,298663,23,买盘
736,10:06:47,129.81,103855,8,卖盘
737,10:06:50,129.85,493405,38,买盘
738,10:06:53,129.85,467499,36,卖盘
739,10:06:56,129.87,181798,14,买盘
740,10:06:59,129.85,51937,4,买盘
741,10:07:02,129.83,64923,5,卖盘
742,10:07:05,129.82,298613,23,卖盘
743,10:07:08,129.83,259659,20,买盘
744,10:07:11,129.82,1038627,80,中性盘
745,10:07:14,129.81,740035,57,卖盘
746,10:07:17,129.81,207700,16,卖盘
747,10:07:20,129.83,168773,13,买盘
748,10:07:23,129.81,389459,30,卖盘
749,10:07:26,129.83,142813,11,中性盘
750,10:07:29,129.83,259647,20,买盘
751,10:07:32,129.83,480376,37,买盘
752,10:07:35,129.82,506309,39,卖盘
753,10:07:38,129.83,558242,43,买盘
754,10:07:41,129.83,181762,14,卖盘
755,10:07:44,129.84,324588,25,买盘
756,10:07:47,129.83,51935,4,卖盘
757,10:07:50,129.84,207734,16,买盘
758,10:07:53,129.83,636171,49,卖盘
759,10:07:56,129.8,2752171,212,卖盘
760,10:07:59,129.78,1868984,144,卖盘
761,10:08:02,129.8,350441,27,买盘
762,10:08:05,129.8,38940,3,卖盘
763,10:08:08,129.8,168738,13,买盘
764,10:08:11,129.78,25956,2,卖盘
765,10:08:14,129.76,38930,3,卖盘
766,10:08:17,129.8,376379,29,买盘
767,10:08:20,129.8,155760,12,卖盘
768,10:08:23,129.8,90861,7,卖盘
769,10:08:26,129.8,739954,57,卖盘
770,10:08:29,129.78,389402,30,卖盘
771,10:08:32,129.8,25960,2,卖盘
772,10:08:35,129.8,220658,17,买盘
773,10:08:38,129.78,558206,43,卖盘
774,10:08:41,129.83,1259606,97,买盘
775,10:08:44,129.8,116849,9,卖盘
776,10:08:47,129.86,90908,7,中性盘
777,10:08:50,129.86,38956,3,卖盘
778,10:08:53,129.87,233754,18,买盘
779,10:08:56,129.87,129866,10,卖盘
780,10:08:59,129.87,64935,5,买盘
781,10:09:02,129.87,480511,37,买盘
782,10:09:05,129.86,610332,47,卖盘
783,10:09:08,129.88,181811,14,买盘
784,10:09:11,129.86,51947,4,卖盘
785,10:09:14,129.87,168827,13,买盘
786,10:09:17,129.87,155839,12,卖盘
787,10:09:20,129.86,90910,7,卖盘
788,10:09:23,129.87,12987,1,中性盘
789,10:09:26,129.87,77922,6,买盘
790,10:09:29,129.86,103889,8,卖盘
791,10:09:32,129.86,38958,3,买盘
792,10:09:35,129.85,168813,13,卖盘
793,10:09:38,129.82,298609,23,卖盘
794,10:09:41,129.82,830766,64,买盘
795,10:09:44,129.81,25960,2,中性盘
796,10:09:47,129.81,389405,30,买盘
797,10:09:50,129.81,402342,31,买盘
798,10:09:53,129.77,168703,13,卖盘
799,10:09:56,129.75,116780,9,卖盘
800,10:09:59,129.77,285473,22,买盘
801,10:10:02,129.75,311446,24,卖盘
802,10:10:05,129.74,155698,12,卖盘
803,10:10:08,129.75,90814,7,买盘
804,10:10:11,129.72,90804,7,卖盘
805,10:10:14,129.71,155667,12,卖盘
806,10:10:17,129.7,233465,18,卖盘
807,10:10:20,129.7,38910,3,卖盘
808,10:10:23,129.67,363124,28,卖盘
809,10:10:26,129.7,12970,1,买盘
810,10:10:32,129.67,765057,59,卖盘
811,10:10:35,129.66,90771,7,卖盘
812,10:10:38,129.67,38902,3,中性盘
813,10:10:41,129.65,77791,6,卖盘
814,10:10:44,129.67,103729,8,买盘
815,10:10:47,129.66,246350,19,卖盘
816,10:10:50,129.66,12966,1,买盘
817,10:10:53,129.65,38896,3,卖盘
818,10:10:56,129.65,285225,22,卖盘
819,10:10:59,129.65,414851,32,买盘
820,10:11:02,129.65,337090,26,买盘
821,10:11:05,129.65,350049,27,买盘
822,10:11:08,129.65,51860,4,买盘
823,10:11:11,129.62,700042,54,卖盘
824,10:11:14,129.63,492558,38,买盘
825,10:11:17,129.63,64811,5,买盘
826,10:11:20,129.62,90732,7,卖盘
827,10:11:23,129.62,116658,9,买盘
828,10:11:26,129.62,337013,26,卖盘
829,10:11:29,129.61,207383,16,卖盘
830,10:11:32,129.62,324046,25,买盘
831,10:11:35,129.62,479588,37,买盘
832,10:11:38,129.62,298157,23,卖盘
833,10:11:41,129.61,77768,6,卖盘
834,10:11:44,129.62,51845,4,买盘
835,10:11:47,129.62,155540,12,买盘
836,10:11:50,129.62,194417,15,买盘
837,10:11:53,129.61,583286,45,卖盘
838,10:11:56,129.62,1192421,92,买盘
839,10:11:59,129.62,90733,7,卖盘
840,10:12:02,129.6,881281,68,卖盘
841,10:12:05,129.62,518414,40,买盘
842,10:12:08,129.6,168495,13,卖盘
843,10:12:11,129.61,155530,12,中性盘
844,10:12:14,129.6,38882,3,卖盘
845,10:12:23,129.6,168489,13,卖盘
846,10:12:26,129.65,103711,8,买盘
847,10:12:29,129.66,907498,70,买盘
848,10:12:32,129.61,246264,19,卖盘
849,10:12:35,129.62,25928,2,中性盘
850,10:12:38,129.66,207397,16,买盘
851,10:12:41,129.61,246339,19,卖盘
852,10:12:44,129.61,194419,15,卖盘
853,10:12:47,129.61,777675,60,卖盘
854,10:12:50,129.66,751760,58,买盘
855,10:12:53,129.61,181469,14,卖盘
856,10:12:56,129.61,1400062,108,卖盘
857,10:12:59,129.66,155577,12,买盘
858,10:13:02,129.62,38886,3,卖盘
859,10:13:05,129.65,12965,1,买盘
860,10:13:08,129.62,51859,4,卖盘
861,10:13:14,129.65,38892,3,卖盘
862,10:13:17,129.62,51860,4,卖盘
863,10:13:20,129.62,12962,1,卖盘
864,10:13:23,129.65,12965,1,中性盘
865,10:13:26,129.62,570328,44,卖盘
866,10:13:29,129.62,142590,11,卖盘
867,10:13:32,129.62,103710,8,卖盘
868,10:13:35,129.62,453670,35,卖盘
869,10:13:38,129.62,362923,28,买盘
870,10:13:41,129.62,155538,12,买盘
871,10:13:44,129.62,298109,23,买盘
872,10:13:47,129.62,336992,26,买盘
873,10:13:50,129.61,38882,3,买盘
874,10:13:53,129.6,25921,2,卖盘
875,10:13:56,129.6,25920,2,卖盘
876,10:13:59,129.6,505460,39,卖盘
877,10:14:02,129.61,362883,28,中性盘
878,10:14:05,129.62,220338,17,买盘
879,10:14:08,129.6,155520,12,卖盘
880,10:14:11,129.6,38880,3,卖盘
881,10:14:14,129.61,25922,2,中性盘
882,10:14:17,129.6,51840,4,卖盘
883,10:14:20,129.6,90720,7,卖盘
884,10:14:23,129.61,259201,20,买盘
885,10:14:26,129.61,194403,15,买盘
886,10:14:29,129.59,660928,51,卖盘
887,10:14:32,129.61,401781,31,买盘
888,10:14:38,129.61,285142,22,卖盘
889,10:14:41,129.61,142572,11,卖盘
890,10:14:44,129.62,233307,18,买盘
891,10:14:47,129.61,38883,3,卖盘
892,10:14:50,129.61,64807,5,买盘
893,10:14:53,129.62,336991,26,买盘
894,10:14:56,129.61,972103,75,卖盘
895,10:14:59,129.64,129628,10,买盘
896,10:15:02,129.68,1568924,121,买盘
897,10:15:05,129.68,324223,25,卖盘
898,10:15:08,129.69,518755,40,买盘
899,10:15:11,129.67,129685,10,卖盘
900,10:15:14,129.69,233413,18,买盘
901,10:15:17,129.69,64845,5,买盘
902,10:15:20,129.7,12970,1,买盘
903,10:15:23,129.7,51880,4,买盘
904,10:15:26,129.69,181570,14,卖盘
905,10:15:29,129.7,272366,21,买盘
906,10:15:32,129.7,103758,8,买盘
907,10:15:35,129.69,246412,19,卖盘
908,10:15:38,129.69,207497,16,买盘
909,10:15:41,129.68,38904,3,卖盘
910,10:15:44,129.69,64843,5,买盘
911,10:15:47,129.69,51876,4,买盘
912,10:15:50,129.69,77814,6,买盘
913,10:15:53,129.69,51876,4,买盘
914,10:15:56,129.69,129690,10,买盘
915,10:15:59,129.69,570628,44,买盘
916,10:16:02,129.7,129699,10,买盘
917,10:16:05,129.69,116725,9,卖盘
918,10:16:08,129.69,311272,24,卖盘
919,10:16:11,129.7,479871,37,买盘
920,10:16:14,129.69,12969,1,卖盘
921,10:16:17,129.7,181579,14,买盘
922,10:16:20,129.69,77816,6,卖盘
923,10:16:23,129.7,181578,14,买盘
924,10:16:26,129.69,194536,15,卖盘
925,10:16:29,129.7,155629,12,买盘
926,10:16:32,129.7,38908,3,买盘
927,10:16:35,129.69,12969,1,卖盘
928,10:16:38,129.7,64849,5,买盘
929,10:16:41,129.7,129699,10,买盘
930,10:16:44,129.69,337197,26,卖盘
931,10:16:47,129.7,479887,37,买盘
932,10:16:50,129.7,220509,17,卖盘
933,10:16:53,129.71,376156,29,中性盘
934,10:16:56,129.71,25943,2,卖盘
935,10:16:59,129.72,220519,17,买盘
936,10:17:02,129.72,90804,7,卖盘
937,10:17:08,129.74,25948,2,买盘
938,10:17:11,129.74,25948,2,卖盘
939,10:17:14,129.75,389249,30,买盘
940,10:17:17,129.75,25950,2,买盘
941,10:17:20,129.75,103800,8,买盘
942,10:17:23,129.74,142721,11,卖盘
943,10:17:26,129.75,454125,35,买盘
944,10:17:29,129.75,25950,2,卖盘
945,10:17:32,129.74,90823,7,卖盘
946,10:17:35,129.77,77860,6,买盘
947,10:17:38,129.75,246525,19,卖盘
948,10:17:41,129.74,363375,28,卖盘
949,10:17:44,129.77,25953,2,买盘
950,10:17:47,129.77,77858,6,卖盘
951,10:17:50,129.77,77866,6,买盘
952,10:17:53,129.77,12977,1,卖盘
953,10:17:56,129.79,90848,7,买盘
954,10:18:02,129.79,233623,18,卖盘
955,10:18:08,129.79,25959,2,中性盘
956,10:18:11,129.76,895491,69,卖盘
957,10:18:14,129.75,64879,5,卖盘
958,10:18:17,129.75,90830,7,卖盘
959,10:18:20,129.76,765537,59,买盘
960,10:18:23,129.76,1401324,108,买盘
961,10:18:26,129.75,519002,40,卖盘
962,10:18:29,129.75,207604,16,卖盘
963,10:18:32,129.74,1375588,106,卖盘
964,10:18:35,129.74,64871,5,卖盘
965,10:18:38,129.74,311360,24,卖盘
966,10:18:41,129.74,479952,37,买盘
967,10:18:44,129.7,12970,1,卖盘
968,10:18:47,129.7,207520,16,卖盘
969,10:18:50,129.7,778213,60,卖盘
970,10:18:53,129.72,298351,23,买盘
971,10:18:56,129.72,181591,14,买盘
972,10:18:59,129.7,25940,2,卖盘
973,10:19:02,129.69,181586,14,卖盘
974,10:19:05,129.69,116722,9,卖盘
975,10:19:08,129.69,64845,5,卖盘
976,10:19:11,129.69,25937,2,买盘
977,10:19:14,129.68,129680,10,卖盘
978,10:19:17,129.68,38904,3,卖盘
979,10:19:20,129.68,220466,17,卖盘
980,10:19:23,129.68,453939,35,卖盘
981,10:19:26,129.69,259365,20,买盘
982,10:19:29,129.69,25938,2,卖盘
983,10:19:32,129.69,77814,6,卖盘
984,10:19:35,129.68,90782,7,卖盘
985,10:19:38,129.7,1037594,80,买盘
986,10:19:41,129.73,116747,9,买盘
987,10:19:44,129.7,142670,11,卖盘
988,10:19:47,129.73,51883,4,买盘
989,10:19:50,129.73,25946,2,买盘
990,10:19:53,129.72,103776,8,中性盘
991,10:19:56,129.71,596638,46,卖盘
992,10:19:59,129.71,12971,1,卖盘
993,10:20:02,129.71,441096,34,卖盘
994,10:20:05,129.72,129715,10,买盘
995,10:20:08,129.72,220523,17,买盘
996,10:20:11,129.72,220524,17,卖盘
997,10:20:14,129.72,64860,5,卖盘
998,10:20:17,129.71,116747,9,卖盘
999,10:20:20,129.71,51885,4,卖盘
1000,10:20:23,129.71,142681,11,卖盘
1001,10:20:29,129.72,38914,3,买盘
1002,10:20:32,129.7,1361850,105,卖盘
1003,10:20:35,129.7,155650,12,卖盘
1004,10:20:38,129.71,51883,4,中性盘
1005,10:20:41,129.71,51882,4,买盘
1006,10:20:44,129.71,64851,5,买盘
1007,10:20:47,129.71,142681,11,买盘
1008,10:20:50,129.72,194561,15,买盘
1009,10:20:53,129.7,415085,32,卖盘
1010,10:20:59,129.7,1050569,81,卖盘
1011,10:21:02,129.69,207517,16,卖盘
1012,10:21:05,129.69,64847,5,卖盘
1013,10:21:08,129.72,1089565,84,买盘
1014,10:21:11,129.72,38916,3,卖盘
1015,10:21:14,129.72,103776,8,卖盘
1016,10:21:17,129.72,64861,5,卖盘
1017,10:21:20,129.72,103778,8,卖盘
1018,10:21:23,129.69,103758,8,卖盘
1019,10:21:29,129.7,181564,14,买盘
1020,10:21:32,129.7,51880,4,卖盘
1021,10:21:35,129.69,116727,9,中性盘
1022,10:21:38,129.69,194555,15,卖盘
1023,10:21:41,129.69,220473,17,卖盘
1024,10:21:44,129.68,25936,2,卖盘
1025,10:21:47,129.68,77810,6,卖盘
1026,10:21:50,129.69,246395,19,买盘
1027,10:21:53,129.67,64836,5,卖盘
1028,10:21:56,129.67,38901,3,卖盘
1029,10:21:59,129.67,38901,3,卖盘
1030,10:22:02,129.67,350107,27,卖盘
1031,10:22:05,129.66,207471,16,卖盘
1032,10:22:08,129.66,51864,4,卖盘
1033,10:22:11,129.63,272253,21,卖盘
1034,10:22:14,129.62,77776,6,卖盘
1035,10:22:17,129.63,337019,26,买盘
1036,10:22:23,129.61,181454,14,卖盘
1037,10:22:26,129.61,77764,6,买盘
1038,10:22:29,129.61,285124,22,买盘
1039,10:22:32,129.59,686869,53,卖盘
1040,10:22:35,129.59,64796,5,中性盘
1041,10:22:38,129.59,51836,4,卖盘
1042,10:22:41,129.58,77749,6,卖盘
1043,10:22:44,129.56,634897,49,卖盘
1044,10:22:47,129.56,38868,3,卖盘
1045,10:22:50,129.56,155472,12,卖盘
1046,10:22:53,129.56,194338,15,卖盘
1047,10:22:56,129.55,285010,22,卖盘
1048,10:22:59,129.52,25906,2,卖盘
1049,10:23:02,129.52,38857,3,卖盘
1050,10:23:05,129.51,194268,15,卖盘
1051,10:23:08,129.51,116559,9,卖盘
1052,10:23:11,129.51,828886,64,卖盘
1053,10:23:14,129.51,259024,20,卖盘
1054,10:23:17,129.5,440334,34,卖盘
1055,10:23:23,129.51,103606,8,买盘
1056,10:23:26,129.51,971325,75,买盘
1057,10:23:29,129.56,116592,9,买盘
1058,10:23:32,129.57,246195,19,中性盘
1059,10:23:35,129.58,505196,39,中性盘
1060,10:23:38,129.6,181431,14,买盘
1061,10:23:41,129.61,38881,3,买盘
1062,10:23:44,129.59,38877,3,卖盘
1063,10:23:47,129.61,51844,4,买盘
1064,10:23:50,129.61,25922,2,买盘
1065,10:23:53,129.6,12960,1,卖盘
1066,10:23:56,129.61,25921,2,中性盘
1067,10:23:59,129.62,38884,3,买盘
1068,10:24:02,129.62,25923,2,买盘
1069,10:24:05,129.59,349919,27,卖盘
1070,10:24:08,129.6,142554,11,买盘
1071,10:24:11,129.59,51836,4,卖盘
1072,10:24:14,129.59,233259,18,买盘
1073,10:24:17,129.58,272135,21,卖盘
1074,10:24:20,129.53,90696,7,卖盘
1075,10:24:23,129.57,38872,3,中性盘
1076,10:24:26,129.56,51827,4,卖盘
1077,10:24:29,129.54,64776,5,卖盘
1078,10:24:32,129.54,207258,16,卖盘
1079,10:24:35,129.53,64766,5,中性盘
1080,10:24:38,129.52,77718,6,卖盘
1081,10:24:41,129.53,116571,9,中性盘
1082,10:24:44,129.51,297876,23,卖盘
1083,10:24:47,129.53,608750,47,买盘
1084,10:24:50,129.54,440361,34,买盘
1085,10:24:53,129.54,12954,1,买盘
1086,10:24:56,129.54,38862,3,买盘
1087,10:24:59,129.54,129539,10,买盘
1088,10:25:02,129.56,51818,4,中性盘
1089,10:25:05,129.56,116594,9,买盘
1090,10:25:08,129.56,51824,4,卖盘
1091,10:25:11,129.57,12957,1,买盘
1092,10:25:14,129.56,103649,8,卖盘
1093,10:25:17,129.56,64779,5,买盘
1094,10:25:20,129.56,51824,4,买盘
1095,10:25:23,129.57,285036,22,买盘
1096,10:25:29,129.55,77730,6,卖盘
1097,10:25:32,129.55,220235,17,买盘
1098,10:25:35,129.54,181369,14,卖盘
1099,10:25:38,129.55,116600,9,买盘
1100,10:25:41,129.55,116596,9,卖盘
1101,10:25:44,129.55,116590,9,中性盘
1102,10:25:47,129.54,233196,18,卖盘
1103,10:25:50,129.6,946035,73,买盘
1104,10:25:53,129.58,155511,12,卖盘
1105,10:25:56,129.57,129573,10,卖盘
1106,10:25:59,129.58,25917,2,卖盘
1107,10:26:02,129.58,207328,16,买盘
1108,10:26:05,129.58,51830,4,买盘
1109,10:26:08,129.57,103662,8,卖盘
1110,10:26:11,129.57,77743,6,卖盘
1111,10:26:14,129.57,4313619,333,买盘
1112,10:26:17,129.57,64784,5,买盘
1113,10:26:20,129.57,12957,1,卖盘
1114,10:26:23,129.57,103642,8,中性盘
1115,10:26:26,129.58,103655,8,买盘
1116,10:26:29,129.58,686773,53,买盘
1117,10:26:32,129.56,414618,32,卖盘
1118,10:26:35,129.54,25909,2,卖盘
1119,10:26:38,129.52,77716,6,卖盘
1120,10:26:41,129.54,90677,7,买盘
1121,10:26:44,129.56,570012,44,买盘
1122,10:26:47,129.52,181351,14,卖盘
1123,10:26:50,129.53,116577,9,中性盘
1124,10:26:53,129.52,388560,30,卖盘
1125,10:26:56,129.52,414500,32,买盘
1126,10:26:59,129.52,142466,11,买盘
1127,10:27:02,129.52,505090,39,买盘
1128,10:27:05,129.52,401504,31,买盘
1129,10:27:08,129.52,64757,5,买盘
1130,10:27:11,129.5,142456,11,卖盘
1131,10:27:14,129.52,531025,41,买盘
1132,10:27:20,129.52,51808,4,卖盘
1133,10:27:23,129.52,336752,26,买盘
1134,10:27:26,129.52,116568,9,卖盘
1135,10:27:29,129.52,349705,27,卖盘
1136,10:27:32,129.53,103623,8,买盘
1137,10:27:38,129.53,2033333,157,卖盘
1138,10:27:44,129.52,142472,11,买盘
1139,10:27:47,129.52,38856,3,卖盘
1140,10:27:50,129.52,246098,19,卖盘
1141,10:27:53,129.52,64760,5,卖盘
1142,10:27:56,129.52,634648,49,卖盘
1143,10:27:59,129.53,168372,13,买盘
1144,10:28:02,129.53,90664,7,买盘
1145,10:28:05,129.52,64760,5,买盘
1146,10:28:08,129.53,5296545,409,买盘
1147,10:28:11,129.52,155378,12,中性盘
1148,10:28:14,129.51,142471,11,卖盘
1149,10:28:17,129.53,155405,12,买盘
1150,10:28:20,129.51,90658,7,卖盘
1151,10:28:23,129.51,958374,74,买盘
1152,10:28:26,129.5,12950,1,卖盘
1153,10:28:29,129.5,207192,16,卖盘
1154,10:28:32,129.49,12949,1,中性盘
1155,10:28:35,129.49,64743,5,买盘
1156,10:28:38,129.46,38841,3,卖盘
1157,10:28:41,129.5,64737,5,买盘
1158,10:28:44,129.46,129469,10,卖盘
1159,10:28:47,129.5,103584,8,买盘
1160,10:28:50,129.45,103574,8,卖盘
1161,10:28:53,129.45,51783,4,卖盘
1162,10:28:56,129.5,401434,31,买盘
1163,10:28:59,129.49,271948,21,卖盘
1164,10:29:02,129.5,258989,20,买盘
1165,10:29:05,129.49,310787,24,卖盘
1166,10:29:08,129.51,103600,8,买盘
1167,10:29:11,129.5,12950,1,中性盘
1168,10:29:14,129.49,103600,8,卖盘
1169,10:29:17,129.49,517957,40,卖盘
1170,10:29:20,129.5,220145,17,买盘
1171,10:29:23,129.5,77700,6,卖盘
1172,10:29:26,129.51,168351,13,买盘
1173,10:29:29,129.5,51803,4,卖盘
1174,10:29:32,129.5,181309,14,卖盘
1175,10:29:35,129.5,427363,33,卖盘
1176,10:29:38,129.5,297851,23,卖盘
1177,10:29:41,129.53,621724,48,买盘
1178,10:29:44,129.51,77714,6,卖盘
1179,10:29:47,129.54,25907,2,买盘
1180,10:29:50,129.53,233154,18,卖盘
1181,10:29:53,129.54,207264,16,卖盘
1182,10:29:56,129.54,90671,7,买盘
1183,10:29:59,129.54,155444,12,买盘
1184,10:30:02,129.54,142490,11,买盘
1185,10:30:05,129.54,168385,13,买盘
1186,10:30:08,129.51,142472,11,卖盘
1187,10:30:11,129.54,25907,2,买盘
1188,10:30:14,129.51,90671,7,卖盘
1189,10:30:17,129.54,1295364,100,买盘
1190,10:30:20,129.54,297941,23,买盘
1191,10:30:23,129.51,259020,20,卖盘
1192,10:30:26,129.51,12951,1,买盘
1193,10:30:29,129.51,336713,26,买盘
1194,10:30:32,129.51,64751,5,买盘
1195,10:30:35,129.54,893596,69,买盘
1196,10:30:38,129.51,12951,1,中性盘
1197,10:30:41,129.51,77706,6,卖盘
1198,10:30:44,129.51,168363,13,卖盘
1199,10:30:47,129.51,466240,36,卖盘
1200,10:30:50,129.52,38857,3,中性盘
1201,10:30:53,129.51,427385,33,卖盘
1202,10:31:02,129.5,64750,5,卖盘
1203,10:31:05,129.5,181300,14,卖盘
1204,10:31:08,129.5,77703,6,卖盘
1205,10:31:11,129.51,64755,5,买盘
1206,10:31:14,129.51,25902,2,买盘
1207,10:31:17,129.51,181304,14,买盘
1208,10:31:20,129.5,802906,62,卖盘
1209,10:31:23,129.49,194252,15,卖盘
1210,10:31:26,129.5,194256,15,中性盘
1211,10:31:29,129.49,103596,8,卖盘
1212,10:31:32,129.5,142443,11,买盘
1213,10:31:35,129.5,51798,4,买盘
1214,10:31:38,129.49,77695,6,卖盘
1215,10:31:41,129.49,207195,16,卖盘
1216,10:31:44,129.49,1178359,91,卖盘
1217,10:31:47,129.48,103589,8,卖盘
1218,10:31:50,129.49,492043,38,买盘
1219,10:31:53,129.48,77690,6,卖盘
1220,10:31:56,129.48,168324,13,卖盘
1221,10:31:59,129.48,258962,20,卖盘
1222,10:32:02,129.46,945134,73,卖盘
1223,10:32:05,129.47,51788,4,中性盘
1224,10:32:08,129.47,686140,53,买盘
1225,10:32:11,129.47,129464,10,买盘
1226,10:32:14,129.53,3845943,297,买盘
1227,10:32:17,129.55,233189,18,买盘
1228,10:32:20,129.54,194245,15,卖盘
1229,10:32:23,129.54,194310,15,买盘
1230,10:32:26,129.56,77732,6,买盘
1231,10:32:29,129.49,764101,59,卖盘
1232,10:32:32,129.57,90694,7,中性盘
1233,10:32:35,129.55,12955,1,卖盘
1234,10:32:38,129.55,233215,18,卖盘
1235,10:32:41,129.55,90693,7,卖盘
1236,10:32:44,129.55,51826,4,卖盘
1237,10:32:47,129.57,401673,31,买盘
1238,10:32:50,129.57,168441,13,卖盘
1239,10:32:53,129.6,259146,20,买盘
1240,10:32:56,129.6,414678,32,买盘
1241,10:32:59,129.6,90717,7,买盘
1242,10:33:02,129.57,362829,28,卖盘
1243,10:33:05,129.6,155520,12,买盘
1244,10:33:08,129.6,142560,11,买盘
1245,10:33:11,129.61,207377,16,卖盘
1246,10:33:14,129.61,207382,16,卖盘
1247,10:33:17,129.62,401806,31,买盘
1248,10:33:20,129.63,233325,18,买盘
1249,10:33:23,129.63,77773,6,买盘
1250,10:33:26,129.62,285167,22,卖盘
1251,10:33:29,129.63,168511,13,买盘
1252,10:33:32,129.63,12963,1,卖盘
1253,10:33:35,129.65,51859,4,买盘
1254,10:33:38,129.62,1451844,112,卖盘
1255,10:33:41,129.66,12966,1,中性盘
1256,10:33:44,129.66,90767,7,卖盘
1257,10:33:47,129.67,64835,5,买盘
1258,10:33:50,129.67,168562,13,买盘
1259,10:33:53,129.67,207458,16,买盘
1260,10:33:56,129.67,51869,4,买盘
1261,10:33:59,129.67,38899,3,买盘
1262,10:34:02,129.66,38900,3,卖盘
1263,10:34:05,129.67,103736,8,买盘
1264,10:34:08,129.67,168564,13,买盘
1265,10:34:11,129.67,181538,14,卖盘
1266,10:34:14,129.65,790932,61,卖盘
1267,10:34:17,129.65,25928,2,买盘
1268,10:34:20,129.63,285194,22,卖盘
1269,10:34:23,129.65,155558,12,买盘
1270,10:34:26,129.62,77772,6,卖盘
1271,10:34:29,129.62,38886,3,卖盘
1272,10:34:32,129.63,12963,1,买盘
1273,10:34:35,129.62,129620,10,卖盘
1274,10:34:38,129.63,168519,13,买盘
1275,10:34:41,129.63,311105,24,买盘
1276,10:34:44,129.62,25924,2,卖盘
1277,10:34:47,129.62,103697,8,卖盘
1278,10:34:50,129.62,142583,11,卖盘
1279,10:34:53,129.62,51848,4,卖盘
1280,10:34:56,129.58,570256,44,卖盘
1281,10:34:59,129.6,194388,15,买盘
1282,10:35:02,129.6,64797,5,买盘
1283,10:35:05,129.57,51828,4,中性盘
1284,10:35:08,129.56,12956,1,卖盘
1285,10:35:11,129.56,220249,17,卖盘
1286,10:35:14,129.54,64770,5,卖盘
1287,10:35:17,129.52,38856,3,卖盘
1288,10:35:20,129.51,12951,1,中性盘
1289,10:35:23,129.5,1061900,82,卖盘
1290,10:35:26,129.49,25899,2,卖盘
1291,10:35:29,129.49,51799,4,卖盘
1292,10:35:32,129.5,194247,15,买盘
1293,10:35:35,129.49,168337,13,卖盘
1294,10:35:38,129.49,142433,11,买盘
1295,10:35:41,129.48,168328,13,卖盘
1296,10:35:44,129.48,401407,31,买盘
1297,10:35:47,129.48,116533,9,卖盘
1298,10:35:50,129.48,168325,13,卖盘
1299,10:35:53,129.48,220117,17,卖盘
1300,10:35:56,129.48,634451,49,卖盘
1301,10:35:59,129.48,51792,4,买盘
1302,10:36:02,129.47,103577,8,卖盘
1303,10:36:05,129.47,543777,42,卖盘
1304,10:36:08,129.47,77682,6,买盘
1305,10:36:11,129.47,504936,39,卖盘
1306,10:36:14,129.47,103576,8,卖盘
1307,10:36:17,129.47,233055,18,卖盘
1308,10:36:20,129.48,77685,6,买盘
1309,10:36:23,129.48,207163,16,买盘
1310,10:36:26,129.47,51791,4,卖盘
1311,10:36:29,129.47,116524,9,卖盘
1312,10:36:32,129.47,51788,4,买盘
1313,10:36:35,129.48,880463,68,买盘
1314,10:36:38,129.47,427266,33,卖盘
1315,10:36:41,129.48,90630,7,中性盘
1316,10:36:44,129.48,51791,4,中性盘
1317,10:36:47,129.48,38843,3,买盘
1318,10:36:50,129.49,233086,18,买盘
1319,10:36:53,129.47,168315,13,卖盘
1320,10:36:56,129.49,51796,4,买盘
1321,10:36:59,129.5,90638,7,买盘
1322,10:37:02,129.48,129492,10,卖盘
1323,10:37:05,129.48,323711,25,卖盘
1324,10:37:08,129.48,25896,2,买盘
1325,10:37:11,129.49,440254,34,买盘
1326,10:37:17,129.49,414368,32,卖盘
1327,10:37:20,129.48,181276,14,卖盘
1328,10:37:23,129.48,207176,16,卖盘
1329,10:37:26,129.48,504972,39,卖盘
1330,10:37:29,129.47,116525,9,卖盘
1331,10:37:32,129.47,725047,56,卖盘
1332,10:37:35,129.47,129474,10,卖盘
1333,10:37:38,129.46,634368,49,卖盘
1334,10:37:41,129.46,401327,31,卖盘
1335,10:37:44,129.47,530796,41,买盘
1336,10:37:47,129.47,38840,3,买盘
1337,10:37:50,129.46,284816,22,卖盘
1338,10:37:53,129.47,375442,29,买盘
1339,10:37:56,129.46,401330,31,卖盘
1340,10:37:59,129.46,129461,10,卖盘
1341,10:38:02,129.46,491950,38,卖盘
1342,10:38:05,129.46,64730,5,卖盘
1343,10:38:08,129.47,453111,35,买盘
1344,10:38:11,129.46,103571,8,卖盘
1345,10:38:14,129.47,116520,9,买盘
1346,10:38:17,129.46,245974,19,卖盘
1347,10:38:20,129.47,38840,3,买盘
1348,10:38:23,129.46,207136,16,卖盘
1349,10:38:26,129.46,427207,33,买盘
1350,10:38:29,129.46,297740,23,买盘
1351,10:38:32,129.45,77674,6,卖盘
1352,10:38:35,129.45,90618,7,卖盘
1353,10:38:38,129.45,1216830,94,卖盘
1354,10:38:41,129.45,220065,17,卖盘
1355,10:38:44,129.44,64722,5,卖盘
1356,10:38:47,129.44,194163,15,卖盘
1357,10:38:50,129.44,906086,70,买盘
1358,10:38:53,129.43,103542,8,中性盘
1359,10:38:56,129.42,142363,11,卖盘
1360,10:38:59,129.43,12943,1,买盘
1361,10:39:02,129.42,207073,16,卖盘
1362,10:39:05,129.41,698835,54,卖盘
1363,10:39:08,129.41,284702,22,卖盘
1364,10:39:11,129.41,90582,7,买盘
1365,10:39:14,129.41,776407,60,买盘
1366,10:39:17,129.4,336454,26,卖盘
1367,10:39:20,129.41,1009386,78,买盘
1368,10:39:23,129.41,452935,35,卖盘
1369,10:39:26,129.41,77645,6,买盘
1370,10:39:29,129.41,64705,5,买盘
1371,10:39:32,129.41,207054,16,买盘
1372,10:39:35,129.41,116464,9,买盘
1373,10:39:38,129.4,543485,42,卖盘
1374,10:39:41,129.41,1384583,107,买盘
1375,10:39:44,129.41,90582,7,买盘
1376,10:39:47,129.41,38823,3,买盘
1377,10:39:50,129.4,258801,20,卖盘
1378,10:39:53,129.41,375282,29,买盘
1379,10:39:56,129.4,116463,9,卖盘
1380,10:39:59,129.41,504668,39,买盘
1381,10:40:02,129.41,789344,61,买盘
1382,10:40:05,129.4,556422,43,卖盘
1383,10:40:08,129.4,414081,32,卖盘
1384,10:40:11,129.4,142341,11,卖盘
1385,10:40:14,129.4,879920,68,卖盘
1386,10:40:17,129.4,116459,9,卖盘
1387,10:40:20,129.4,284687,22,买盘
1388,10:40:23,129.4,142342,11,买盘
1389,10:40:26,129.4,155280,12,买盘
1390,10:40:29,129.41,181153,14,买盘
1391,10:40:32,129.41,789347,61,买盘
1392,10:40:35,129.4,103519,8,中性盘
1393,10:40:38,129.4,194095,15,买盘
1394,10:40:41,129.4,232909,18,买盘
1395,10:40:44,129.4,142335,11,买盘
1396,10:40:47,129.4,38820,3,买盘
1397,10:40:50,129.39,776365,60,卖盘
1398,10:40:53,129.39,25877,2,买盘
1399,10:40:56,129.39,815198,63,买盘
1400,10:40:59,129.39,12939,1,卖盘
1401,10:41:02,129.41,155281,12,买盘
1402,10:41:05,129.4,51760,4,卖盘
1403,10:41:08,129.39,116451,9,卖盘
1404,10:41:11,129.4,608171,47,买盘
1405,10:41:14,129.4,51760,4,卖盘
1406,10:41:17,129.41,207042,16,买盘
1407,10:41:20,129.4,103525,8,卖盘
1408,10:41:23,129.4,375260,29,卖盘
1409,10:41:26,129.4,517611,40,卖盘
1410,10:41:29,129.4,737537,57,卖盘
1411,10:41:32,129.4,168222,13,卖盘
1412,10:41:35,129.4,284681,22,买盘
1413,10:41:38,129.4,90580,7,卖盘
1414,10:41:41,129.4,129400,10,卖盘
1415,10:41:44,129.4,142340,11,买盘
1416,10:41:47,129.4,297619,23,买盘
1417,10:41:50,129.4,155280,12,买盘
1418,10:41:53,129.4,155280,12,卖盘
1419,10:41:56,129.39,1125713,87,卖盘
1420,10:41:59,129.39,90573,7,买盘
1421,10:42:02,129.4,517590,40,买盘
1422,10:42:05,129.39,38817,3,卖盘
1423,10:42:08,129.39,25878,2,卖盘
1424,10:42:11,129.4,245849,19,买盘
1425,10:42:14,129.4,452868,35,买盘
1426,10:42:17,129.4,232918,18,买盘
1427,10:42:20,129.4,608156,47,买盘
1428,10:42:23,129.39,129394,10,卖盘
1429,10:42:26,129.4,207033,16,卖盘
1430,10:42:29,129.4,504631,39,卖盘
1431,10:42:32,129.4,504660,39,卖盘
1432,10:42:35,129.4,219980,17,买盘
1433,10:42:38,129.4,103519,8,买盘
1434,10:42:41,129.4,1035134,80,买盘
1435,10:42:44,129.4,271740,21,买盘
1436,10:42:47,129.39,608153,47,卖盘
1437,10:42:50,129.39,51756,4,卖盘
1438,10:42:53,129.4,64701,5,卖盘
1439,10:42:56,129.39,77639,6,卖盘
1440,10:42:59,129.39,258798,20,卖盘
1441,10:43:02,129.4,142339,11,买盘
1442,10:43:05,129.4,349372,27,卖盘
1443,10:43:08,129.4,90579,7,买盘
1444,10:43:11,129.39,245855,19,卖盘
1445,10:43:14,129.4,866929,67,买盘
1446,10:43:17,129.39,219966,17,卖盘
1447,10:43:20,129.4,646965,50,买盘
1448,10:43:23,129.39,414052,32,卖盘
1449,10:43:26,129.4,802230,62,买盘
1450,10:43:29,129.4,232904,18,买盘
1451,10:43:32,129.39,970429,75,卖盘
1452,10:43:35,129.39,970414,75,卖盘
1453,10:43:38,129.38,1009250,78,卖盘
1454,10:43:41,129.38,556334,43,卖盘
1455,10:43:44,129.38,828033,64,卖盘
1456,10:43:47,129.39,232888,18,买盘
1457,10:43:50,129.38,349348,27,卖盘
1458,10:43:53,129.38,181140,14,卖盘
1459,10:43:56,129.39,310536,24,卖盘
1460,10:43:59,129.38,90566,7,卖盘
1461,10:44:02,129.38,983310,76,卖盘
1462,10:44:05,129.39,232902,18,买盘
1463,10:44:08,129.38,194070,15,卖盘
1464,10:44:11,129.38,194078,15,卖盘
1465,10:44:14,129.4,323453,25,买盘
1466,10:44:17,129.4,38820,3,买盘
1467,10:44:20,129.39,155272,12,卖盘
1468,10:44:23,129.4,129398,10,买盘
1469,10:44:26,129.4,51759,4,买盘
1470,10:44:29,129.39,1953851,151,卖盘
1471,10:44:32,129.39,219967,17,卖盘
1472,10:44:35,129.39,103517,8,卖盘
1473,10:44:38,129.4,38820,3,买盘
1474,10:44:41,129.4,659871,51,买盘
1475,10:44:44,129.39,181144,14,买盘
1476,10:44:47,129.38,1617255,125,卖盘
1477,10:44:50,129.4,129395,10,买盘
1478,10:44:53,129.38,64697,5,卖盘
1479,10:44:56,129.4,207013,16,买盘
1480,10:44:59,129.38,142325,11,卖盘
1481,10:45:02,129.39,116449,9,买盘
1482,10:45:05,129.38,2134790,165,卖盘
1483,10:45:08,129.38,284632,22,买盘
1484,10:45:11,129.38,155255,12,买盘
1485,10:45:14,129.38,608085,47,买盘
1486,10:45:17,129.37,181126,14,卖盘
1487,10:45:20,129.37,375177,29,卖盘
1488,10:45:23,129.37,1190211,92,卖盘
1489,10:45:26,129.37,64685,5,卖盘
1490,10:45:29,129.38,232873,18,买盘
1491,10:45:32,129.38,77627,6,买盘
1492,10:45:35,129.37,155245,12,卖盘
1493,10:45:38,129.38,931439,72,买盘
1494,10:45:41,129.38,569266,44,买盘
1495,10:45:47,129.39,129383,10,买盘
1496,10:45:50,129.39,219955,17,买盘
1497,10:45:53,129.38,426976,33,卖盘
1498,10:45:56,129.38,413995,32,买盘
1499,10:46:02,129.4,51759,4,买盘
1500,10:46:05,129.39,12939,1,卖盘
1501,10:46:08,129.4,90577,7,买盘
1502,10:46:11,129.39,323477,25,卖盘
1503,10:46:14,129.39,142329,11,买盘
1504,10:46:17,129.39,12939,1,中性盘
1505,10:46:20,129.4,866975,67,买盘
1506,10:46:23,129.4,207036,16,买盘
1507,10:46:26,129.39,103513,8,卖盘
1508,10:46:29,129.4,776352,60,买盘
1509,10:46:32,129.4,51760,4,买盘
1510,10:46:35,129.41,103525,8,买盘
1511,10:46:38,129.41,38821,3,买盘
1512,10:46:41,129.41,245877,19,买盘
1513,10:46:44,129.41,64702,5,买盘
1514,10:46:47,129.41,439970,34,买盘
1515,10:46:50,129.41,64705,5,买盘
1516,10:46:53,129.41,103528,8,买盘
1517,10:46:56,129.41,155284,12,买盘
1518,10:46:59,129.41,219997,17,买盘
1519,10:47:02,129.42,543523,42,买盘
1520,10:47:05,129.41,155294,12,卖盘
1521,10:47:08,129.42,38826,3,买盘
1522,10:47:11,129.41,232948,18,卖盘
1523,10:47:14,129.42,90602,7,卖盘
1524,10:47:17,129.43,116492,9,卖盘
1525,10:47:20,129.42,116490,9,卖盘
1526,10:47:23,129.43,621223,48,买盘
1527,10:47:26,129.43,245908,19,买盘
1528,10:47:29,129.42,271788,21,中性盘
1529,10:47:32,129.45,595361,46,买盘
1530,10:47:35,129.45,25890,2,卖盘
1531,10:47:38,129.45,116505,9,卖盘
1532,10:47:41,129.45,77670,6,买盘
1533,10:47:44,129.45,64725,5,买盘
1534,10:47:47,129.45,1061280,82,买盘
1535,10:47:50,129.45,116505,9,买盘
1536,10:47:53,129.44,168280,13,卖盘
1537,10:47:56,129.46,258910,20,买盘
1538,10:47:59,129.46,129460,10,卖盘
1539,10:48:02,129.47,103573,8,买盘
1540,10:48:05,129.45,38839,3,卖盘
1541,10:48:08,129.47,64733,5,买盘
1542,10:48:11,129.47,51788,4,买盘
1543,10:48:14,129.46,77676,6,中性盘
1544,10:48:17,129.46,103565,8,买盘
1545,10:48:20,129.46,129458,10,买盘
1546,10:48:23,129.46,64727,5,买盘
1547,10:48:26,129.46,77676,6,买盘
1548,10:48:29,129.45,168296,13,卖盘
1549,10:48:32,129.46,142406,11,卖盘
1550,10:48:35,129.46,64732,5,卖盘
1551,10:48:38,129.48,181255,14,买盘
1552,10:48:41,129.46,971088,75,卖盘
1553,10:48:44,129.46,38838,3,买盘
1554,10:48:47,129.46,116514,9,买盘
1555,10:48:50,129.45,116508,9,卖盘
1556,10:48:53,129.45,129455,10,卖盘
1557,10:48:56,129.46,743440,57,买盘
1558,10:48:59,129.45,414240,32,卖盘
1559,10:49:02,129.46,207129,16,买盘
1560,10:49:05,129.45,284794,22,卖盘
1561,10:49:08,129.45,51781,4,卖盘
1562,10:49:11,129.45,323643,25,卖盘
1563,10:49:14,129.45,103565,8,卖盘
1564,10:49:17,129.46,207122,16,买盘
1565,10:49:20,129.45,90615,7,卖盘
1566,10:49:23,129.46,12946,1,买盘
1567,10:49:26,129.45,64725,5,卖盘
1568,10:49:29,129.45,129450,10,卖盘
1569,10:49:32,129.45,25890,2,卖盘
1570,10:49:35,129.45,1372054,106,卖盘
1571,10:49:38,129.44,25888,2,中性盘
1572,10:49:41,129.45,129440,10,买盘
1573,10:49:44,129.45,569456,44,买盘
1574,10:49:47,129.44,25888,2,卖盘
1575,10:49:50,129.44,375386,29,卖盘
1576,10:49:53,129.44,64720,5,卖盘
1577,10:49:56,129.44,194160,15,卖盘
1578,10:49:59,129.45,116504,9,买盘
1579,10:50:02,129.44,25888,2,卖盘
1580,10:50:05,129.44,129441,10,买盘
1581,10:50:08,129.44,38832,3,买盘
1582,10:50:11,129.44,51776,4,买盘
1583,10:50:14,129.44,64719,5,买盘
1584,10:50:17,129.43,168266,13,卖盘
1585,10:50:20,129.43,375358,29,卖盘
1586,10:50:23,129.43,116486,9,买盘
1587,10:50:26,129.41,25884,2,卖盘
1588,10:50:29,129.43,64711,5,买盘
1589,10:50:35,129.41,51767,4,卖盘
1590,10:50:38,129.41,51764,4,卖盘
1591,10:50:41,129.43,414158,32,买盘
1592,10:50:44,129.41,90591,7,卖盘
1593,10:50:47,129.41,1294102,100,卖盘
1594,10:50:50,129.42,51765,4,买盘
1595,10:50:53,129.42,51767,4,买盘
1596,10:50:56,129.41,90588,7,卖盘
1597,10:50:59,129.41,123845,10,卖盘
1598,10:51:02,129.41,232935,18,买盘
1599,10:51:05,129.41,717320,55,买盘
1600,10:51:08,129.41,51767,4,卖盘
1601,10:51:11,129.41,207054,16,卖盘
1602,10:51:14,129.42,336486,26,买盘
1603,10:51:17,129.42,77652,6,卖盘
1604,10:51:20,129.41,369735,29,卖盘
1605,10:51:23,129.42,173809,13,买盘
1606,10:51:26,129.42,90596,7,卖盘
1607,10:51:29,129.42,284724,22,卖盘
1608,10:51:32,129.43,427119,33,买盘
1609,10:51:35,129.43,38829,3,买盘
1610,10:51:38,129.43,77654,6,买盘
1611,10:51:41,129.42,85029,7,卖盘
1612,10:51:44,129.41,38825,3,卖盘
1613,10:51:47,129.41,25883,2,卖盘
1614,10:51:50,129.42,401172,31,买盘
1615,10:51:53,129.41,116473,9,卖盘
1616,10:51:56,129.42,1203541,93,买盘
1617,10:51:59,129.42,38825,3,买盘
1618,10:52:02,129.42,64707,5,买盘
1619,10:52:05,129.41,77647,6,卖盘
1620,10:52:08,129.42,77651,6,买盘
1621,10:52:11,129.42,129411,10,买盘
1622,10:52:14,129.42,64710,5,买盘
1623,10:52:17,129.42,181187,14,买盘
1624,10:52:20,129.41,12941,1,卖盘
1625,10:52:23,129.41,116469,9,卖盘
1626,10:52:29,129.42,12942,1,买盘
1627,10:52:32,129.42,103530,8,买盘
1628,10:52:35,129.41,142351,11,卖盘
1629,10:52:38,129.38,6935276,536,卖盘
1630,10:52:41,129.41,129401,10,中性盘
1631,10:52:44,129.41,51764,4,卖盘
1632,10:52:47,129.42,51765,4,买盘
1633,10:52:50,129.41,51764,4,卖盘
1634,10:52:53,129.41,51764,4,买盘
1635,10:52:56,129.4,7089460,548,买盘
1636,10:52:59,129.39,77619,6,中性盘
1637,10:53:02,129.38,2988101,231,买盘
1638,10:53:05,129.35,582065,45,卖盘
1639,10:53:08,129.35,103476,8,买盘
1640,10:53:11,129.35,491508,38,买盘
1641,10:53:14,129.35,142283,11,买盘
1642,10:53:17,129.33,362147,28,卖盘
1643,10:53:20,129.33,51732,4,卖盘
1644,10:53:23,129.33,452665,35,卖盘
1645,10:53:26,129.34,504393,39,买盘
1646,10:53:29,129.33,271604,21,卖盘
1647,10:53:32,129.33,1280394,99,卖盘
1648,10:53:35,129.33,77601,6,卖盘
1649,10:53:38,129.32,1254496,97,卖盘
1650,10:53:41,129.33,219857,17,买盘
1651,10:53:44,129.32,206917,16,卖盘
1652,10:53:47,129.32,6775729,524,卖盘
1653,10:53:50,129.32,284499,22,买盘
1654,10:53:53,129.3,969771,75,卖盘
1655,10:53:56,129.3,193961,15,卖盘
1656,10:53:59,129.3,103443,8,卖盘
1657,10:54:02,129.31,2844618,220,买盘
1658,10:54:05,129.3,4486716,347,卖盘
1659,10:54:08,129.3,905152,70,卖盘
1660,10:54:11,129.3,672386,52,卖盘
1661,10:54:14,129.3,672360,52,卖盘
1662,10:54:17,129.31,1150785,89,买盘
1663,10:54:20,129.3,465481,36,卖盘
1664,10:54:23,129.31,219813,17,买盘
1665,10:54:26,129.3,866330,67,卖盘
1666,10:54:29,129.3,633589,49,卖盘
1667,10:54:32,129.3,64650,5,卖盘
1668,10:54:35,129.31,2702248,209,买盘
1669,10:54:38,129.3,905067,70,卖盘
1670,10:54:41,129.3,374969,29,买盘
1671,10:54:44,129.28,6541787,506,卖盘
1672,10:54:47,129.3,142239,11,卖盘
1673,10:54:50,129.3,168100,13,卖盘
1674,10:54:53,129.31,762927,59,买盘
1675,10:54:56,129.31,129311,10,卖盘
1676,10:54:59,129.31,168103,13,卖盘
1677,10:55:02,129.31,90517,7,买盘
1678,10:55:05,129.31,219823,17,买盘
1679,10:55:08,129.3,703781,54,卖盘
1680,10:55:11,129.31,556033,43,买盘
1681,10:55:14,129.31,193965,15,卖盘
1682,10:55:17,129.31,51726,4,卖盘
1683,10:55:20,129.32,129320,10,买盘
1684,10:55:23,129.32,375023,29,买盘
1685,10:55:26,129.32,258632,20,买盘
1686,10:55:29,129.32,853476,66,买盘
1687,10:55:32,129.32,478486,37,卖盘
1688,10:55:35,129.33,129330,10,买盘
1689,10:55:38,129.34,2742003,212,买盘
1690,10:55:41,129.34,129340,10,买盘
1691,10:55:44,129.34,840705,65,买盘
1692,10:55:47,129.34,840710,65,买盘
1693,10:55:50,129.34,77603,6,买盘
1694,10:55:53,129.34,168142,13,买盘
1695,10:55:59,129.34,64671,5,卖盘
1696,10:56:02,129.36,608093,47,买盘
1697,10:56:08,129.4,38816,3,买盘
1698,10:56:11,129.4,103496,8,买盘
1699,10:56:14,129.34,439812,34,卖盘
1700,10:56:17,129.4,64699,5,买盘
1701,10:56:20,129.36,103504,8,卖盘
1702,10:56:23,129.4,38820,3,买盘
1703,10:56:26,129.4,168218,13,买盘
1704,10:56:29,129.38,245845,19,卖盘
1705,10:56:32,129.39,64697,5,买盘
1706,10:56:35,129.38,51752,4,买盘
1707,10:56:38,129.39,25878,2,买盘
1708,10:56:41,129.38,64690,5,卖盘
1709,10:56:44,129.39,38817,3,卖盘
1710,10:56:47,129.39,25879,2,卖盘
1711,10:56:50,129.4,142334,11,买盘
1712,10:56:53,129.4,323489,25,买盘
1713,10:56:56,129.4,297619,23,买盘
1714,10:56:59,129.38,232907,18,卖盘
1715,10:57:02,129.39,452897,35,中性盘
1716,10:57:05,129.38,362265,28,卖盘
1717,10:57:08,129.39,51756,4,买盘
1718,10:57:11,129.38,38816,3,卖盘
1719,10:57:14,129.38,5719437,442,卖盘
1720,10:57:17,129.4,569350,44,买盘
1721,10:57:20,129.39,168203,13,卖盘
1722,10:57:23,129.38,569302,44,卖盘
1723,10:57:26,129.4,608173,47,买盘
1724,10:57:29,129.38,207009,16,卖盘
1725,10:57:32,129.37,401113,31,卖盘
1726,10:57:35,129.37,25874,2,卖盘
1727,10:57:38,129.4,129400,10,买盘
1728,10:57:41,129.38,155258,12,卖盘
1729,10:57:44,129.38,168189,13,卖盘
1730,10:57:47,129.39,142339,11,中性盘
1731,10:57:50,129.4,336409,26,买盘
1732,10:57:53,129.4,38820,3,买盘
1733,10:57:56,129.38,1022125,79,卖盘
1734,10:57:59,129.38,6184363,478,买盘
1735,10:58:02,129.38,1009172,78,买盘
1736,10:58:05,129.38,1281043,99,卖盘
1737,10:58:08,129.38,1306930,101,卖盘
1738,10:58:11,129.39,452864,35,买盘
1739,10:58:14,129.38,129386,10,卖盘
1740,10:58:17,129.38,284652,22,卖盘
1741,10:58:20,129.39,90573,7,买盘
1742,10:58:23,129.39,116450,9,买盘
1743,10:58:26,129.39,168207,13,买盘
1744,10:58:29,129.38,51753,4,卖盘
1745,10:58:32,129.38,116448,9,卖盘
1746,10:58:35,129.39,51754,4,买盘
1747,10:58:38,129.38,349350,27,卖盘
1748,10:58:41,129.38,530460,41,卖盘
1749,10:58:44,129.38,155266,12,卖盘
1750,10:58:47,129.38,181141,14,卖盘
1751,10:58:50,129.39,232899,18,买盘
1752,10:58:56,129.39,491671,38,买盘
1753,10:58:59,129.39,362283,28,买盘
1754,10:59:02,129.39,401109,31,买盘
1755,10:59:05,129.39,426971,33,买盘
1756,10:59:08,129.35,2044072,158,卖盘
1757,10:59:11,129.39,142324,11,买盘
1758,10:59:14,129.35,517516,40,卖盘
1759,10:59:17,129.33,2379898,184,卖盘
1760,10:59:20,129.35,129354,10,卖盘
1761,10:59:23,129.38,1047782,81,中性盘
1762,10:59:26,129.33,38799,3,卖盘
1763,10:59:29,129.35,38803,3,买盘
1764,10:59:32,129.35,400985,31,买盘
1765,10:59:35,129.35,38806,3,卖盘
1766,10:59:38,129.36,38807,3,买盘
1767,10:59:41,129.35,426856,33,卖盘
1768,10:59:44,129.35,336310,26,买盘
1769,10:59:47,129.35,116415,9,买盘
1770,10:59:50,129.35,375113,29,买盘
1771,10:59:53,129.35,388050,30,买盘
1772,10:59:56,129.36,12936,1,买盘
1773,10:59:59,129.35,232830,18,卖盘
1774,11:00:02,129.35,25869,2,买盘
1775,11:00:05,129.35,77609,6,买盘
1776,11:00:08,129.35,38806,3,卖盘
1777,11:00:11,129.35,142289,11,卖盘
1778,11:00:14,129.35,90546,7,卖盘
1779,11:00:17,129.35,90551,7,卖盘
1780,11:00:20,129.36,206963,16,买盘
1781,11:00:23,129.36,51744,4,买盘
1782,11:00:26,129.35,77614,6,卖盘
1783,11:00:29,129.35,129359,10,卖盘
1784,11:00:32,129.36,64680,5,买盘
1785,11:00:35,129.36,64680,5,买盘
1786,11:00:38,129.35,181099,14,卖盘
1787,11:00:41,129.36,400990,31,买盘
1788,11:00:44,129.36,38807,3,买盘
1789,11:00:47,129.36,90550,7,买盘
1790,11:00:50,129.35,25870,2,卖盘
1791,11:00:53,129.36,25872,2,买盘
1792,11:00:56,129.35,258720,20,卖盘
1793,11:00:59,129.35,129350,10,卖盘
1794,11:01:02,129.36,90548,7,买盘
1795,11:01:05,129.36,25872,2,买盘
1796,11:01:08,129.35,206961,16,卖盘
1797,11:01:11,129.35,362181,28,卖盘
1798,11:01:14,129.35,77611,6,卖盘
1799,11:01:17,129.36,336336,26,买盘
1800,11:01:20,129.35,349270,27,卖盘
1801,11:01:23,129.35,77615,6,卖盘
1802,11:01:26,129.35,64678,5,卖盘
1803,11:01:29,129.35,763166,59,卖盘
1804,11:01:32,129.35,12935,1,卖盘
1805,11:01:35,129.36,1293600,100,买盘
1806,11:01:38,129.35,77610,6,卖盘
1807,11:01:41,129.35,25870,2,卖盘
1808,11:01:44,129.36,51742,4,买盘
1809,11:01:47,129.35,77610,6,卖盘
1810,11:01:50,129.36,64680,5,买盘
1811,11:01:53,129.35,801972,62,卖盘
1812,11:01:56,129.35,25870,2,买盘
1813,11:01:59,129.35,142280,11,买盘
1814,11:02:02,129.35,116410,9,买盘
1815,11:02:05,129.35,362179,28,买盘
1816,11:02:08,129.35,168152,13,买盘
1817,11:02:11,129.35,129348,10,买盘
1818,11:02:14,129.34,38803,3,卖盘
1819,11:02:17,129.34,90541,7,卖盘
1820,11:02:20,129.34,38804,3,卖盘
1821,11:02:23,129.35,142283,11,买盘
1822,11:02:26,129.34,297503,23,卖盘
1823,11:02:29,129.35,232815,18,买盘
1824,11:02:32,129.34,672564,52,卖盘
1825,11:02:38,129.34,90543,7,卖盘
1826,11:02:41,129.36,5186973,401,买盘
1827,11:02:44,129.36,25872,2,卖盘
1828,11:02:47,129.36,38809,3,卖盘
1829,11:02:50,129.36,12936,1,卖盘
1830,11:02:53,129.36,116426,9,卖盘
1831,11:02:56,129.36,297575,23,卖盘
1832,11:02:59,129.37,12937,1,卖盘
1833,11:03:02,129.38,103498,8,买盘
1834,11:03:05,129.39,116441,9,买盘
1835,11:03:08,129.39,64692,5,买盘
1836,11:03:11,129.39,155268,12,买盘
1837,11:03:14,129.39,116444,9,买盘
1838,11:03:20,129.39,181146,14,买盘
1839,11:03:23,129.38,414020,32,卖盘
1840,11:03:26,129.38,103506,8,卖盘
1841,11:03:29,129.38,25876,2,卖盘
1842,11:03:32,129.38,155258,12,卖盘
1843,11:03:35,129.37,25875,2,卖盘
1844,11:03:38,129.39,4800175,371,买盘
1845,11:03:41,129.38,25876,2,卖盘
1846,11:03:44,129.38,336410,26,中性盘
1847,11:03:47,129.39,51753,4,买盘
1848,11:03:50,129.39,38817,3,买盘
1849,11:03:53,129.39,116449,9,买盘
1850,11:03:56,129.39,64695,5,买盘
1851,11:03:59,129.39,336397,26,买盘
1852,11:04:02,129.39,336380,26,买盘
1853,11:04:05,129.37,310491,24,卖盘
1854,11:04:08,129.37,297551,23,卖盘
1855,11:04:11,129.37,284611,22,买盘
1856,11:04:17,129.37,1190150,92,买盘
1857,11:04:20,129.37,116428,9,买盘
1858,11:04:23,129.37,491573,38,买盘
1859,11:04:26,129.36,142304,11,卖盘
1860,11:04:29,129.36,77617,6,卖盘
1861,11:04:32,129.36,116429,9,卖盘
1862,11:04:35,129.37,504543,39,买盘
1863,11:04:38,129.37,155239,12,买盘
1864,11:04:41,129.37,1487751,115,买盘
1865,11:04:44,129.37,168181,13,买盘
1866,11:04:47,129.38,323407,25,买盘
1867,11:04:50,129.38,25875,2,买盘
1868,11:04:53,129.37,103496,8,卖盘
1869,11:04:56,129.38,12938,1,买盘
1870,11:04:59,129.38,64690,5,买盘
1871,11:05:02,129.38,155254,12,买盘
1872,11:05:05,129.37,77622,6,卖盘
1873,11:05:08,129.37,103503,8,卖盘
1874,11:05:11,129.38,129377,10,买盘
1875,11:05:14,129.37,38811,3,卖盘
1876,11:05:17,129.38,38812,3,买盘
1877,11:05:20,129.38,51750,4,买盘
1878,11:05:23,129.38,51751,4,买盘
1879,11:05:26,129.38,219944,17,买盘
1880,11:05:29,129.38,64687,5,买盘
1881,11:05:32,129.37,38812,3,卖盘
1882,11:05:35,129.37,569232,44,卖盘
1883,11:05:38,129.36,51746,4,卖盘
1884,11:05:41,129.36,38808,3,卖盘
1885,11:05:44,129.37,478649,37,买盘
1886,11:05:47,129.37,375170,29,买盘
1887,11:05:50,129.37,64681,5,买盘
1888,11:05:53,129.36,12936,1,卖盘
1889,11:05:56,129.36,582131,45,卖盘
1890,11:05:59,129.37,90557,7,买盘
1891,11:06:02,129.37,116428,9,买盘
1892,11:06:05,129.36,349272,27,卖盘
1893,11:06:08,129.37,375146,29,买盘
1894,11:06:11,129.36,155241,12,卖盘
1895,11:06:14,129.36,51744,4,卖盘
1896,11:06:17,129.36,297530,23,卖盘
1897,11:06:20,129.37,12937,1,买盘
1898,11:06:23,129.37,64684,5,买盘
1899,11:06:26,129.37,284610,22,买盘
1900,11:06:29,129.36,336360,26,卖盘
1901,11:06:32,129.36,103493,8,卖盘
1902,11:06:35,129.36,219923,17,卖盘
1903,11:06:38,129.39,5045442,390,买盘
1904,11:06:41,129.39,776339,60,买盘
1905,11:06:44,129.38,77633,6,卖盘
1906,11:06:47,129.39,155265,12,买盘
1907,11:06:50,129.39,232902,18,买盘
1908,11:06:53,129.4,51758,4,买盘
1909,11:06:56,129.4,129399,10,买盘
1910,11:06:59,129.4,142340,11,买盘
1911,11:07:02,129.4,414077,32,买盘
1912,11:07:05,129.4,155270,12,买盘
1913,11:07:08,129.38,258789,20,卖盘
1914,11:07:11,129.4,3817300,295,买盘
1915,11:07:14,129.38,414024,32,卖盘
1916,11:07:17,129.4,168214,13,买盘
1917,11:07:20,129.38,3648082,282,卖盘
1918,11:07:26,129.4,64694,5,买盘
1919,11:07:29,129.38,388142,30,卖盘
1920,11:07:32,129.38,207010,16,卖盘
1921,11:07:35,129.37,569266,44,卖盘
1922,11:07:38,129.37,12937,1,买盘
1923,11:07:41,129.37,51745,4,买盘
1924,11:07:44,129.36,51744,4,卖盘
1925,11:07:47,129.36,12936,1,卖盘
1926,11:07:50,129.36,64680,5,卖盘
1927,11:07:53,129.37,439826,34,买盘
1928,11:07:56,129.37,181106,14,买盘
1929,11:07:59,129.36,659772,51,卖盘
1930,11:08:02,129.36,737356,57,卖盘
1931,11:08:05,129.36,38808,3,买盘
1932,11:08:08,129.36,892578,69,买盘
1933,11:08:11,129.35,297505,23,卖盘
1934,11:08:14,129.35,789043,61,卖盘
1935,11:08:17,129.35,90548,7,卖盘
1936,11:08:20,129.35,38805,3,卖盘
1937,11:08:23,129.35,51741,4,卖盘
1938,11:08:26,129.35,103484,8,卖盘
1939,11:08:29,129.35,413920,32,卖盘
1940,11:08:32,129.36,116419,9,买盘
1941,11:08:35,129.35,103483,8,卖盘
1942,11:08:38,129.35,465692,36,卖盘
1943,11:08:41,129.35,388050,30,卖盘
1944,11:08:44,129.35,232831,18,卖盘
1945,11:08:47,129.35,582078,45,卖盘
1946,11:08:50,129.35,129350,10,卖盘
1947,11:08:53,129.35,168155,13,卖盘
1948,11:08:56,129.35,155225,12,卖盘
1949,11:08:59,129.35,103480,8,卖盘
1950,11:09:02,129.35,491531,38,卖盘
1951,11:09:08,129.35,116417,9,卖盘
1952,11:09:11,129.35,1422877,110,卖盘
1953,11:09:14,129.35,970125,75,卖盘
1954,11:09:17,129.35,388044,30,买盘
1955,11:09:20,129.35,77610,6,买盘
1956,11:09:23,129.34,310418,24,卖盘
1957,11:09:26,129.34,206953,16,卖盘
1958,11:09:29,129.33,103469,8,卖盘
1959,11:09:32,129.33,129330,10,卖盘
1960,11:09:35,129.33,413878,32,卖盘
1961,11:09:38,129.33,258660,20,卖盘
1962,11:09:41,129.33,853580,66,卖盘
1963,11:09:44,129.34,168135,13,买盘
1964,11:09:47,129.33,168129,13,卖盘
1965,11:09:50,129.33,284520,22,买盘
1966,11:09:53,129.33,556096,43,买盘
1967,11:09:59,129.32,400920,31,卖盘
1968,11:10:02,129.32,168118,13,卖盘
1969,11:10:05,129.32,517296,40,卖盘
1970,11:10:08,129.33,12933,1,买盘
1971,11:10:11,129.32,840582,65,卖盘
1972,11:10:14,129.32,38796,3,卖盘
1973,11:10:17,129.32,556111,43,卖盘
1974,11:10:20,129.33,310373,24,买盘
1975,11:10:23,129.33,219846,17,买盘
1976,11:10:26,129.33,181059,14,买盘
1977,11:10:29,129.32,426756,33,卖盘
1978,11:10:32,129.32,543142,42,买盘
1979,11:10:35,129.32,258622,20,买盘
1980,11:10:38,129.32,129314,10,买盘
1981,11:10:41,129.31,116383,9,卖盘
1982,11:10:44,129.32,64657,5,买盘
1983,11:10:47,129.32,762935,59,买盘
1984,11:10:50,129.31,64657,5,卖盘
1985,11:10:53,129.31,103449,8,卖盘
1986,11:10:56,129.31,155173,12,卖盘
1987,11:10:59,129.32,594849,46,买盘
1988,11:11:02,129.32,103453,8,买盘
1989,11:11:05,129.32,38796,3,卖盘
1990,11:11:08,129.32,90525,7,卖盘
1991,11:11:11,129.32,142256,11,卖盘
1992,11:11:14,129.33,168119,13,买盘
1993,11:11:17,129.32,25864,2,卖盘
1994,11:11:20,129.32,12932,1,卖盘
1995,11:11:23,129.32,155184,12,卖盘
1996,11:11:26,129.32,64663,5,卖盘
1997,11:11:29,129.3,2043085,158,卖盘
1998,11:11:32,129.32,77591,6,中性盘
1999,11:11:35,129.32,51728,4,卖盘
2000,11:11:38,129.32,38794,3,买盘
2001,11:11:41,129.32,77590,6,买盘
2002,11:11:44,129.32,258632,20,买盘
2003,11:11:47,129.32,142250,11,买盘
2004,11:11:50,129.31,206896,16,买盘
2005,11:11:53,129.31,491378,38,卖盘
2006,11:11:56,129.31,38793,3,卖盘
2007,11:11:59,129.31,530158,41,卖盘
2008,11:12:02,129.32,258625,20,买盘
2009,11:12:05,129.32,51725,4,中性盘
2010,11:12:08,129.31,12931,1,卖盘
2011,11:12:11,129.31,142243,11,卖盘
2012,11:12:14,129.31,129310,10,买盘
2013,11:12:17,129.31,155162,12,买盘
2014,11:12:20,129.31,38793,3,买盘
2015,11:12:23,129.31,310327,24,买盘
2016,11:12:26,129.31,90517,7,买盘
2017,11:12:29,129.3,51721,4,卖盘
2018,11:12:32,129.3,219819,17,卖盘
2019,11:12:35,129.31,116372,9,买盘
2020,11:12:38,129.31,129307,10,买盘
2021,11:12:41,129.31,116377,9,买盘
2022,11:12:44,129.31,142234,11,中性盘
2023,11:12:47,129.31,77583,6,买盘
2024,11:12:50,129.31,284481,22,买盘
2025,11:12:53,129.31,25862,2,卖盘
2026,11:12:56,129.31,103451,8,卖盘
2027,11:12:59,129.31,142231,11,买盘
2028,11:13:02,129.31,64655,5,买盘
2029,11:13:05,129.31,38793,3,买盘
2030,11:13:08,129.31,116379,9,买盘
2031,11:13:11,129.3,181023,14,卖盘
2032,11:13:14,129.31,206898,16,买盘
2033,11:13:20,129.31,116379,9,卖盘
2034,11:13:23,129.31,581895,45,卖盘
2035,11:13:26,129.31,413792,32,买盘
2036,11:13:29,129.3,400844,31,卖盘
2037,11:13:32,129.31,12931,1,买盘
2038,11:13:35,129.3,232745,18,卖盘
2039,11:13:38,129.3,51723,4,卖盘
2040,11:13:41,129.31,90516,7,买盘
2041,11:13:44,129.31,116379,9,买盘
2042,11:13:47,129.31,25862,2,卖盘
2043,11:13:50,129.31,38793,3,卖盘
2044,11:13:53,129.32,206908,16,买盘
2045,11:13:56,129.32,193972,15,买盘
2046,11:13:59,129.31,116379,9,买盘
2047,11:14:02,129.32,38797,3,中性盘
2048,11:14:05,129.31,25862,2,中性盘
2049,11:14:08,129.31,25862,2,卖盘
2050,11:14:11,129.32,90520,7,买盘
2051,11:14:14,129.32,129319,10,买盘
2052,11:14:17,129.32,25864,2,卖盘
2053,11:14:20,129.32,168117,13,卖盘
2054,11:14:23,129.32,12932,1,卖盘
2055,11:14:26,129.32,400902,31,卖盘
2056,11:14:29,129.33,25866,2,买盘
2057,11:14:32,129.33,219847,17,买盘
2058,11:14:35,129.33,77595,6,买盘
2059,11:14:38,129.33,38799,3,买盘
2060,11:14:41,129.33,232790,18,买盘
2061,11:14:44,129.33,168128,13,买盘
2062,11:14:47,129.32,90529,7,卖盘
2063,11:14:50,129.32,25865,2,卖盘
2064,11:14:53,129.32,362099,28,卖盘
2065,11:14:56,129.32,181061,14,卖盘
2066,11:14:59,129.32,64663,5,卖盘
2067,11:15:02,129.32,103458,8,卖盘
2068,11:15:05,129.33,51732,4,买盘
2069,11:15:08,129.33,465561,36,买盘
2070,11:15:11,129.33,64665,5,买盘
2071,11:15:14,129.33,6491046,502,买盘
2072,11:15:17,129.32,25864,2,中性盘
2073,11:15:20,129.32,103454,8,买盘
2074,11:15:23,129.33,12933,1,买盘
2075,11:15:26,129.32,12932,1,卖盘
2076,11:15:29,129.33,142263,11,买盘
2077,11:15:32,129.3,5037289,390,卖盘
2078,11:15:35,129.3,129300,10,买盘
2079,11:15:38,129.3,181013,14,买盘
2080,11:15:41,129.3,155160,12,买盘
2081,11:15:44,129.3,362039,28,买盘
2082,11:15:47,129.3,387886,30,买盘
2083,11:15:50,129.29,426675,33,卖盘
2084,11:15:53,129.3,387875,30,买盘
2085,11:15:56,129.29,90504,7,卖盘
2086,11:15:59,129.29,77574,6,卖盘
2087,11:16:02,129.3,258586,20,买盘
2088,11:16:05,129.3,1014100,78,买盘
2089,11:16:08,129.28,5359664,415,卖盘
2090,11:16:11,129.28,594647,46,买盘
2091,11:16:14,129.28,193907,15,买盘
2092,11:16:17,129.26,245606,19,卖盘
2093,11:16:20,129.26,116338,9,卖盘
2094,11:16:23,129.26,180964,14,卖盘
2095,11:16:26,129.27,180973,14,买盘
2096,11:16:29,129.27,1421815,110,买盘
2097,11:16:32,129.26,103403,8,中性盘
2098,11:16:35,129.27,310234,24,买盘
2099,11:16:38,129.25,2520278,195,卖盘
2100,11:16:41,129.25,323130,25,卖盘
2101,11:16:44,129.25,336052,26,卖盘
2102,11:16:47,129.24,90474,7,卖盘
2103,11:16:50,129.25,426520,33,买盘
2104,11:16:53,129.25,814189,63,买盘
2105,11:16:56,129.23,413572,32,卖盘
2106,11:16:59,129.23,426489,33,卖盘
2107,11:17:02,129.25,155089,12,买盘
2108,11:17:08,129.25,504065,39,买盘
2109,11:17:11,129.25,219698,17,买盘
2110,11:17:14,129.25,180930,14,买盘
2111,11:17:17,129.25,206789,16,买盘
2112,11:17:20,129.25,336040,26,买盘
2113,11:17:23,129.25,361887,28,买盘
2114,11:17:26,129.25,206798,16,卖盘
2115,11:17:29,129.26,51698,4,买盘
2116,11:17:32,129.25,323127,25,卖盘
2117,11:17:35,129.25,90476,7,卖盘
2118,11:17:38,129.22,2830121,219,卖盘
2119,11:17:41,129.22,90454,7,买盘
2120,11:17:44,129.22,271344,21,买盘
2121,11:17:47,129.22,323041,25,买盘
2122,11:17:50,129.2,15697789,1215,卖盘
2123,11:17:53,129.2,1033566,80,买盘
2124,11:17:56,129.19,490916,38,中性盘
2125,11:17:59,129.18,335881,26,卖盘
2126,11:18:02,129.18,943034,73,卖盘
2127,11:18:05,129.19,697581,54,买盘
2128,11:18:08,129.18,51674,4,中性盘
2129,11:18:11,129.19,1743867,135,买盘
2130,11:18:14,129.17,284184,22,卖盘
2131,11:18:17,129.17,219584,17,买盘
2132,11:18:20,129.16,1446580,112,卖盘
2133,11:18:23,129.15,245395,19,卖盘
2134,11:18:26,129.16,2130950,165,买盘
2135,11:18:29,129.14,387425,30,卖盘
2136,11:18:32,129.14,1949633,151,买盘
2137,11:18:35,129.13,1407374,109,买盘
2138,11:18:38,129.11,490627,38,卖盘
2139,11:18:41,129.11,2026889,157,买盘
2140,11:18:44,129.11,1187757,92,买盘
2141,11:18:47,129.11,1587962,123,买盘
2142,11:18:50,129.11,735904,57,买盘
2143,11:18:53,129.11,2853165,221,买盘
2144,11:18:56,129.11,451881,35,买盘
2145,11:18:59,129.11,2310958,179,买盘
2146,11:19:02,129.1,3860362,299,卖盘
2147,11:19:05,129.11,826283,64,买盘
2148,11:19:08,129.12,206579,16,买盘
2149,11:19:11,129.12,142028,11,买盘
2150,11:19:14,129.13,129121,10,中性盘
2151,11:19:17,129.15,77482,6,买盘
2152,11:19:20,129.15,232469,18,买盘
2153,11:19:23,129.15,568243,44,买盘
2154,11:19:26,129.13,1252698,97,卖盘
2155,11:19:29,129.14,439056,34,买盘
2156,11:19:32,129.14,38742,3,买盘
2157,11:19:35,129.14,245367,19,卖盘
2158,11:19:38,129.15,245382,19,买盘
2159,11:19:41,129.13,2376060,184,卖盘
2160,11:19:44,129.13,606911,47,买盘
2161,11:19:47,129.13,1562365,121,买盘
2162,11:19:50,129.13,374474,29,买盘
2163,11:19:53,129.13,1020126,79,买盘
2164,11:19:56,129.15,464880,36,买盘
2165,11:19:59,129.15,929760,72,买盘
2166,11:20:02,129.15,464922,36,买盘
2167,11:20:05,129.15,258300,20,买盘
2168,11:20:08,129.13,594046,46,卖盘
2169,11:20:11,129.15,116233,9,买盘
2170,11:20:14,129.15,891005,69,买盘
2171,11:20:17,129.14,180796,14,中性盘
2172,11:20:20,129.13,477793,37,卖盘
2173,11:20:23,129.13,335738,26,买盘
2174,11:20:26,129.13,658588,51,买盘
2175,11:20:29,129.13,490688,38,卖盘
2176,11:20:32,129.14,232448,18,买盘
2177,11:20:35,129.13,38741,3,卖盘
2178,11:20:38,129.14,632746,49,买盘
2179,11:20:41,129.14,90394,7,买盘
2180,11:20:44,129.13,516521,40,卖盘
2181,11:20:47,129.15,51659,4,买盘
2182,11:20:50,129.15,658640,51,买盘
2183,11:20:53,129.15,658634,51,买盘
2184,11:20:56,129.15,219544,17,买盘
2185,11:20:59,129.15,284115,22,买盘
2186,11:21:02,129.15,1188148,92,买盘
2187,11:21:05,129.15,400353,31,买盘
2188,11:21:08,129.14,206629,16,中性盘
2189,11:21:11,129.14,645744,50,中性盘
2190,11:21:14,129.14,284096,22,买盘
2191,11:21:17,129.14,154968,12,买盘
2192,11:21:20,129.14,374487,29,买盘
2193,11:21:23,129.15,38743,3,买盘
2194,11:21:26,129.14,684458,53,卖盘
2195,11:21:29,129.15,335764,26,买盘
2196,11:21:32,129.13,826494,64,卖盘
2197,11:21:35,129.13,594007,46,卖盘
2198,11:21:38,129.14,167878,13,买盘
2199,11:21:41,129.13,516530,40,卖盘
2200,11:21:44,129.14,129140,10,买盘
2201,11:21:47,129.14,64570,5,买盘
2202,11:21:50,129.14,748966,58,买盘
2203,11:21:53,129.14,439063,34,买盘
2204,11:21:56,129.14,25828,2,卖盘
2205,11:21:59,129.15,12915,1,买盘
2206,11:22:02,129.14,684444,53,卖盘
2207,11:22:05,129.14,1717659,133,卖盘
2208,11:22:08,129.15,25829,2,中性盘
2209,11:22:11,129.15,167897,13,卖盘
2210,11:22:14,129.16,180822,14,买盘
2211,11:22:17,129.17,90416,7,中性盘
2212,11:22:20,129.16,413313,32,卖盘
2213,11:22:23,129.16,51666,4,卖盘
2214,11:22:26,129.18,813668,63,买盘
2215,11:22:29,129.18,51670,4,买盘
2216,11:22:32,129.18,64590,5,买盘
2217,11:22:35,129.19,232519,18,买盘
2218,11:22:38,129.19,193785,15,买盘
2219,11:22:41,129.19,322969,25,买盘
2220,11:22:44,129.19,232542,18,买盘
2221,11:22:47,129.19,245458,19,买盘
2222,11:22:50,129.19,839683,65,买盘
2223,11:22:53,129.19,219617,17,买盘
2224,11:22:56,129.19,374651,29,买盘
2225,11:22:59,129.19,206701,16,买盘
2226,11:23:02,129.19,258380,20,买盘
2227,11:23:05,129.19,361719,28,买盘
2228,11:23:08,129.19,206698,16,买盘
2229,11:23:11,129.19,206704,16,买盘
2230,11:23:14,129.19,129187,10,买盘
2231,11:23:17,129.19,322975,25,买盘
2232,11:23:20,129.19,284208,22,买盘
2233,11:23:23,129.19,1317694,102,买盘
2234,11:23:26,129.19,335885,26,买盘
2235,11:23:29,129.18,361726,28,卖盘
2236,11:23:32,129.18,167935,13,卖盘
2237,11:23:35,129.18,77508,6,买盘
2238,11:23:38,129.17,335864,26,卖盘
2239,11:23:41,129.17,271264,21,卖盘
2240,11:23:44,129.17,452101,35,卖盘
2241,11:23:47,129.18,103344,8,买盘
2242,11:23:50,129.19,90427,7,买盘
2243,11:23:53,129.19,529666,41,买盘
2244,11:23:56,129.19,64595,5,买盘
2245,11:23:59,129.19,142108,11,买盘
2246,11:24:02,129.19,245452,19,买盘
2247,11:24:05,129.18,219616,17,卖盘
2248,11:24:08,129.18,297118,23,卖盘
2249,11:24:11,129.18,219614,17,卖盘
2250,11:24:14,129.17,155010,12,卖盘
2251,11:24:17,129.17,116260,9,卖盘
2252,11:24:20,129.17,387527,30,卖盘
2253,11:24:23,129.18,180845,14,买盘
2254,11:24:26,129.17,64585,5,卖盘
2255,11:24:29,129.18,413376,32,买盘
2256,11:24:32,129.18,25836,2,买盘
2257,11:24:35,129.18,142095,11,买盘
2258,11:24:38,129.18,129178,10,买盘
2259,11:24:41,129.18,116262,9,买盘
2260,11:24:44,129.18,116262,9,买盘
2261,11:24:47,129.18,335868,26,买盘
2262,11:24:50,129.18,1369306,106,买盘
2263,11:24:53,129.18,439205,34,买盘
2264,11:24:59,129.18,723376,56,买盘
2265,11:25:02,129.18,129177,10,买盘
2266,11:25:05,129.17,258347,20,卖盘
2267,11:25:08,129.17,671708,52,卖盘
2268,11:25:11,129.17,284183,22,卖盘
2269,11:25:14,129.17,167924,13,卖盘
2270,11:25:17,129.17,6561055,508,卖盘
2271,11:25:20,129.17,142074,11,买盘
2272,11:25:23,129.17,116252,9,买盘
2273,11:25:26,129.16,51665,4,中性盘
2274,11:25:29,129.16,129156,10,买盘
2275,11:25:32,129.16,206652,16,买盘
2276,11:25:35,129.16,64578,5,买盘
2277,11:25:38,129.16,154985,12,买盘
2278,11:25:41,129.16,284133,22,买盘
2279,11:25:44,129.14,1588523,123,卖盘
2280,11:25:47,129.13,245361,19,卖盘
2281,11:25:50,129.13,258275,20,卖盘
2282,11:25:53,129.13,90393,7,卖盘
2283,11:25:56,129.13,142043,11,卖盘
2284,11:25:59,129.13,116217,9,卖盘
2285,11:26:02,129.13,955563,74,卖盘
2286,11:26:05,129.13,309914,24,卖盘
2287,11:26:08,129.13,103304,8,卖盘
2288,11:26:11,129.13,77479,6,卖盘
2289,11:26:14,129.13,64565,5,卖盘
2290,11:26:17,129.13,374486,29,卖盘
2291,11:26:20,129.13,322831,25,卖盘
2292,11:26:23,129.13,103306,8,卖盘
2293,11:26:26,129.14,348655,27,买盘
2294,11:26:29,129.13,142043,11,卖盘
2295,11:26:32,129.14,426156,33,买盘
2296,11:26:35,129.14,77484,6,买盘
2297,11:26:38,129.14,258280,20,买盘
2298,11:26:41,129.14,38742,3,卖盘
2299,11:26:44,129.15,103314,8,买盘
2300,11:26:47,129.15,103319,8,买盘
2301,11:26:50,129.15,103320,8,买盘
2302,11:26:53,129.15,167895,13,买盘
2303,11:26:56,129.16,142061,11,买盘
2304,11:26:59,129.16,103327,8,买盘
2305,11:27:02,129.16,206650,16,卖盘
2306,11:27:05,129.16,348731,27,卖盘
2307,11:27:08,129.16,607081,47,卖盘
2308,11:27:11,129.16,219570,17,买盘
2309,11:27:14,129.16,206659,16,买盘
2310,11:27:17,129.16,206661,16,卖盘
2311,11:27:20,129.17,38749,3,买盘
2312,11:27:23,129.16,51664,4,卖盘
2313,11:27:26,129.16,826624,64,卖盘
2314,11:27:29,129.16,852425,66,买盘
2315,11:27:32,129.16,64580,5,买盘
2316,11:27:35,129.16,167905,13,买盘
2317,11:27:38,129.16,723294,56,买盘
2318,11:27:41,129.16,297061,23,买盘
2319,11:27:44,129.17,103332,8,买盘
2320,11:27:47,129.17,12917,1,买盘
2321,11:27:50,129.16,2647618,205,卖盘
2322,11:27:53,129.17,142080,11,买盘
2323,11:27:56,129.16,142086,11,卖盘
2324,11:27:59,129.16,490813,38,卖盘
2325,11:28:02,129.16,529556,41,买盘
2326,11:28:05,129.16,103327,8,买盘
2327,11:28:08,129.17,129170,10,买盘
2328,11:28:11,129.17,51666,4,买盘
2329,11:28:14,129.17,38751,3,买盘
2330,11:28:17,129.17,182511,14,买盘
2331,11:28:20,129.16,450387,35,卖盘
2332,11:28:23,129.16,232488,18,买盘
2333,11:28:26,129.16,129158,10,买盘
2334,11:28:29,129.16,762019,59,买盘
2335,11:28:32,129.15,129156,10,卖盘
2336,11:28:35,129.16,130836,10,买盘
2337,11:28:38,129.16,284153,22,卖盘
2338,11:28:41,129.16,77496,6,卖盘
2339,11:28:44,129.16,90417,7,卖盘
2340,11:28:47,129.17,142087,11,买盘
2341,11:28:50,129.16,154997,12,卖盘
2342,11:28:53,129.17,103334,8,买盘
2343,11:28:56,129.17,219583,17,买盘
2344,11:28:59,129.17,64588,5,卖盘
2345,11:29:02,129.18,219598,17,买盘
2346,11:29:05,129.19,387541,30,买盘
2347,11:29:08,129.19,103344,8,买盘
2348,11:29:11,129.19,25838,2,买盘
2349,11:29:14,129.18,245460,19,卖盘
2350,11:29:17,129.19,232540,18,买盘
2351,11:29:20,129.2,12920,1,买盘
2352,11:29:23,129.2,77521,6,买盘
2353,11:29:26,129.19,258385,20,卖盘
2354,11:29:29,129.19,155024,12,买盘
2355,11:29:32,129.19,38757,3,买盘
2356,11:29:35,129.2,51674,4,中性盘
2357,11:29:38,129.21,51684,4,买盘
2358,11:29:41,129.2,64601,5,卖盘
2359,11:29:44,129.22,90450,7,买盘
2360,11:29:47,129.27,51708,4,买盘
2361,11:29:50,129.22,64629,5,卖盘
2362,11:29:53,129.27,77562,6,中性盘
2363,11:29:56,129.29,51713,4,买盘
2364,11:29:59,129.27,542966,42,卖盘
2365,11:30:02,129.27,12927,1,买盘
2366,13:00:02,129.3,142218,11,买盘
2367,13:00:05,129.22,5350403,414,卖盘
2368,13:00:08,129.27,3102736,240,买盘
2369,13:00:11,129.27,788660,61,卖盘
2370,13:00:14,129.27,64635,5,卖盘
2371,13:00:17,129.29,607584,47,买盘
2372,13:00:20,129.29,155144,12,买盘
2373,13:00:23,129.29,452512,35,买盘
2374,13:00:26,129.29,103432,8,卖盘
2375,13:00:29,129.27,594663,46,卖盘
2376,13:00:35,129.31,25861,2,买盘
2377,13:00:38,129.31,25862,2,买盘
2378,13:00:41,129.31,77582,6,买盘
2379,13:00:47,129.31,64655,5,买盘
2380,13:00:50,129.31,64655,5,卖盘
2381,13:00:53,129.31,258620,20,卖盘
2382,13:00:56,129.3,543065,42,卖盘
2383,13:00:59,129.29,90506,7,卖盘
2384,13:01:02,129.29,77574,6,买盘
2385,13:01:05,129.29,64644,5,买盘
2386,13:01:08,129.29,77573,6,买盘
2387,13:01:11,129.28,310295,24,卖盘
2388,13:01:14,129.29,155143,12,买盘
2389,13:01:17,129.29,64645,5,买盘
2390,13:01:20,129.28,310273,24,卖盘
2391,13:01:23,129.27,336103,26,卖盘
2392,13:01:26,129.27,77559,6,买盘
2393,13:01:29,129.26,155119,12,卖盘
2394,13:01:32,129.26,206816,16,买盘
2395,13:01:35,129.24,594544,46,卖盘
2396,13:01:38,129.25,25849,2,买盘
2397,13:01:41,129.25,516950,40,买盘
2398,13:01:44,129.24,142150,11,中性盘
2399,13:01:47,129.25,801341,62,买盘
2400,13:01:50,129.25,193875,15,卖盘
2401,13:01:53,129.25,77552,6,卖盘
2402,13:01:56,129.25,25851,2,卖盘
2403,13:01:59,129.25,206800,16,卖盘
2404,13:02:02,129.24,284349,22,卖盘
2405,13:02:05,129.24,25849,2,卖盘
2406,13:02:08,129.24,129238,10,买盘
2407,13:02:11,129.24,90468,7,买盘
2408,13:02:14,129.25,1072738,83,买盘
2409,13:02:17,129.25,180950,14,卖盘
2410,13:02:20,129.24,271419,21,卖盘
2411,13:02:26,129.24,90472,7,卖盘
2412,13:02:29,129.25,452367,35,买盘
2413,13:02:32,129.25,12925,1,卖盘
2414,13:02:35,129.24,258488,20,卖盘
2415,13:02:38,129.24,64619,5,买盘
2416,13:02:41,129.23,103385,8,卖盘
2417,13:02:44,129.24,129232,10,买盘
2418,13:02:47,129.24,64620,5,买盘
2419,13:02:50,129.23,155078,12,卖盘
2420,13:02:53,129.23,1757803,136,卖盘
2421,13:02:56,129.23,413546,32,卖盘
2422,13:02:59,129.23,1137087,88,买盘
2423,13:03:02,129.23,323068,25,买盘
2424,13:03:05,129.22,232610,18,买盘
2425,13:03:08,129.23,25846,2,买盘
2426,13:03:11,129.21,155063,12,卖盘
2427,13:03:14,129.21,374719,29,卖盘
2428,13:03:17,129.21,103370,8,卖盘
2429,13:03:20,129.21,25842,2,买盘
2430,13:03:23,129.21,64605,5,买盘
2431,13:03:29,129.21,12921,1,卖盘
2432,13:03:32,129.23,271355,21,买盘
2433,13:03:35,129.22,129216,10,中性盘
2434,13:03:38,129.21,206739,16,卖盘
2435,13:03:41,129.2,710666,55,卖盘
2436,13:03:44,129.23,51691,4,买盘
2437,13:03:47,129.22,38768,3,卖盘
2438,13:03:50,129.22,129220,10,卖盘
2439,13:03:53,129.22,51688,4,买盘
2440,13:03:56,129.22,335963,26,买盘
2441,13:03:59,129.21,64609,5,卖盘
2442,13:04:02,129.21,245499,19,卖盘
2443,13:04:05,129.2,426362,33,卖盘
2444,13:04:08,129.21,90445,7,买盘
2445,13:04:11,129.21,206729,16,买盘
2446,13:04:14,129.22,12922,1,买盘
2447,13:04:17,129.22,77530,6,买盘
2448,13:04:23,129.21,490999,38,卖盘
2449,13:04:26,129.21,374717,29,卖盘
2450,13:04:29,129.22,167983,13,买盘
2451,13:04:32,129.22,64610,5,买盘
2452,13:04:35,129.21,271350,21,卖盘
2453,13:04:38,129.22,219656,17,买盘
2454,13:04:41,129.2,361787,28,卖盘
2455,13:04:44,129.21,77526,6,买盘
2456,13:04:47,129.2,103365,8,卖盘
2457,13:04:50,129.21,51683,4,买盘
2458,13:04:53,129.21,51684,4,买盘
2459,13:04:56,129.21,12921,1,卖盘
2460,13:04:59,129.22,193829,15,买盘
2461,13:05:02,129.22,103376,8,卖盘
2462,13:05:08,129.22,284286,22,卖盘
2463,13:05:11,129.23,335996,26,买盘
2464,13:05:20,129.22,607368,47,卖盘
2465,13:05:23,129.21,167992,13,卖盘
2466,13:05:26,129.24,64620,5,买盘
2467,13:05:29,129.24,64620,5,卖盘
2468,13:05:32,129.25,206785,16,买盘
2469,13:05:35,129.24,38770,3,中性盘
2470,13:05:38,129.23,51691,4,中性盘
2471,13:05:41,129.23,90461,7,买盘
2472,13:05:44,129.23,917489,71,买盘
2473,13:05:47,129.23,129227,10,买盘
2474,13:05:50,129.22,103376,8,买盘
2475,13:05:53,129.21,155060,12,卖盘
2476,13:05:56,129.23,646097,50,买盘
2477,13:05:59,129.22,142142,11,卖盘
2478,13:06:02,129.22,232600,18,卖盘
2479,13:06:05,129.23,116303,9,买盘
2480,13:06:08,129.23,865780,67,买盘
2481,13:06:11,129.22,103376,8,卖盘
2482,13:06:14,129.22,167986,13,买盘
2483,13:06:17,129.22,594367,46,买盘
2484,13:06:20,129.22,323050,25,买盘
2485,13:06:23,129.22,64610,5,卖盘
2486,13:06:26,129.23,77537,6,买盘
2487,13:06:29,129.22,116298,9,卖盘
2488,13:06:32,129.23,510329,39,买盘
2489,13:06:35,129.23,116307,9,卖盘
2490,13:06:38,129.23,148751,12,卖盘
2491,13:06:41,129.24,77539,6,买盘
2492,13:06:44,129.22,38768,3,卖盘
2493,13:06:47,129.23,51691,4,买盘
2494,13:06:50,129.23,51692,4,买盘
2495,13:06:53,129.23,90461,7,卖盘
2496,13:06:59,129.24,38772,3,买盘
2497,13:07:02,129.24,206778,16,买盘
2498,13:07:08,129.24,226040,17,买盘
2499,13:07:11,129.23,38771,3,卖盘
2500,13:07:14,129.24,64620,5,中性盘
2501,13:07:17,129.24,142155,11,卖盘
2502,13:07:20,129.24,25848,2,买盘
2503,13:07:23,129.24,310171,24,买盘
2504,13:07:26,129.25,969272,75,买盘
2505,13:07:29,129.25,12925,1,卖盘
2506,13:07:32,129.26,12926,1,买盘
2507,13:07:35,129.26,25852,2,买盘
2508,13:07:38,129.26,38778,3,卖盘
2509,13:07:44,129.26,129261,10,卖盘
2510,13:07:47,129.27,90489,7,买盘
2511,13:07:50,129.27,38781,3,买盘
2512,13:07:53,129.27,51708,4,卖盘
2513,13:07:56,129.28,155136,12,买盘
2514,13:07:59,129.28,749793,58,买盘
2515,13:08:02,129.28,116356,9,买盘
2516,13:08:05,129.28,90496,7,卖盘
2517,13:08:08,129.3,271504,21,买盘
2518,13:08:11,129.29,90502,7,卖盘
2519,13:08:14,129.3,77575,6,买盘
2520,13:08:17,129.3,685259,53,买盘
2521,13:08:20,129.31,25862,2,中性盘
2522,13:08:23,129.3,336222,26,卖盘
2523,13:08:26,129.31,25862,2,买盘
2524,13:08:29,129.32,12932,1,中性盘
2525,13:08:32,129.33,38799,3,买盘
2526,13:08:35,129.33,51732,4,买盘
2527,13:08:38,129.33,181064,14,买盘
2528,13:08:41,129.34,90532,7,买盘
2529,13:08:44,129.34,51736,4,买盘
2530,13:08:47,129.35,1060604,82,买盘
2531,13:08:50,129.33,452684,35,卖盘
2532,13:08:53,129.35,77607,6,买盘
2533,13:08:56,129.33,116399,9,卖盘
2534,13:08:59,129.35,323369,25,买盘
2535,13:09:02,129.34,77600,6,中性盘
2536,13:09:05,129.34,103473,8,买盘
2537,13:09:08,129.34,258668,20,卖盘
2538,13:09:11,129.34,970085,75,卖盘
2539,13:09:14,129.35,142281,11,买盘
2540,13:09:17,129.35,336309,26,买盘
2541,13:09:20,129.35,64673,5,买盘
2542,13:09:23,129.35,25870,2,买盘
2543,13:09:26,129.35,116411,9,买盘
2544,13:09:29,129.35,25870,2,买盘
2545,13:09:32,129.35,530296,41,买盘
2546,13:09:35,129.33,1474274,114,卖盘
2547,13:09:38,129.29,2482567,192,卖盘
2548,13:09:41,129.35,775960,60,买盘
2549,13:09:47,129.29,103454,8,卖盘
2550,13:09:50,129.33,801919,62,中性盘
2551,13:09:56,129.34,245740,19,买盘
2552,13:09:59,129.34,12934,1,卖盘
2553,13:10:02,129.34,51736,4,买盘
2554,13:10:05,129.34,12934,1,买盘
2555,13:10:08,129.35,90540,7,买盘
2556,13:10:11,129.34,77604,6,卖盘
2557,13:10:14,129.33,38800,3,卖盘
2558,13:10:17,129.33,206928,16,卖盘
2559,13:10:20,129.32,219832,17,中性盘
2560,13:10:23,129.31,12931,1,卖盘
2561,13:10:26,129.32,38796,3,买盘
2562,13:10:29,129.32,38796,3,买盘
2563,13:10:32,129.32,38796,3,买盘
2564,13:10:35,129.31,77591,6,卖盘
2565,13:10:38,129.31,38793,3,买盘
2566,13:10:41,129.3,12930,1,卖盘
2567,13:10:44,129.28,1008436,78,卖盘
2568,13:10:47,129.28,38784,3,买盘
2569,13:10:50,129.27,374921,29,卖盘
2570,13:10:53,129.27,51710,4,卖盘
2571,13:10:56,129.29,38787,3,买盘
2572,13:11:02,129.29,12929,1,卖盘
2573,13:11:05,129.3,64644,5,买盘
2574,13:11:08,129.29,51716,4,买盘
2575,13:11:14,129.29,168071,13,买盘
2576,13:11:17,129.29,77574,6,买盘
2577,13:11:20,129.28,336128,26,卖盘
2578,13:11:23,129.28,129290,10,卖盘
2579,13:11:26,129.27,426598,33,卖盘
2580,13:11:29,129.27,142207,11,卖盘
2581,13:11:32,129.28,323176,25,买盘
2582,13:11:35,129.25,517031,40,卖盘
2583,13:11:38,129.28,646398,50,买盘
2584,13:11:41,129.25,12925,1,卖盘
2585,13:11:44,129.25,38775,3,卖盘
2586,13:11:47,129.29,103413,8,买盘
2587,13:11:53,129.3,25860,2,买盘
2588,13:11:56,129.29,258580,20,卖盘
2589,13:11:59,129.29,25858,2,中性盘
2590,13:12:02,129.28,51712,4,卖盘
2591,13:12:05,129.26,25852,2,卖盘
2592,13:12:14,129.26,51704,4,卖盘
2593,13:12:17,129.26,77556,6,卖盘
2594,13:12:20,129.26,90481,7,买盘
2595,13:12:23,129.26,77556,6,买盘
2596,13:12:26,129.27,64633,5,中性盘
2597,13:12:29,129.26,25852,2,卖盘
2598,13:12:32,129.26,116334,9,卖盘
2599,13:12:35,129.26,51704,4,买盘
2600,13:12:38,129.26,51704,4,买盘
2601,13:12:44,129.25,129250,10,卖盘
2602,13:12:47,129.25,374825,29,卖盘
2603,13:12:50,129.25,180950,14,买盘
2604,13:12:53,129.26,633360,49,买盘
2605,13:12:56,129.26,232668,18,卖盘
2606,13:12:59,129.26,129262,10,卖盘
2607,13:13:08,129.27,155118,12,买盘
2608,13:13:14,129.27,77566,6,卖盘
2609,13:13:20,129.27,103418,8,卖盘
2610,13:13:23,129.29,103428,8,买盘
2611,13:13:26,129.29,25858,2,卖盘
2612,13:13:29,129.3,38788,3,买盘
2613,13:13:32,129.3,77579,6,买盘
2614,13:13:35,129.3,38789,3,买盘
2615,13:13:38,129.29,168087,13,卖盘
2616,13:13:41,129.28,1344335,104,卖盘
2617,13:13:47,129.28,103427,8,卖盘
2618,13:13:53,129.29,38789,3,卖盘
2619,13:13:56,129.29,116361,9,卖盘
2620,13:13:59,129.29,142219,11,买盘
2621,13:14:02,129.29,90503,7,买盘
2622,13:14:05,129.29,12929,1,买盘
2623,13:14:08,129.29,129288,10,买盘
2624,13:14:11,129.29,25858,2,卖盘
2625,13:14:14,129.28,193934,15,卖盘
2626,13:14:17,129.29,193935,15,买盘
2627,13:14:20,129.29,38787,3,卖盘
2628,13:14:23,129.3,155151,12,买盘
2629,13:14:26,129.32,181016,14,买盘
2630,13:14:29,129.29,181015,14,卖盘
2631,13:14:35,129.29,193935,15,买盘
2632,13:14:38,129.29,38787,3,买盘
2633,13:14:41,129.29,38787,3,买盘
2634,13:14:44,129.29,12929,1,买盘
2635,13:14:47,129.28,413697,32,卖盘
2636,13:14:50,129.29,64645,5,买盘
2637,13:14:53,129.29,297349,23,买盘
2638,13:14:59,129.3,659365,51,买盘
2639,13:15:02,129.29,25857,2,中性盘
2640,13:15:05,129.28,12928,1,卖盘
2641,13:15:08,129.29,607662,47,买盘
2642,13:15:11,129.28,995512,77,卖盘
2643,13:15:14,129.29,258552,20,买盘
2644,13:15:17,129.27,103419,8,卖盘
2645,13:15:23,129.27,90489,7,卖盘
2646,13:15:26,129.28,155135,12,买盘
2647,13:15:29,129.27,465374,36,卖盘
2648,13:15:32,129.27,25854,2,卖盘
2649,13:15:35,129.28,180990,14,买盘
2650,13:15:38,129.28,25856,2,卖盘
2651,13:15:41,129.28,25856,2,卖盘
2652,13:15:44,129.28,25856,2,卖盘
2653,13:15:47,129.27,8531274,660,卖盘
2654,13:15:50,129.27,297301,23,买盘
2655,13:15:53,129.24,400654,31,卖盘
2656,13:15:56,129.25,38773,3,买盘
2657,13:15:59,129.24,155078,12,买盘
2658,13:16:02,129.29,439516,34,买盘
2659,13:16:05,129.25,25850,2,买盘
2660,13:16:08,129.24,193865,15,卖盘
2661,13:16:14,129.24,25848,2,卖盘
2662,13:16:17,129.24,103391,8,卖盘
2663,13:16:20,129.23,142154,11,卖盘
2664,13:16:23,129.24,129240,10,买盘
2665,13:16:26,129.22,213357,17,卖盘
2666,13:16:29,129.23,12923,1,买盘
2667,13:16:32,129.22,103376,8,卖盘
2668,13:16:35,129.23,38769,3,买盘
2669,13:16:38,129.23,129221,10,买盘
2670,13:16:41,129.22,1098370,85,卖盘
2671,13:16:44,129.22,38765,3,买盘
2672,13:16:47,129.22,77530,6,买盘
2673,13:16:50,129.22,206752,16,买盘
2674,13:16:53,129.22,167984,13,买盘
2675,13:16:56,129.22,116297,9,卖盘
2676,13:16:59,129.22,38766,3,买盘
2677,13:17:02,129.22,51688,4,卖盘
2678,13:17:05,129.23,103377,8,买盘
2679,13:17:08,129.22,25845,2,卖盘
2680,13:17:11,129.22,142142,11,卖盘
2681,13:17:14,129.22,129217,10,买盘
2682,13:17:17,129.22,90449,7,买盘
2683,13:17:20,129.22,38766,3,买盘
2684,13:17:23,129.22,12922,1,卖盘
2685,13:17:26,129.22,64610,5,卖盘
2686,13:17:29,129.22,142139,11,买盘
2687,13:17:32,129.22,12922,1,买盘
2688,13:17:35,129.22,77530,6,买盘
2689,13:17:38,129.22,180899,14,买盘
2690,13:17:41,129.22,736501,57,买盘
2691,13:17:47,129.22,51688,4,买盘
2692,13:17:50,129.2,5529810,428,卖盘
2693,13:17:53,129.2,245480,19,卖盘
2694,13:17:56,129.21,25842,2,买盘
2695,13:17:59,129.2,103360,8,卖盘
2696,13:18:02,129.2,129203,10,卖盘
2697,13:18:05,129.2,542640,42,卖盘
2698,13:18:08,129.21,981921,76,买盘
2699,13:18:11,129.2,478040,37,卖盘
2700,13:18:17,129.2,167957,13,买盘
2701,13:18:20,129.2,213038,16,买盘
2702,13:18:23,129.2,90440,7,买盘
2703,13:18:26,129.2,180880,14,买盘
2704,13:18:29,129.19,310062,24,卖盘
2705,13:18:32,129.2,12920,1,买盘
2706,13:18:35,129.2,142110,11,买盘
2707,13:18:38,129.19,290806,23,卖盘
2708,13:18:44,129.18,90431,7,卖盘
2709,13:18:47,129.19,322956,25,买盘
2710,13:18:50,129.19,64592,5,买盘
2711,13:18:53,129.19,155028,12,买盘
2712,13:18:56,129.19,64593,5,买盘
2713,13:18:59,129.19,58006,4,买盘
2714,13:19:02,129.19,342483,27,卖盘
2715,13:19:05,129.19,206704,16,买盘
2716,13:19:08,129.18,116266,9,卖盘
2717,13:19:11,129.18,12918,1,卖盘
2718,13:19:14,129.19,25838,2,买盘
2719,13:19:17,129.19,142107,11,买盘
2720,13:19:20,129.18,1149705,89,卖盘
2721,13:19:23,129.19,348787,27,买盘
2722,13:19:26,129.18,238860,18,卖盘
2723,13:19:29,129.2,193773,15,买盘
2724,13:19:32,129.19,25839,2,卖盘
2725,13:19:35,129.2,38758,3,买盘
2726,13:19:38,129.2,38760,3,买盘
2727,13:19:41,129.2,64600,5,买盘
2728,13:19:44,129.2,413409,32,买盘
2729,13:19:47,129.2,400520,31,买盘
2730,13:19:50,129.2,129194,10,买盘
2731,13:19:53,129.19,77516,6,卖盘
2732,13:19:56,129.18,12918,1,卖盘
2733,13:19:59,129.18,284198,22,卖盘
2734,13:20:02,129.19,90428,7,买盘
2735,13:20:05,129.18,90432,7,卖盘
2736,13:20:08,129.19,568397,44,中性盘
2737,13:20:11,129.19,51676,4,卖盘
2738,13:20:17,129.19,12919,1,卖盘
2739,13:20:23,129.2,77519,6,买盘
2740,13:20:26,129.19,51678,4,卖盘
2741,13:20:29,129.2,64600,5,买盘
2742,13:20:32,129.19,142116,11,卖盘
2743,13:20:35,129.2,232560,18,买盘
2744,13:20:38,129.19,90435,7,卖盘
2745,13:20:41,129.2,103359,8,买盘
2746,13:20:44,129.19,232542,18,卖盘
2747,13:20:47,129.19,658868,51,卖盘
2748,13:20:50,129.19,64596,5,卖盘
2749,13:20:53,129.2,25839,2,买盘
2750,13:20:56,129.19,155029,12,卖盘
2751,13:20:59,129.18,103352,8,卖盘
2752,13:21:02,129.19,361742,28,买盘
2753,13:21:05,129.19,103354,8,中性盘
2754,13:21:08,129.2,38757,3,买盘
2755,13:21:11,129.2,12920,1,买盘
2756,13:21:14,129.19,129190,10,卖盘
2757,13:21:17,129.2,77520,6,买盘
2758,13:21:20,129.2,12920,1,买盘
2759,13:21:23,129.2,103359,8,买盘
2760,13:21:26,129.2,374659,29,买盘
2761,13:21:29,129.2,167955,13,买盘
2762,13:21:32,129.19,684715,53,卖盘
2763,13:21:35,129.19,736385,57,卖盘
2764,13:21:38,129.19,245472,19,卖盘
2765,13:21:41,129.2,155036,12,买盘
2766,13:21:44,129.2,38760,3,买盘
2767,13:21:47,129.2,51678,4,买盘
2768,13:21:50,129.2,258398,20,买盘
2769,13:21:53,129.2,180879,14,买盘
2770,13:21:56,129.2,142120,11,买盘
2771,13:21:59,129.2,206720,16,买盘
2772,13:22:02,129.19,116276,9,卖盘
2773,13:22:05,129.2,400517,31,买盘
2774,13:22:08,129.2,51680,4,买盘
2775,13:22:11,129.2,90439,7,买盘
2776,13:22:14,129.2,671841,52,买盘
2777,13:22:17,129.2,25840,2,卖盘
2778,13:22:20,129.2,64602,5,卖盘
2779,13:22:23,129.18,2390068,185,卖盘
2780,13:22:32,129.2,12920,1,买盘
2781,13:22:35,129.2,77520,6,买盘
2782,13:22:41,129.2,12920,1,卖盘
2783,13:22:44,129.21,51684,4,卖盘
2784,13:22:47,129.19,258400,20,卖盘
2785,13:22:50,129.21,4792485,371,卖盘
2786,13:22:53,129.21,103343,8,中性盘
2787,13:22:56,129.21,25842,2,买盘
2788,13:22:59,129.19,167962,13,卖盘
2789,13:23:02,129.2,64596,5,中性盘
2790,13:23:05,129.19,155035,12,卖盘
2791,13:23:08,129.19,167947,13,买盘
2792,13:23:11,129.19,193785,15,买盘
2793,13:23:14,129.19,116271,9,买盘
2794,13:23:17,129.18,64590,5,卖盘
2795,13:23:20,129.19,38755,3,买盘
2796,13:23:23,129.18,232540,18,卖盘
2797,13:23:32,129.2,77518,6,买盘
2798,13:23:35,129.2,142114,11,买盘
2799,13:23:41,129.2,142106,11,买盘
2800,13:23:44,129.19,25839,2,卖盘
2801,13:23:47,129.19,90434,7,卖盘
2802,13:23:50,129.19,1265934,98,卖盘
2803,13:23:53,129.2,206713,16,买盘
2804,13:23:56,129.19,51677,4,中性盘
2805,13:23:59,129.2,361714,28,买盘
2806,13:24:05,129.18,116270,9,卖盘
2807,13:24:08,129.19,38756,3,卖盘
2808,13:24:11,129.2,129192,10,买盘
2809,13:24:14,129.19,77512,6,中性盘
2810,13:24:17,129.18,555474,43,卖盘
2811,13:24:20,129.17,77504,6,卖盘
2812,13:24:23,129.17,25834,2,买盘
2813,13:24:26,129.16,695784,54,卖盘
2814,13:24:29,129.16,1523992,118,买盘
2815,13:24:32,129.15,142067,11,卖盘
2816,13:24:35,129.16,167898,13,买盘
2817,13:24:38,129.15,77492,6,卖盘
2818,13:24:41,129.2,2546554,197,买盘
2819,13:24:44,129.2,12920,1,卖盘
2820,13:24:47,129.2,219640,17,卖盘
2821,13:24:50,129.2,25840,2,卖盘
2822,13:24:53,129.21,193807,15,买盘
2823,13:24:56,129.21,103362,8,买盘
2824,13:24:59,129.21,51684,4,中性盘
2825,13:25:02,129.21,12921,1,卖盘
2826,13:25:05,129.22,116298,9,买盘
2827,13:25:08,129.22,284271,22,买盘
2828,13:25:11,129.22,90453,7,买盘
2829,13:25:14,129.21,129218,10,卖盘
2830,13:25:17,129.21,12921,1,卖盘
2831,13:25:20,129.21,25842,2,卖盘
2832,13:25:23,129.22,12922,1,买盘
2833,13:25:26,129.21,51685,4,卖盘
2834,13:25:29,129.21,180889,14,卖盘
2835,13:25:32,129.2,64603,5,卖盘
2836,13:25:35,129.2,38760,3,卖盘
2837,13:25:38,129.2,219640,17,卖盘
2838,13:25:41,129.2,103360,8,卖盘
2839,13:25:44,129.21,51681,4,买盘
2840,13:25:47,129.2,489288,38,卖盘
2841,13:25:50,129.2,374678,29,买盘
2842,13:25:53,129.2,12920,1,买盘
2843,13:25:56,129.2,90439,7,买盘
2844,13:25:59,129.2,38760,3,买盘
2845,13:26:02,129.2,64600,5,买盘
2846,13:26:05,129.19,51677,4,卖盘
2847,13:26:08,129.2,90435,7,买盘
2848,13:26:11,129.17,51668,4,卖盘
2849,13:26:17,129.16,64581,5,卖盘
2850,13:26:20,129.17,167915,13,买盘
2851,13:26:23,129.17,77501,6,买盘
2852,13:26:26,129.17,103334,8,买盘
2853,13:26:29,129.17,258329,20,买盘
2854,13:26:32,129.17,426246,33,买盘
2855,13:26:35,129.16,206659,16,卖盘
2856,13:26:38,129.16,51667,4,卖盘
2857,13:26:41,129.17,155001,12,买盘
2858,13:26:44,129.17,12917,1,买盘
2859,13:26:47,129.16,51664,4,卖盘
2860,13:26:50,129.17,77502,6,买盘
2861,13:26:53,129.17,64585,5,卖盘
2862,13:26:56,129.17,25834,2,卖盘
2863,13:26:59,129.17,25835,2,卖盘
2864,13:27:02,129.17,1007738,78,卖盘
2865,13:27:05,129.18,129175,10,买盘
2866,13:27:08,129.17,116256,9,卖盘
2867,13:27:11,129.17,167926,13,卖盘
2868,13:27:14,129.17,206672,16,买盘
2869,13:27:17,129.17,64585,5,买盘
2870,13:27:20,129.16,258338,20,卖盘
2871,13:27:23,129.17,206672,16,买盘
2872,13:27:29,129.2,193745,15,买盘
2873,13:27:32,129.17,439149,34,中性盘
2874,13:27:35,129.16,142079,11,卖盘
2875,13:27:38,129.16,516651,40,卖盘
2876,13:27:41,129.17,155004,12,买盘
2877,13:27:47,129.16,154992,12,卖盘
2878,13:27:50,129.17,12917,1,买盘
2879,13:27:53,129.16,193741,15,卖盘
2880,13:27:56,129.17,219582,17,买盘
2881,13:27:59,129.16,103330,8,卖盘
2882,13:28:02,129.16,77497,6,卖盘
2883,13:28:05,129.17,361670,28,买盘
2884,13:28:08,129.16,129161,10,卖盘
2885,13:28:11,129.16,258334,20,买盘
2886,13:28:14,129.16,77496,6,买盘
2887,13:28:17,129.15,90408,7,卖盘
2888,13:28:20,129.16,77496,6,买盘
2889,13:28:23,129.16,90412,7,买盘
2890,13:28:26,129.16,25833,2,卖盘
2891,13:28:32,129.16,206656,16,卖盘
2892,13:28:35,129.16,51664,4,卖盘
2893,13:28:38,129.16,180824,14,卖盘
2894,13:28:41,129.17,77499,6,买盘
2895,13:28:44,129.17,12917,1,买盘
2896,13:28:47,129.16,77499,6,卖盘
2897,13:28:50,129.17,193745,15,买盘
2898,13:28:53,129.17,38751,3,卖盘
2899,13:28:56,129.17,38751,3,卖盘
2900,13:28:59,129.17,271259,21,卖盘
2901,13:29:02,129.18,25834,2,买盘
2902,13:29:05,129.16,77501,6,卖盘
2903,13:29:08,129.18,116260,9,买盘
2904,13:29:11,129.17,116259,9,卖盘
2905,13:29:17,129.17,167923,13,卖盘
2906,13:29:20,129.17,129170,10,卖盘
2907,13:29:23,129.17,129170,10,卖盘
2908,13:29:26,129.18,38754,3,买盘
2909,13:29:29,129.17,167921,13,卖盘
2910,13:29:32,129.17,193755,15,买盘
2911,13:29:38,129.18,167924,13,买盘
2912,13:29:41,129.18,322943,25,买盘
2913,13:29:44,129.18,51674,4,卖盘
2914,13:29:47,129.18,555475,43,卖盘
2915,13:29:50,129.18,167935,13,卖盘
2916,13:29:53,129.19,155018,12,买盘
2917,13:29:56,129.18,116267,9,卖盘
2918,13:30:02,129.19,103351,8,买盘
2919,13:30:05,129.19,477994,37,买盘
2920,13:30:11,129.2,12920,1,买盘
2921,13:30:14,129.2,297150,23,买盘
2922,13:30:17,129.2,64600,5,买盘
2923,13:30:23,129.19,503844,39,卖盘
2924,13:30:26,129.19,478020,37,买盘
2925,13:30:29,129.19,38757,3,买盘
2926,13:30:32,129.19,64595,5,卖盘
2927,13:30:38,129.19,64596,5,卖盘
2928,13:30:41,129.2,439280,34,买盘
2929,13:30:44,129.19,129191,10,卖盘
2930,13:30:47,129.19,116271,9,买盘
2931,13:30:50,129.2,490960,38,买盘
2932,13:30:53,129.21,25842,2,买盘
2933,13:30:56,129.21,310084,24,买盘
2934,13:30:59,129.2,12920,1,卖盘
2935,13:31:02,129.21,77526,6,买盘
2936,13:31:05,129.21,2610042,202,买盘
2937,13:31:08,129.2,116281,9,卖盘
2938,13:31:11,129.21,129204,10,买盘
2939,13:31:14,129.21,297183,23,买盘
2940,13:31:17,129.21,38763,3,卖盘
2941,13:31:20,129.22,142142,11,买盘
2942,13:31:23,129.22,51688,4,买盘
2943,13:31:26,129.22,374738,29,买盘
2944,13:31:29,129.22,478097,37,卖盘
2945,13:31:32,129.23,865746,67,买盘
2946,13:31:35,129.23,116307,9,卖盘
2947,13:31:38,129.24,12924,1,买盘
2948,13:31:41,129.24,51695,4,买盘
2949,13:31:44,129.25,12925,1,买盘
2950,13:31:50,129.24,232635,18,卖盘
2951,13:31:53,129.25,180949,14,买盘
2952,13:31:56,129.25,25850,2,买盘
2953,13:31:59,129.25,116321,9,买盘
2954,13:32:02,129.28,12928,1,买盘
2955,13:32:05,129.28,38784,3,买盘
2956,13:32:08,129.29,103414,8,买盘
2957,13:32:11,129.28,155124,12,卖盘
2958,13:32:14,129.29,426625,33,买盘
2959,13:32:17,129.28,90498,7,卖盘
2960,13:32:20,129.29,180984,14,买盘
2961,13:32:23,129.29,12929,1,买盘
2962,13:32:26,129.29,219773,17,买盘
2963,13:32:29,129.29,103431,8,买盘
2964,13:32:32,129.29,12929,1,买盘
2965,13:32:35,129.29,775740,60,买盘
2966,13:32:38,129.29,181006,14,买盘
2967,13:32:41,129.29,12929,1,买盘
2968,13:32:44,129.29,77574,6,买盘
2969,13:32:47,129.28,349062,27,卖盘
2970,13:32:50,129.29,193923,15,买盘
2971,13:32:53,129.28,77570,6,中性盘
2972,13:32:56,129.28,155139,12,卖盘
2973,13:32:59,129.28,12928,1,卖盘
2974,13:33:02,129.29,38787,3,中性盘
2975,13:33:08,129.3,116364,9,买盘
2976,13:33:11,129.3,90508,7,买盘
2977,13:33:14,129.3,452549,35,买盘
2978,13:33:17,129.3,155150,12,中性盘
2979,13:33:20,129.3,51720,4,中性盘
2980,13:33:23,129.31,51724,4,买盘
2981,13:33:26,129.31,155172,12,卖盘
2982,13:33:29,129.32,38795,3,买盘
2983,13:33:32,129.32,155182,12,买盘
2984,13:33:35,129.32,633671,49,卖盘
2985,13:33:38,129.33,271593,21,买盘
2986,13:33:41,129.34,155201,12,买盘
2987,13:33:44,129.32,530239,41,卖盘
2988,13:33:47,129.32,51728,4,买盘
2989,13:33:50,129.32,646583,50,买盘
2990,13:33:56,129.32,116388,9,买盘
2991,13:33:59,129.31,168104,13,卖盘
2992,13:34:02,129.31,103448,8,买盘
2993,13:34:05,129.31,25862,2,买盘
2994,13:34:08,129.31,12931,1,买盘
2995,13:34:11,129.31,129309,10,中性盘
2996,13:34:14,129.31,77586,6,买盘
2997,13:34:17,129.31,155164,12,买盘
2998,13:34:20,129.3,336201,26,卖盘
2999,13:34:23,129.3,827523,64,卖盘
3000,13:34:26,129.29,504269,39,卖盘
3001,13:34:29,129.3,181030,14,中性盘
3002,13:34:32,129.29,25858,2,卖盘
3003,13:34:35,129.29,103432,8,卖盘
3004,13:34:38,129.3,38788,3,买盘
3005,13:34:41,129.3,25860,2,买盘
3006,13:34:44,129.29,193944,15,卖盘
3007,13:34:47,129.3,64649,5,买盘
3008,13:34:50,129.3,517200,40,买盘
3009,13:34:53,129.3,38790,3,卖盘
3010,13:34:56,129.3,142232,11,卖盘
3011,13:34:59,129.3,90510,7,买盘
3012,13:35:02,129.3,12930,1,买盘
3013,13:35:05,129.29,155157,12,卖盘
3014,13:35:08,129.3,51719,4,买盘
3015,13:35:11,129.3,245671,19,卖盘
3016,13:35:14,129.3,64650,5,卖盘
3017,13:35:17,129.3,64650,5,卖盘
3018,13:35:20,129.3,181021,14,卖盘
3019,13:35:23,129.3,155166,12,买盘
