,成交时间,成交价格,成交金额,成交量,性质
0,09:25:03,6.19,16331696,26384,卖盘
1,09:30:00,6.19,3095,5,买盘
2,09:30:03,6.2,5919341,9549,买盘
3,09:30:06,6.21,6195835,10008,买盘
4,09:30:09,6.2,323281,522,中性盘
5,09:30:12,6.2,2895460,4674,买盘
6,09:30:15,6.19,3747679,6048,卖盘
7,09:30:18,6.19,940611,1519,卖盘
8,09:30:21,6.18,1561886,2522,卖盘
9,09:30:24,6.19,5238082,8466,买盘
10,09:30:27,6.19,1246607,2015,买盘
11,09:30:30,6.19,1267419,2048,买盘
12,09:30:33,6.19,862714,1395,买盘
13,09:30:36,6.19,1407585,2274,买盘
14,09:30:39,6.18,903827,1460,卖盘
15,09:30:42,6.18,1540652,2489,卖盘
16,09:30:45,6.18,541696,876,卖盘
17,09:30:48,6.18,1482134,2396,卖盘
18,09:30:51,6.18,1473942,2385,卖盘
19,09:30:54,6.18,3786253,6125,卖盘
20,09:30:57,6.18,1202447,1948,买盘
21,09:31:00,6.17,8658825,14032,卖盘
22,09:31:03,6.17,6723990,10884,卖盘
23,09:31:06,6.18,833813,1351,买盘
24,09:31:09,6.17,2134739,3457,卖盘
25,09:31:12,6.17,678107,1099,卖盘
26,09:31:15,6.17,3624631,5877,买盘
27,09:31:18,6.17,1667756,2703,卖盘
28,09:31:21,6.17,4482098,7272,买盘
29,09:31:24,6.17,4555122,7383,买盘
30,09:31:27,6.17,1477836,2394,卖盘
31,09:31:30,6.17,1617860,2619,卖盘
32,09:31:33,6.18,1087238,1761,买盘
33,09:31:36,6.18,3767036,6096,买盘
34,09:31:39,6.17,5006809,8090,卖盘
35,09:31:42,6.18,2667001,4315,买盘
36,09:31:45,6.19,2402128,3882,买盘
37,09:31:48,6.19,1835293,2965,卖盘
38,09:31:51,6.18,2973877,4804,卖盘
39,09:31:54,6.19,1007795,1628,买盘
40,09:31:57,6.19,2328980,3758,卖盘
41,09:32:00,6.19,2534032,4092,卖盘
42,09:32:03,6.19,2062302,3330,买盘
43,09:32:06,6.2,1199656,1935,买盘
44,09:32:09,6.2,2700517,4357,买盘
45,09:32:12,6.2,587550,948,买盘
46,09:32:15,6.2,1674449,2701,买盘
47,09:32:18,6.2,5307892,8562,买盘
48,09:32:21,6.2,6759687,10896,卖盘
49,09:32:24,6.21,3401860,5487,买盘
50,09:32:27,6.21,3333937,5369,买盘
51,09:32:30,6.21,774871,1248,买盘
52,09:32:33,6.21,661942,1066,买盘
53,09:32:36,6.22,763129,1227,买盘
54,09:32:39,6.21,6617244,10639,卖盘
55,09:32:42,6.22,2704927,4349,买盘
56,09:32:45,6.22,804455,1294,买盘
57,09:32:48,6.22,3096161,4985,买盘
58,09:32:51,6.22,865302,1393,买盘
59,09:32:54,6.22,274197,441,买盘
60,09:32:57,6.22,2044115,3287,买盘
61,09:33:00,6.22,2035183,3272,买盘
62,09:33:03,6.22,1292192,2078,买盘
63,09:33:06,6.22,668505,1075,买盘
64,09:33:09,6.22,816799,1314,买盘
65,09:33:12,6.22,486699,783,买盘
66,09:33:15,6.21,750584,1207,卖盘
67,09:33:18,6.22,366658,590,买盘
68,09:33:21,6.21,498670,802,卖盘
69,09:33:24,6.22,468901,755,买盘
70,09:33:27,6.22,1034901,1664,买盘
71,09:33:30,6.22,169059,272,买盘
72,09:33:33,6.22,1132188,1821,买盘
73,09:33:36,6.22,563536,907,买盘
74,09:33:39,6.22,416808,671,买盘
75,09:33:42,6.22,1028366,1654,买盘
76,09:33:45,6.22,662969,1066,买盘
77,09:33:48,6.22,639802,1029,买盘
78,09:33:51,6.22,402109,647,买盘
79,09:33:54,6.22,375599,604,买盘
80,09:33:57,6.21,170330,274,卖盘
81,09:34:00,6.21,5728072,9223,卖盘
82,09:34:03,6.21,4208753,6777,买盘
83,09:34:06,6.2,6683732,10763,卖盘
84,09:34:09,6.21,1941139,3126,买盘
85,09:34:12,6.21,424262,683,卖盘
86,09:34:15,6.21,812972,1309,卖盘
87,09:34:18,6.22,844970,1360,买盘
88,09:34:21,6.21,811919,1307,卖盘
89,09:34:24,6.21,3234572,5209,卖盘
90,09:34:27,6.22,1740013,2802,买盘
91,09:34:30,6.22,512301,824,买盘
92,09:34:33,6.21,430766,693,卖盘
93,09:34:36,6.22,207444,334,买盘
94,09:34:39,6.21,1749107,2816,卖盘
95,09:34:42,6.22,153447,247,买盘
96,09:34:45,6.22,72119,116,买盘
97,09:34:48,6.22,751277,1208,买盘
98,09:34:51,6.21,128662,207,卖盘
99,09:34:54,6.22,271737,437,买盘
100,09:34:57,6.21,1026515,1653,卖盘
101,09:35:00,6.21,1176138,1894,买盘
102,09:35:03,6.21,621618,1001,买盘
103,09:35:06,6.21,101825,164,买盘
104,09:35:09,6.2,1437712,2316,卖盘
105,09:35:12,6.21,225142,363,买盘
106,09:35:15,6.21,986791,1590,买盘
107,09:35:18,6.21,1246317,2010,买盘
108,09:35:21,6.2,1433856,2311,卖盘
109,09:35:24,6.2,677140,1092,卖盘
110,09:35:27,6.21,300255,484,买盘
111,09:35:30,6.21,769950,1240,买盘
112,09:35:33,6.21,102317,165,买盘
113,09:35:36,6.21,1274221,2052,买盘
114,09:35:39,6.21,289844,467,买盘
115,09:35:42,6.21,630936,1016,买盘
116,09:35:45,6.2,202992,327,卖盘
117,09:35:48,6.21,379738,612,买盘
118,09:35:51,6.21,1666146,2683,买盘
119,09:35:54,6.21,1189821,1916,买盘
120,09:35:57,6.21,41610,67,卖盘
121,09:36:00,6.22,499959,804,买盘
122,09:36:03,6.22,100060,161,买盘
123,09:36:06,6.22,806753,1299,买盘
124,09:36:09,6.22,356883,574,买盘
125,09:36:12,6.22,2791096,4494,买盘
126,09:36:15,6.22,1061737,1707,买盘
127,09:36:18,6.21,4111802,6621,卖盘
128,09:36:21,6.2,1689457,2721,卖盘
129,09:36:24,6.21,201632,325,买盘
130,09:36:27,6.2,568461,916,卖盘
131,09:36:30,6.21,3132239,5044,买盘
132,09:36:33,6.22,6623774,10650,买盘
133,09:36:36,6.22,756112,1215,卖盘
134,09:36:39,6.23,2698733,4333,买盘
135,09:36:42,6.22,318729,512,卖盘
136,09:36:45,6.22,1357481,2179,卖盘
137,09:36:48,6.22,278269,447,卖盘
138,09:36:51,6.23,819571,1316,买盘
139,09:36:54,6.23,131966,212,买盘
140,09:36:57,6.23,367399,590,买盘
141,09:37:00,6.23,255325,410,买盘
142,09:37:03,6.23,285253,458,买盘
143,09:37:06,6.23,872640,1402,买盘
144,09:37:09,6.22,568718,913,卖盘
145,09:37:12,6.23,165544,266,买盘
146,09:37:15,6.22,1109971,1784,卖盘
147,09:37:18,6.23,740342,1190,买盘
148,09:37:21,6.23,944679,1517,买盘
149,09:37:24,6.22,316362,508,卖盘
150,09:37:27,6.23,733817,1178,买盘
151,09:37:30,6.23,141998,228,买盘
152,09:37:33,6.23,419366,674,买盘
153,09:37:36,6.23,867759,1393,买盘
154,09:37:39,6.23,345765,555,买盘
155,09:37:42,6.23,604127,970,买盘
156,09:37:45,6.23,105199,169,买盘
157,09:37:48,6.23,319434,513,买盘
158,09:37:51,6.22,264008,424,卖盘
159,09:37:54,6.22,1013007,1628,卖盘
160,09:37:57,6.23,817106,1313,买盘
161,09:38:00,6.22,794670,1276,卖盘
162,09:38:03,6.22,8864754,14252,卖盘
163,09:38:06,6.22,567623,913,买盘
164,09:38:09,6.22,549050,883,买盘
165,09:38:12,6.22,751889,1209,买盘
166,09:38:15,6.21,129173,208,卖盘
167,09:38:18,6.22,445307,716,买盘
168,09:38:21,6.22,2385370,3835,买盘
169,09:38:24,6.22,259308,417,卖盘
170,09:38:27,6.22,1343459,2160,买盘
171,09:38:30,6.21,151734,244,卖盘
172,09:38:33,6.21,575967,926,卖盘
173,09:38:36,6.21,222479,358,卖盘
174,09:38:39,6.21,2203092,3542,卖盘
175,09:38:42,6.22,1134312,1824,买盘
176,09:38:45,6.22,324877,523,买盘
177,09:38:48,6.21,4738189,7630,卖盘
178,09:38:51,6.21,2201909,3551,买盘
179,09:38:54,6.21,3734105,6011,买盘
180,09:38:57,6.21,235887,380,买盘
181,09:39:00,6.21,55262,89,买盘
182,09:39:03,6.2,1528236,2461,卖盘
183,09:39:06,6.2,156986,253,卖盘
184,09:39:09,6.21,419175,675,买盘
185,09:39:12,6.21,193085,311,买盘
186,09:39:15,6.21,245201,395,买盘
187,09:39:18,6.21,185058,298,买盘
188,09:39:21,6.22,1191256,1919,买盘
189,09:39:24,6.21,553874,891,卖盘
190,09:39:27,6.21,837779,1347,卖盘
191,09:39:30,6.21,259785,418,卖盘
192,09:39:33,6.21,326524,525,卖盘
193,09:39:36,6.22,246934,397,买盘
194,09:39:39,6.21,569248,916,卖盘
195,09:39:42,6.22,3392388,5454,买盘
196,09:39:45,6.22,1417149,2275,卖盘
197,09:39:48,6.22,870753,1398,卖盘
198,09:39:51,6.23,715603,1149,买盘
199,09:39:54,6.22,540097,868,卖盘
200,09:39:57,6.22,672119,1079,卖盘
201,09:40:00,6.23,158176,254,买盘
202,09:40:03,6.23,378659,608,买盘
203,09:40:06,6.23,259041,416,买盘
204,09:40:09,6.23,404731,650,买盘
205,09:40:12,6.22,336632,541,卖盘
206,09:40:15,6.22,409661,658,卖盘
207,09:40:18,6.22,250086,402,卖盘
208,09:40:21,6.23,254607,409,买盘
209,09:40:24,6.22,635891,1021,卖盘
210,09:40:27,6.23,355336,571,买盘
211,09:40:30,6.22,563486,905,卖盘
212,09:40:33,6.22,248981,400,卖盘
213,09:40:36,6.22,927879,1491,卖盘
214,09:40:39,6.22,93390,150,卖盘
215,09:40:42,6.23,821620,1320,买盘
216,09:40:45,6.23,122584,197,买盘
217,09:40:48,6.22,414869,666,卖盘
218,09:40:51,6.22,168682,271,卖盘
219,09:40:54,6.23,204344,328,买盘
220,09:40:57,6.23,287727,462,买盘
221,09:41:00,6.23,256403,412,买盘
222,09:41:03,6.23,417332,670,买盘
223,09:41:06,6.23,524515,842,买盘
224,09:41:09,6.23,493770,793,买盘
225,09:41:12,6.22,1584274,2547,卖盘
226,09:41:15,6.23,839656,1348,买盘
227,09:41:18,6.23,292022,469,买盘
228,09:41:21,6.23,274118,440,买盘
229,09:41:24,6.23,260255,418,买盘
230,09:41:27,6.22,484185,778,卖盘
231,09:41:30,6.22,314883,506,卖盘
232,09:41:33,6.22,4144368,6662,卖盘
233,09:41:36,6.22,6951123,11176,卖盘
234,09:41:39,6.23,4554850,7323,买盘
235,09:41:42,6.23,324113,521,买盘
236,09:41:45,6.23,554367,890,买盘
237,09:41:48,6.22,273755,440,卖盘
238,09:41:51,6.23,622373,1000,买盘
239,09:41:54,6.23,158109,254,买盘
240,09:41:57,6.23,529993,851,买盘
241,09:42:00,6.23,121400,195,买盘
242,09:42:03,6.22,258347,415,卖盘
243,09:42:06,6.22,562847,904,卖盘
244,09:42:09,6.22,71554,115,卖盘
245,09:42:12,6.23,269658,433,买盘
246,09:42:15,6.23,540539,869,买盘
247,09:42:18,6.22,461961,742,卖盘
248,09:42:21,6.23,382232,614,买盘
249,09:42:24,6.22,452276,727,卖盘
250,09:42:27,6.22,671490,1078,卖盘
251,09:42:30,6.22,1507156,2423,卖盘
252,09:42:33,6.23,3266796,5244,买盘
253,09:42:36,6.23,95920,154,买盘
254,09:42:39,6.22,2737713,4399,卖盘
255,09:42:42,6.23,14932,24,买盘
256,09:42:45,6.23,1254402,2015,买盘
257,09:42:48,6.22,227682,366,卖盘
258,09:42:51,6.23,385587,619,买盘
259,09:42:54,6.23,287374,462,买盘
260,09:42:57,6.23,342394,550,买盘
261,09:43:00,6.22,366198,588,卖盘
262,09:43:03,6.22,493311,792,卖盘
263,09:43:06,6.23,263411,423,买盘
264,09:43:09,6.23,136379,219,买盘
265,09:43:12,6.23,298992,480,买盘
266,09:43:15,6.23,519922,835,买盘
267,09:43:18,6.23,234812,377,买盘
268,09:43:21,6.23,402414,646,买盘
269,09:43:24,6.22,219804,353,卖盘
270,09:43:27,6.22,1868,3,卖盘
271,09:43:30,6.22,132606,213,卖盘
272,09:43:33,6.23,164967,265,买盘
273,09:43:36,6.22,77772,125,卖盘
274,09:43:39,6.23,284437,457,买盘
275,09:43:42,6.23,103324,166,买盘
276,09:43:45,6.23,112763,181,买盘
277,09:43:48,6.22,411657,661,卖盘
278,09:43:51,6.23,146261,235,买盘
279,09:43:54,6.22,304499,489,卖盘
280,09:43:57,6.22,958492,1539,卖盘
281,09:44:00,6.23,578525,929,买盘
282,09:44:03,6.22,77792,125,卖盘
283,09:44:06,6.22,140110,225,卖盘
284,09:44:09,6.22,1030072,1656,卖盘
285,09:44:12,6.22,285507,459,卖盘
286,09:44:15,6.22,579229,930,卖盘
287,09:44:18,6.23,156127,251,买盘
288,09:44:21,6.23,181813,292,买盘
289,09:44:24,6.23,13060479,20964,买盘
290,09:44:27,6.24,6570253,10530,买盘
291,09:44:30,6.23,3618690,5806,卖盘
292,09:44:33,6.23,87299,140,卖盘
293,09:44:36,6.24,2941971,4715,买盘
294,09:44:39,6.24,399311,640,买盘
295,09:44:42,6.23,1274012,2042,卖盘
296,09:44:45,6.24,256375,411,买盘
297,09:44:48,6.24,2117870,3398,买盘
298,09:44:51,6.24,223864,359,买盘
299,09:44:54,6.24,911564,1461,买盘
300,09:44:57,6.24,846719,1357,买盘
301,09:45:00,6.24,1558589,2498,买盘
302,09:45:03,6.23,8466669,13587,卖盘
303,09:45:06,6.23,3399002,5456,买盘
304,09:45:09,6.23,300150,482,买盘
305,09:45:12,6.23,498309,800,买盘
306,09:45:15,6.23,727676,1168,买盘
307,09:45:18,6.23,461604,741,买盘
308,09:45:21,6.23,799953,1284,买盘
309,09:45:24,6.23,375633,603,买盘
310,09:45:27,6.23,1657163,2660,买盘
311,09:45:30,6.23,789194,1265,卖盘
312,09:45:33,6.23,741736,1189,卖盘
313,09:45:36,6.23,390240,626,卖盘
314,09:45:39,6.24,562611,902,买盘
315,09:45:42,6.23,130990,210,卖盘
316,09:45:45,6.24,556536,892,买盘
317,09:45:48,6.24,61701,99,买盘
318,09:45:51,6.24,275087,441,买盘
319,09:45:54,6.24,203313,326,买盘
320,09:45:57,6.24,193401,310,买盘
321,09:46:00,6.23,107225,172,卖盘
322,09:46:03,6.23,198943,319,卖盘
323,09:46:06,6.24,761369,1221,买盘
324,09:46:09,6.24,442260,709,买盘
325,09:46:12,6.23,555879,892,卖盘
326,09:46:15,6.24,1852721,2973,买盘
327,09:46:18,6.24,230148,369,买盘
328,09:46:21,6.24,104148,167,买盘
329,09:46:24,6.24,827987,1327,买盘
330,09:46:27,6.23,71068,114,卖盘
331,09:46:30,6.23,218327,350,卖盘
332,09:46:33,6.23,122889,197,卖盘
333,09:46:36,6.23,222654,357,卖盘
334,09:46:39,6.23,198762,319,卖盘
335,09:46:42,6.23,347899,558,卖盘
336,09:46:45,6.23,338918,544,卖盘
337,09:46:48,6.23,934363,1499,卖盘
338,09:46:51,6.24,373325,599,买盘
339,09:46:54,6.23,2126275,3412,卖盘
340,09:46:57,6.24,312124,501,买盘
341,09:47:00,6.23,887015,1422,卖盘
342,09:47:03,6.23,122193,196,卖盘
343,09:47:06,6.24,6240,10,买盘
344,09:47:09,6.23,502655,806,卖盘
345,09:47:12,6.24,49255,79,买盘
346,09:47:15,6.24,367868,590,买盘
347,09:47:18,6.23,284732,457,卖盘
348,09:47:21,6.24,171600,275,买盘
349,09:47:24,6.24,79180,127,买盘
350,09:47:27,6.23,209350,336,卖盘
351,09:47:30,6.23,270663,434,卖盘
352,09:47:33,6.23,7963498,12786,卖盘
353,09:47:36,6.23,2809702,4503,卖盘
354,09:47:39,6.23,4362,7,卖盘
355,09:47:42,6.24,38033,61,买盘
356,09:47:45,6.23,101011,162,卖盘
357,09:47:48,6.24,157631,253,买盘
358,09:47:51,6.24,163359,262,买盘
359,09:47:54,6.24,165129,265,买盘
360,09:47:57,6.23,3342081,5364,卖盘
361,09:48:00,6.23,2796129,4488,卖盘
362,09:48:03,6.23,3665711,5878,卖盘
363,09:48:06,6.24,282579,453,买盘
364,09:48:09,6.23,634330,1018,卖盘
365,09:48:12,6.24,1158508,1857,买盘
366,09:48:15,6.24,254372,408,买盘
367,09:48:18,6.24,268196,430,买盘
368,09:48:21,6.24,305400,490,买盘
369,09:48:24,6.23,220878,354,卖盘
370,09:48:27,6.24,145243,233,买盘
371,09:48:30,6.24,112843,181,买盘
372,09:48:33,6.24,117312,188,买盘
373,09:48:36,6.23,219338,352,卖盘
374,09:48:39,6.23,191383,307,卖盘
375,09:48:42,6.24,173869,279,买盘
376,09:48:45,6.24,154662,248,买盘
377,09:48:48,6.24,57997,93,买盘
378,09:48:51,6.23,123989,199,卖盘
379,09:48:54,6.23,893314,1432,卖盘
380,09:48:57,6.24,250502,402,买盘
381,09:49:00,6.24,586387,940,买盘
382,09:49:03,6.23,371689,596,卖盘
383,09:49:06,6.23,540731,867,卖盘
384,09:49:09,6.24,207024,332,买盘
385,09:49:12,6.24,55484,89,买盘
386,09:49:15,6.24,285685,458,买盘
387,09:49:18,6.24,53624,86,买盘
388,09:49:21,6.24,146575,235,买盘
389,09:49:24,6.23,115939,186,卖盘
390,09:49:27,6.24,89856,144,买盘
391,09:49:30,6.24,81677,131,买盘
392,09:49:33,6.23,268648,431,卖盘
393,09:49:36,6.23,108426,174,卖盘
394,09:49:39,6.23,313008,502,卖盘
395,09:49:42,6.24,54827,88,买盘
396,09:49:45,6.23,248886,399,卖盘
397,09:49:48,6.23,100351,161,卖盘
398,09:49:51,6.24,142213,228,买盘
399,09:49:54,6.24,546377,877,买盘
400,09:49:57,6.23,211522,339,卖盘
401,09:50:00,6.23,163851,263,卖盘
402,09:50:03,6.23,437045,701,卖盘
403,09:50:06,6.24,185887,298,买盘
404,09:50:09,6.24,307446,493,买盘
405,09:50:12,6.23,7281650,11688,卖盘
406,09:50:15,6.23,1546249,2482,买盘
407,09:50:18,6.23,1431852,2295,卖盘
408,09:50:21,6.24,34928,56,买盘
409,09:50:24,6.23,399907,641,卖盘
410,09:50:27,6.24,54253,87,买盘
411,09:50:30,6.24,203351,326,买盘
412,09:50:33,6.23,60432,97,卖盘
413,09:50:36,6.24,62973,101,买盘
414,09:50:39,6.23,212065,340,卖盘
415,09:50:42,6.23,60442,97,卖盘
416,09:50:45,6.23,165240,265,卖盘
417,09:50:48,6.23,88506,142,卖盘
418,09:50:51,6.23,201404,323,卖盘
419,09:50:54,6.24,32415,52,买盘
420,09:50:57,6.24,274961,441,买盘
421,09:51:00,6.23,392105,629,卖盘
422,09:51:03,6.24,655258,1051,买盘
423,09:51:06,6.23,223215,358,卖盘
424,09:51:09,6.23,162614,261,卖盘
425,09:51:12,6.24,464085,744,买盘
426,09:51:15,6.24,101585,163,买盘
427,09:51:18,6.24,159096,255,买盘
428,09:51:21,6.24,178945,287,买盘
429,09:51:24,6.23,292559,469,卖盘
430,09:51:27,6.24,30542,49,买盘
431,09:51:30,6.23,196287,315,卖盘
432,09:51:33,6.23,12938017,20768,卖盘
433,09:51:36,6.23,448678,721,买盘
434,09:51:39,6.22,348658,560,卖盘
435,09:51:42,6.22,1020258,1638,卖盘
436,09:51:45,6.22,677580,1088,卖盘
437,09:51:48,6.22,122537,197,卖盘
438,09:51:51,6.22,115168,185,卖盘
439,09:51:54,6.22,348850,560,卖盘
440,09:51:57,6.22,107606,173,卖盘
441,09:52:00,6.23,399606,642,买盘
442,09:52:03,6.23,29281,47,买盘
443,09:52:06,6.23,439498,706,买盘
444,09:52:09,6.22,74020,119,卖盘
445,09:52:12,6.22,31112,50,卖盘
446,09:52:15,6.22,379918,610,卖盘
447,09:52:18,6.22,66556,107,卖盘
448,09:52:21,6.22,1149744,1848,卖盘
449,09:52:24,6.22,104533,168,卖盘
450,09:52:27,6.22,600399,964,卖盘
451,09:52:30,6.22,170429,274,卖盘
452,09:52:33,6.22,120058,193,卖盘
453,09:52:36,6.22,480720,772,卖盘
454,09:52:39,6.22,6167752,9916,卖盘
455,09:52:42,6.22,527171,848,买盘
456,09:52:45,6.22,167142,269,买盘
457,09:52:48,6.22,532140,856,买盘
458,09:52:51,6.22,87035,140,买盘
459,09:52:54,6.22,471345,758,买盘
460,09:52:57,6.21,148525,239,卖盘
461,09:53:00,6.21,402253,647,卖盘
462,09:53:03,6.22,373255,601,买盘
463,09:53:06,6.21,979938,1578,卖盘
464,09:53:09,6.21,1197888,1927,卖盘
465,09:53:12,6.22,348414,561,买盘
466,09:53:15,6.22,811361,1305,买盘
467,09:53:18,6.21,86329,139,卖盘
468,09:53:21,6.21,394938,635,卖盘
469,09:53:24,6.22,236178,380,买盘
470,09:53:27,6.21,54027,87,卖盘
471,09:53:30,6.21,661944,1065,卖盘
472,09:53:33,6.21,63973,103,卖盘
473,09:53:36,6.22,473931,762,买盘
474,09:53:39,6.22,705709,1136,买盘
475,09:53:42,6.21,765362,1231,卖盘
476,09:53:45,6.21,72665,117,卖盘
477,09:53:48,6.21,279892,450,卖盘
478,09:53:51,6.21,210538,339,卖盘
479,09:53:54,6.21,402267,647,卖盘
480,09:53:57,6.22,45366,73,买盘
481,09:54:00,6.22,322062,518,买盘
482,09:54:03,6.22,355223,572,买盘
483,09:54:06,6.22,349527,562,买盘
484,09:54:09,6.21,95072,153,卖盘
485,09:54:12,6.21,321465,517,卖盘
486,09:54:15,6.21,17408,28,卖盘
487,09:54:18,6.22,359356,578,买盘
488,09:54:21,6.21,33547,54,卖盘
489,09:54:24,6.22,295980,476,买盘
490,09:54:27,6.21,402310,647,卖盘
491,09:54:30,6.21,417295,671,卖盘
492,09:54:33,6.22,432878,697,买盘
493,09:54:36,6.22,520954,838,买盘
494,09:54:39,6.21,150286,242,卖盘
495,09:54:42,6.21,420262,676,卖盘
496,09:54:45,6.21,110539,178,卖盘
497,09:54:48,6.21,476230,766,卖盘
498,09:54:51,6.21,607843,978,卖盘
499,09:54:54,6.21,657741,1058,卖盘
500,09:54:57,6.21,234117,377,卖盘
501,09:55:00,6.21,1066783,1717,卖盘
502,09:55:03,6.21,47817,77,卖盘
503,09:55:06,6.21,229154,369,卖盘
504,09:55:09,6.22,656080,1055,买盘
505,09:55:12,6.21,480103,773,卖盘
506,09:55:15,6.21,2726217,4389,卖盘
507,09:55:18,6.21,369499,595,卖盘
508,09:55:21,6.21,1776478,2858,卖盘
509,09:55:24,6.21,227917,367,卖盘
510,09:55:27,6.21,227907,367,卖盘
511,09:55:30,6.21,687119,1105,卖盘
512,09:55:33,6.21,922829,1486,卖盘
513,09:55:36,6.21,663399,1067,卖盘
514,09:55:39,6.22,100066,161,买盘
515,09:55:42,6.22,284766,458,买盘
516,09:55:45,6.22,176598,284,买盘
517,09:55:48,6.21,478498,770,卖盘
518,09:55:51,6.21,114897,185,卖盘
519,09:55:54,6.22,473724,762,买盘
520,09:55:57,6.22,93801,151,买盘
521,09:56:00,6.22,347620,559,买盘
522,09:56:03,6.22,643019,1035,买盘
523,09:56:06,6.21,2572169,4142,卖盘
524,09:56:09,6.21,165716,267,买盘
525,09:56:12,6.2,281817,454,卖盘
526,09:56:15,6.21,1910195,3076,买盘
527,09:56:18,6.21,192488,310,买盘
528,09:56:21,6.21,712847,1147,中性盘
529,09:56:24,6.21,81351,131,卖盘
530,09:56:27,6.21,544979,877,卖盘
531,09:56:30,6.21,19881,32,卖盘
532,09:56:33,6.21,838083,1349,卖盘
533,09:56:36,6.21,359559,579,卖盘
534,09:56:39,6.22,516124,830,买盘
535,09:56:42,6.21,129168,208,卖盘
536,09:56:45,6.21,539231,868,卖盘
537,09:56:48,6.22,293341,472,买盘
538,09:56:51,6.22,863070,1389,买盘
539,09:56:54,6.21,348362,561,卖盘
540,09:56:57,6.21,666096,1073,买盘
541,09:57:00,6.2,42162,68,卖盘
542,09:57:03,6.21,349982,564,买盘
543,09:57:06,6.2,102329,165,卖盘
544,09:57:09,6.2,865139,1395,卖盘
545,09:57:12,6.2,3720,6,卖盘
546,09:57:15,6.21,755618,1218,买盘
547,09:57:18,6.2,435860,703,卖盘
548,09:57:21,6.2,34724,56,卖盘
549,09:57:24,6.2,688021,1108,卖盘
550,09:57:27,6.2,143329,231,卖盘
551,09:57:30,6.2,239010,385,卖盘
552,09:57:33,6.2,67625,109,卖盘
553,09:57:36,6.21,178105,287,买盘
554,09:57:39,6.21,560082,902,买盘
555,09:57:42,6.2,693098,1117,卖盘
556,09:57:45,6.21,225709,364,买盘
557,09:57:48,6.2,636255,1025,卖盘
558,09:57:51,6.21,300314,484,买盘
559,09:57:54,6.2,298004,480,卖盘
560,09:57:57,6.21,143906,232,买盘
561,09:58:00,6.2,495269,798,卖盘
562,09:58:03,6.21,499017,804,买盘
563,09:58:06,6.21,29187,47,买盘
564,09:58:09,6.2,323817,522,卖盘
565,09:58:12,6.21,130244,210,买盘
566,09:58:15,6.21,331371,534,买盘
567,09:58:18,6.21,2484,4,买盘
568,09:58:21,6.21,374059,603,买盘
569,09:58:24,6.21,183607,296,买盘
570,09:58:27,6.21,455557,734,买盘
571,09:58:30,6.21,98739,159,买盘
572,09:58:33,6.21,2343486,3774,买盘
573,09:58:36,6.21,911463,1467,卖盘
574,09:58:39,6.22,1217793,1958,买盘
575,09:58:42,6.21,365966,589,卖盘
576,09:58:45,6.22,245418,395,买盘
577,09:58:48,6.22,337015,542,买盘
578,09:58:51,6.21,167671,270,卖盘
579,09:58:54,6.22,343541,553,买盘
580,09:58:57,6.21,115535,186,卖盘
581,09:59:00,6.21,274100,441,卖盘
582,09:59:03,6.21,154059,248,卖盘
583,09:59:06,6.21,183207,295,卖盘
584,09:59:09,6.21,389011,626,卖盘
585,09:59:12,6.21,273912,441,卖盘
586,09:59:15,6.21,536191,863,卖盘
587,09:59:18,6.2,2864046,4612,卖盘
588,09:59:21,6.21,1403427,2260,买盘
589,09:59:24,6.21,223278,360,买盘
590,09:59:27,6.21,1230822,1982,买盘
591,09:59:30,6.2,225698,364,卖盘
592,09:59:33,6.2,600911,968,卖盘
593,09:59:36,6.2,124623,201,卖盘
594,09:59:39,6.2,356240,574,卖盘
595,09:59:42,6.21,90599,146,买盘
596,09:59:45,6.21,157691,254,买盘
597,09:59:48,6.2,353727,570,卖盘
598,09:59:51,6.2,13020,21,卖盘
599,09:59:54,6.21,332591,536,买盘
600,09:59:57,6.2,200888,324,卖盘
601,10:00:00,6.2,301548,486,卖盘
602,10:00:03,6.2,316820,511,卖盘
603,10:00:06,6.2,696602,1123,卖盘
604,10:00:09,6.2,336710,543,卖盘
605,10:00:12,6.21,776756,1252,买盘
606,10:00:15,6.2,251165,405,卖盘
607,10:00:18,6.2,478414,771,卖盘
608,10:00:21,6.2,348667,562,卖盘
609,10:00:24,6.2,273125,440,卖盘
610,10:00:27,6.2,197254,318,卖盘
611,10:00:30,6.2,277308,447,卖盘
612,10:00:33,6.21,247064,398,买盘
613,10:00:36,6.2,551074,888,卖盘
614,10:00:39,6.21,40365,65,买盘
615,10:00:42,6.2,547996,883,卖盘
616,10:00:45,6.2,252976,408,卖盘
617,10:00:48,6.2,174861,282,卖盘
618,10:00:51,6.2,2506498,4042,卖盘
619,10:00:54,6.2,1729217,2789,卖盘
620,10:00:57,6.2,1655665,2667,卖盘
621,10:01:00,6.21,247384,399,买盘
622,10:01:03,6.21,436893,704,买盘
623,10:01:06,6.2,975511,1573,卖盘
624,10:01:09,6.2,3506833,5648,卖盘
625,10:01:12,6.21,2293052,3693,买盘
626,10:01:15,6.2,484122,780,卖盘
627,10:01:18,6.2,698964,1126,卖盘
628,10:01:21,6.2,179465,289,卖盘
629,10:01:24,6.21,744534,1200,买盘
630,10:01:27,6.2,363474,586,卖盘
631,10:01:30,6.2,290267,468,卖盘
632,10:01:33,6.21,794961,1281,买盘
633,10:01:36,6.2,282906,456,卖盘
634,10:01:39,6.2,598733,965,卖盘
635,10:01:42,6.2,549475,886,卖盘
636,10:01:45,6.2,2057147,3317,卖盘
637,10:01:48,6.21,765124,1233,买盘
638,10:01:51,6.21,99360,160,买盘
639,10:01:54,6.21,6992104,11260,买盘
640,10:01:57,6.21,952839,1532,卖盘
641,10:02:00,6.22,2812276,4522,买盘
642,10:02:03,6.22,826569,1329,买盘
643,10:02:06,6.21,915708,1473,卖盘
644,10:02:09,6.21,290225,467,卖盘
645,10:02:12,6.22,4083473,6566,买盘
646,10:02:15,6.22,451676,726,买盘
647,10:02:18,6.22,907935,1458,卖盘
648,10:02:21,6.22,561867,902,卖盘
649,10:02:24,6.23,306231,492,买盘
650,10:02:27,6.23,336192,540,买盘
651,10:02:30,6.23,382014,614,买盘
652,10:02:33,6.22,100855,162,卖盘
653,10:02:36,6.23,525410,844,买盘
654,10:02:39,6.22,41692,67,卖盘
655,10:02:42,6.23,376515,605,买盘
656,10:02:45,6.23,315670,507,买盘
657,10:02:48,6.22,296813,477,卖盘
658,10:02:51,6.22,498758,801,卖盘
659,10:02:54,6.22,294338,473,卖盘
660,10:02:57,6.22,924492,1486,卖盘
661,10:03:00,6.22,610878,982,卖盘
662,10:03:03,6.22,4731663,7607,卖盘
663,10:03:06,6.22,535653,862,买盘
664,10:03:09,6.21,224483,361,卖盘
665,10:03:12,6.22,279511,450,买盘
666,10:03:15,6.21,444921,716,卖盘
667,10:03:18,6.21,231657,373,卖盘
668,10:03:21,6.21,303398,488,卖盘
669,10:03:24,6.22,46576,75,买盘
670,10:03:27,6.22,578956,931,买盘
671,10:03:30,6.21,234792,378,卖盘
672,10:03:33,6.21,330814,532,卖盘
673,10:03:36,6.21,224833,362,卖盘
674,10:03:39,6.21,198772,320,卖盘
675,10:03:42,6.22,401522,646,买盘
676,10:03:45,6.22,2647239,4256,买盘
677,10:03:48,6.22,1142933,1835,卖盘
678,10:03:51,6.22,76549,123,卖盘
679,10:03:54,6.22,393974,633,卖盘
680,10:03:57,6.23,82731,133,买盘
681,10:04:00,6.22,325344,523,卖盘
682,10:04:03,6.22,659141,1059,卖盘
683,10:04:06,6.23,116372,187,买盘
684,10:04:09,6.22,395909,636,卖盘
685,10:04:12,6.23,77243,124,买盘
686,10:04:15,6.22,194253,312,卖盘
687,10:04:18,6.22,145674,234,卖盘
688,10:04:21,6.23,397730,639,买盘
689,10:04:24,6.22,9330,15,卖盘
690,10:04:27,6.22,208587,335,卖盘
691,10:04:30,6.23,68436,110,买盘
692,10:04:33,6.23,177448,285,买盘
693,10:04:36,6.22,164861,265,卖盘
694,10:04:39,6.22,203605,327,卖盘
695,10:04:42,6.23,415272,667,买盘
696,10:04:45,6.23,120670,194,买盘
697,10:04:48,6.22,324291,521,卖盘
698,10:04:51,6.22,157367,253,卖盘
699,10:04:54,6.22,638394,1026,卖盘
700,10:04:57,6.22,154982,249,卖盘
701,10:05:00,6.23,511715,822,买盘
702,10:05:03,6.23,353401,568,买盘
703,10:05:06,6.22,346251,556,卖盘
704,10:05:09,6.22,1006444,1618,卖盘
705,10:05:12,6.22,558585,897,卖盘
706,10:05:15,6.22,31733,51,卖盘
707,10:05:18,6.22,264504,425,卖盘
708,10:05:21,6.22,100161,161,卖盘
709,10:05:24,6.22,361631,581,卖盘
710,10:05:27,6.23,212822,342,买盘
711,10:05:30,6.23,305269,490,买盘
712,10:05:33,6.23,628326,1009,买盘
713,10:05:36,6.23,834028,1339,买盘
714,10:05:39,6.22,653108,1049,卖盘
715,10:05:42,6.22,130014,209,卖盘
716,10:05:45,6.22,662586,1064,卖盘
717,10:05:48,6.22,111338,179,卖盘
718,10:05:51,6.22,245903,395,卖盘
719,10:05:54,6.22,47894,77,卖盘
720,10:05:57,6.23,375377,603,买盘
721,10:06:00,6.22,23646,38,卖盘
722,10:06:03,6.22,354550,570,卖盘
723,10:06:06,6.22,743981,1195,卖盘
724,10:06:09,6.22,309892,498,卖盘
725,10:06:12,6.23,415996,668,买盘
726,10:06:15,6.22,62833,101,卖盘
727,10:06:18,6.22,442401,711,卖盘
728,10:06:21,6.22,128754,207,卖盘
729,10:06:24,6.23,84000,135,买盘
730,10:06:27,6.22,363649,584,卖盘
731,10:06:30,6.22,123789,199,卖盘
732,10:06:33,6.23,304355,489,买盘
733,10:06:36,6.22,267756,430,卖盘
734,10:06:39,6.22,527127,847,卖盘
735,10:06:42,6.23,165509,266,买盘
736,10:06:45,6.22,379423,610,卖盘
737,10:06:48,6.22,468939,753,卖盘
738,10:06:51,6.22,61578,99,卖盘
739,10:06:54,6.23,255204,410,买盘
740,10:06:57,6.22,236990,381,卖盘
741,10:07:00,6.23,201193,323,买盘
742,10:07:03,6.22,289348,465,卖盘
743,10:07:06,6.22,288264,463,卖盘
744,10:07:09,6.22,2430163,3907,卖盘
745,10:07:12,6.22,1318190,2117,卖盘
746,10:07:15,6.23,974363,1567,买盘
747,10:07:18,6.22,440384,708,卖盘
748,10:07:21,6.22,1022157,1642,卖盘
749,10:07:24,6.21,218769,352,卖盘
750,10:07:27,6.21,527104,848,卖盘
751,10:07:30,6.22,817924,1315,买盘
752,10:07:33,6.21,804417,1294,卖盘
753,10:07:36,6.22,174518,281,买盘
754,10:07:39,6.21,514484,828,卖盘
755,10:07:42,6.22,453397,729,买盘
756,10:07:45,6.21,259132,417,卖盘
757,10:07:48,6.21,303910,489,卖盘
758,10:07:51,6.22,109299,176,买盘
759,10:07:54,6.22,167257,269,买盘
760,10:07:57,6.22,30456,49,买盘
761,10:08:00,6.21,195707,315,卖盘
762,10:08:03,6.21,131709,212,卖盘
763,10:08:06,6.22,3243066,5222,买盘
764,10:08:09,6.21,1863,3,卖盘
765,10:08:12,6.22,375090,604,买盘
766,10:08:15,6.22,277267,446,买盘
767,10:08:18,6.22,8084,13,买盘
768,10:08:21,6.21,280109,451,卖盘
769,10:08:24,6.21,328279,528,卖盘
770,10:08:27,6.21,396204,638,卖盘
771,10:08:30,6.22,207742,334,买盘
772,10:08:33,6.21,188789,304,卖盘
773,10:08:36,6.22,698784,1125,买盘
774,10:08:39,6.21,91908,148,卖盘
775,10:08:42,6.21,488403,786,卖盘
776,10:08:45,6.21,714277,1149,卖盘
777,10:08:48,6.22,125456,202,买盘
778,10:08:51,6.21,307650,495,卖盘
779,10:08:54,6.21,104337,168,卖盘
780,10:08:57,6.21,195167,314,卖盘
781,10:09:00,6.22,290633,468,买盘
782,10:09:03,6.21,60302,97,卖盘
783,10:09:06,6.21,1386980,2233,卖盘
784,10:09:09,6.22,387536,624,买盘
785,10:09:12,6.21,757916,1219,卖盘
786,10:09:15,6.21,160218,258,卖盘
787,10:09:18,6.21,346227,557,卖盘
788,10:09:21,6.22,9940,16,买盘
789,10:09:24,6.21,204948,330,卖盘
790,10:09:27,6.22,233144,375,买盘
791,10:09:30,6.21,107433,173,卖盘
792,10:09:33,6.21,337347,543,卖盘
793,10:09:36,6.22,37305,60,买盘
794,10:09:39,6.21,200152,322,卖盘
795,10:09:42,6.22,140973,227,买盘
796,10:09:45,6.22,246212,396,买盘
797,10:09:48,6.22,253727,408,买盘
798,10:09:51,6.21,39143,63,卖盘
799,10:09:54,6.21,128082,206,卖盘
800,10:09:57,6.22,21148,34,买盘
801,10:10:00,6.22,86408,139,买盘
802,10:10:03,6.22,96887,156,买盘
803,10:10:06,6.21,3726,6,卖盘
804,10:10:09,6.21,669697,1078,卖盘
805,10:10:12,6.21,206340,332,卖盘
806,10:10:15,6.22,294201,473,买盘
807,10:10:18,6.22,80860,130,买盘
808,10:10:21,6.21,62188,100,卖盘
809,10:10:24,6.22,24237,39,买盘
810,10:10:27,6.22,47844,77,买盘
811,10:10:30,6.22,197796,318,买盘
812,10:10:33,6.22,42918,69,买盘
813,10:10:36,6.22,266838,429,买盘
814,10:10:39,6.21,111936,180,卖盘
815,10:10:42,6.22,148654,239,买盘
816,10:10:45,6.22,52860,85,买盘
817,10:10:48,6.22,174781,281,买盘
818,10:10:51,6.22,138084,222,买盘
819,10:10:54,6.22,16152,26,买盘
820,10:10:57,6.22,178439,287,买盘
821,10:11:00,6.22,59090,95,买盘
822,10:11:03,6.21,282379,454,卖盘
823,10:11:06,6.22,137448,221,买盘
824,10:11:09,6.22,167295,269,买盘
825,10:11:12,6.22,69042,111,买盘
826,10:11:15,6.21,111243,179,卖盘
827,10:11:18,6.22,348233,560,买盘
828,10:11:21,6.22,527970,849,买盘
829,10:11:24,6.22,297316,478,买盘
830,10:11:27,6.22,2989954,4807,买盘
831,10:11:30,6.22,1037809,1666,卖盘
832,10:11:33,6.23,1564337,2511,买盘
833,10:11:36,6.23,13511007,21687,买盘
834,10:11:39,6.23,4773374,7650,卖盘
835,10:11:42,6.24,34928,56,买盘
836,10:11:45,6.24,500990,803,买盘
837,10:11:48,6.24,24334,39,买盘
838,10:11:51,6.24,119713,192,买盘
839,10:11:54,6.24,435147,698,买盘
840,10:11:57,6.24,119648,192,买盘
841,10:12:00,6.24,472516,758,买盘
842,10:12:03,6.23,70417,113,卖盘
843,10:12:06,6.23,202111,324,卖盘
844,10:12:09,6.23,11837,19,卖盘
845,10:12:12,6.24,6240,10,买盘
846,10:12:15,6.23,115878,186,卖盘
847,10:12:18,6.24,384068,616,买盘
848,10:12:21,6.24,141448,227,买盘
849,10:12:24,6.24,197184,316,买盘
850,10:12:27,6.24,49260,79,买盘
851,10:12:30,6.23,239338,384,卖盘
852,10:12:33,6.23,183955,295,卖盘
853,10:12:36,6.23,1869,3,卖盘
854,10:12:39,6.23,145160,233,卖盘
855,10:12:42,6.23,251249,403,卖盘
856,10:12:45,6.24,134635,216,买盘
857,10:12:48,6.23,2844618,4566,卖盘
858,10:12:51,6.23,49840,80,买盘
859,10:12:54,6.23,623000,1000,买盘
860,10:12:57,6.23,457040,734,买盘
861,10:13:00,6.23,34888,56,买盘
862,10:13:03,6.23,275312,442,买盘
863,10:13:06,6.23,1488970,2390,买盘
864,10:13:09,6.23,819851,1314,卖盘
865,10:13:12,6.23,226149,363,卖盘
866,10:13:15,6.23,311484,500,卖盘
867,10:13:18,6.23,141505,227,卖盘
868,10:13:21,6.23,121660,195,卖盘
869,10:13:24,6.23,225071,361,卖盘
870,10:13:27,6.24,346859,557,买盘
871,10:13:30,6.24,462592,742,买盘
872,10:13:33,6.23,42386,68,卖盘
873,10:13:36,6.24,207613,333,买盘
874,10:13:39,6.23,1023631,1643,卖盘
875,10:13:42,6.22,395973,636,卖盘
876,10:13:45,6.23,991193,1591,买盘
877,10:13:48,6.23,378161,607,买盘
878,10:13:51,6.23,103418,166,买盘
879,10:13:54,6.22,63526,102,卖盘
880,10:13:57,6.23,14322,23,买盘
881,10:14:00,6.22,72846,117,卖盘
882,10:14:03,6.23,3115,5,买盘
883,10:14:06,6.23,10591,17,买盘
884,10:14:09,6.23,71022,114,买盘
885,10:14:12,6.23,74079,119,买盘
886,10:14:15,6.22,160476,258,卖盘
887,10:14:18,6.23,561890,903,买盘
888,10:14:21,6.23,4984,8,买盘
889,10:14:24,6.23,366324,588,买盘
890,10:14:27,6.23,54144,87,买盘
891,10:14:30,6.23,448744,721,买盘
892,10:14:33,6.23,64159,103,买盘
893,10:14:36,6.22,352069,566,卖盘
894,10:14:39,6.23,456659,733,买盘
895,10:14:42,6.23,293626,472,买盘
896,10:14:45,6.23,87220,140,买盘
897,10:14:48,6.23,4977,8,买盘
898,10:14:51,6.22,42983,69,卖盘
899,10:14:54,6.23,4979,8,买盘
900,10:14:57,6.23,59803,96,买盘
901,10:15:00,6.23,4984,8,买盘
902,10:15:03,6.23,29269,47,买盘
903,10:15:06,6.22,98345,158,卖盘
904,10:15:09,6.23,45479,73,买盘
905,10:15:12,6.23,582985,937,买盘
906,10:15:15,6.23,28657,46,买盘
907,10:15:18,6.23,6230,10,买盘
908,10:15:21,6.23,143909,231,买盘
909,10:15:24,6.23,94696,152,买盘
910,10:15:27,6.23,16821,27,买盘
911,10:15:30,6.22,1244,2,卖盘
912,10:15:33,6.23,122035,196,买盘
913,10:15:36,6.22,127048,204,卖盘
914,10:15:39,6.23,87220,140,买盘
915,10:15:42,6.23,47971,77,买盘
916,10:15:45,6.23,45479,73,买盘
917,10:15:48,6.22,95284,153,卖盘
918,10:15:51,6.22,251011,403,卖盘
919,10:15:54,6.23,161980,260,买盘
920,10:15:57,6.23,49840,80,买盘
921,10:16:00,6.23,28613,46,买盘
922,10:16:03,6.22,398919,641,卖盘
923,10:16:06,6.23,144536,232,买盘
924,10:16:09,6.23,84604,136,买盘
925,10:16:12,6.23,27993,45,买盘
926,10:16:15,6.22,129998,209,卖盘
927,10:16:18,6.23,62214,100,买盘
928,10:16:21,6.23,46102,74,买盘
929,10:16:24,6.23,56063,90,买盘
930,10:16:27,6.23,18067,29,买盘
931,10:16:30,6.22,80980,130,卖盘
932,10:16:33,6.22,38568,62,卖盘
933,10:16:36,6.22,127585,205,卖盘
934,10:16:42,6.22,86547,139,卖盘
935,10:16:45,6.23,313992,504,买盘
936,10:16:51,6.22,209316,336,卖盘
937,10:16:54,6.22,8094,13,卖盘
938,10:16:57,6.22,80365,129,卖盘
939,10:17:00,6.22,34870,56,卖盘
940,10:17:03,6.23,62890,101,买盘
941,10:17:06,6.23,14315,23,买盘
942,10:17:09,6.23,2492,4,买盘
943,10:17:12,6.23,48594,78,买盘
944,10:17:15,6.22,43540,70,卖盘
945,10:17:18,6.23,47971,77,买盘
946,10:17:21,6.23,42987,69,买盘
947,10:17:24,6.23,44233,71,买盘
948,10:17:27,6.22,105768,170,卖盘
949,10:17:30,6.23,31753,51,买盘
950,10:17:33,6.23,143215,230,买盘
951,10:17:36,6.23,256927,413,买盘
952,10:17:39,6.22,222891,358,卖盘
953,10:17:42,6.22,1602897,2577,卖盘
954,10:17:45,6.22,821355,1319,卖盘
955,10:17:48,6.23,104542,168,买盘
956,10:17:51,6.23,402647,647,买盘
957,10:17:54,6.22,68451,110,卖盘
958,10:17:57,6.22,305431,491,卖盘
959,10:18:00,6.22,366710,589,卖盘
960,10:18:03,6.23,42987,69,买盘
961,10:18:06,6.22,218430,351,卖盘
962,10:18:09,6.23,623,1,买盘
963,10:18:12,6.23,218422,351,买盘
964,10:18:15,6.23,234523,377,买盘
965,10:18:18,6.22,93972,151,卖盘
966,10:18:21,6.23,823289,1322,买盘
967,10:18:24,6.22,191635,308,卖盘
968,10:18:27,6.23,311484,500,买盘
969,10:18:30,6.23,186652,300,买盘
970,10:18:33,6.22,232138,373,卖盘
971,10:18:36,6.23,109025,175,买盘
972,10:18:39,6.22,162980,262,卖盘
973,10:18:42,6.22,293204,471,卖盘
974,10:18:45,6.23,44856,72,买盘
975,10:18:48,6.23,252018,405,买盘
976,10:18:51,6.22,190954,307,卖盘
977,10:18:54,6.23,167524,269,买盘
978,10:18:57,6.23,21182,34,买盘
979,10:19:00,6.23,18052,29,买盘
980,10:19:03,6.23,19917,32,买盘
981,10:19:06,6.23,155737,250,买盘
982,10:19:09,6.22,148040,238,卖盘
983,10:19:12,6.23,198109,318,买盘
984,10:19:15,6.23,164241,264,买盘
985,10:19:18,6.22,1244,2,卖盘
986,10:19:21,6.22,103405,166,卖盘
987,10:19:24,6.23,77832,125,买盘
988,10:19:27,6.22,384555,618,卖盘
989,10:19:30,6.22,240714,387,卖盘
990,10:19:33,6.23,371065,596,买盘
991,10:19:36,6.22,174168,280,卖盘
992,10:19:39,6.23,294294,473,买盘
993,10:19:42,6.22,379770,610,卖盘
994,10:19:45,6.23,31773,51,买盘
995,10:19:48,6.23,229680,369,买盘
996,10:19:51,6.22,22396,36,卖盘
997,10:19:54,6.22,77239,124,卖盘
998,10:19:57,6.22,85861,138,卖盘
999,10:20:00,6.22,23636,38,卖盘
1000,10:20:03,6.23,196859,316,买盘
1001,10:20:06,6.23,271558,436,买盘
1002,10:20:09,6.23,153878,247,买盘
1003,10:20:12,6.22,262492,422,卖盘
1004,10:20:15,6.23,227390,365,买盘
1005,10:20:21,6.23,44233,71,买盘
1006,10:20:24,6.22,26125,42,卖盘
1007,10:20:27,6.22,63461,102,卖盘
1008,10:20:30,6.23,46725,75,买盘
1009,10:20:33,6.22,6220,10,卖盘
1010,10:20:36,6.23,85960,138,买盘
1011,10:20:39,6.23,25516,41,买盘
1012,10:20:42,6.22,108976,175,卖盘
1013,10:20:45,6.23,16198,26,买盘
1014,10:20:48,6.22,57298,92,卖盘
1015,10:20:51,6.22,52325,84,卖盘
1016,10:20:54,6.23,12444,20,买盘
1017,10:20:57,6.22,97730,157,卖盘
1018,10:21:00,6.22,45441,73,卖盘
1019,10:21:03,6.22,380698,612,卖盘
1020,10:21:06,6.22,4436989,7133,卖盘
1021,10:21:09,6.21,481132,774,卖盘
1022,10:21:12,6.21,371680,598,卖盘
1023,10:21:15,6.22,13062,21,买盘
1024,10:21:18,6.22,347372,559,买盘
1025,10:21:21,6.21,6841,11,卖盘
1026,10:21:24,6.21,301987,486,卖盘
1027,10:21:27,6.21,343442,553,卖盘
1028,10:21:30,6.21,245555,395,卖盘
1029,10:21:33,6.22,310366,499,买盘
1030,10:21:36,6.21,54037,87,卖盘
1031,10:21:39,6.22,228619,368,买盘
1032,10:21:42,6.21,196895,317,卖盘
1033,10:21:45,6.22,353818,569,买盘
1034,10:21:48,6.22,320673,516,买盘
1035,10:21:51,6.21,25461,41,卖盘
1036,10:21:54,6.22,588659,947,买盘
1037,10:21:57,6.22,235418,379,买盘
1038,10:22:00,6.22,265593,427,买盘
1039,10:22:03,6.21,6210,10,卖盘
1040,10:22:06,6.21,353443,569,卖盘
1041,10:22:09,6.22,2488,4,买盘
1042,10:22:12,6.22,298084,480,买盘
1043,10:22:15,6.22,268671,432,买盘
1044,10:22:18,6.21,284418,458,卖盘
1045,10:22:21,6.21,429943,692,卖盘
1046,10:22:24,6.21,86940,140,卖盘
1047,10:22:27,6.22,492140,792,买盘
1048,10:22:30,6.22,4351,7,买盘
1049,10:22:33,6.22,298087,480,买盘
1050,10:22:36,6.22,257506,414,买盘
1051,10:22:39,6.22,2488,4,买盘
1052,10:22:42,6.21,49734,80,卖盘
1053,10:22:45,6.21,7452,12,卖盘
1054,10:22:48,6.21,44152,71,卖盘
1055,10:22:51,6.22,42918,69,买盘
1056,10:22:54,6.22,73384,118,买盘
1057,10:22:57,6.21,162856,262,卖盘
1058,10:23:00,6.21,136074,219,卖盘
1059,10:23:03,6.21,141796,228,卖盘
1060,10:23:06,6.21,217362,350,卖盘
1061,10:23:09,6.22,334913,539,买盘
1062,10:23:12,6.21,3730,6,卖盘
1063,10:23:15,6.21,221697,357,卖盘
1064,10:23:18,6.22,433150,697,买盘
1065,10:23:21,6.21,108097,174,卖盘
1066,10:23:24,6.22,170428,274,买盘
1067,10:23:27,6.22,268364,432,买盘
1068,10:23:30,6.22,126266,203,买盘
1069,10:23:33,6.22,99991,161,买盘
1070,10:23:36,6.21,12424,20,卖盘
1071,10:23:39,6.21,117500,189,卖盘
1072,10:23:42,6.22,29855,48,买盘
1073,10:23:45,6.22,53492,86,买盘
1074,10:23:48,6.21,40986,66,卖盘
1075,10:23:51,6.22,53481,86,买盘
1076,10:23:54,6.21,68376,110,卖盘
1077,10:23:57,6.22,17413,28,买盘
1078,10:24:00,6.22,72774,117,买盘
1079,10:24:03,6.22,22392,36,买盘
1080,10:24:06,6.22,46027,74,买盘
1081,10:24:09,6.21,4352,7,卖盘
1082,10:24:12,6.22,32964,53,买盘
1083,10:24:15,6.21,164577,265,卖盘
1084,10:24:18,6.22,81482,131,买盘
1085,10:24:21,6.22,13057,21,买盘
1086,10:24:24,6.22,31718,51,买盘
1087,10:24:27,6.22,82726,133,买盘
1088,10:24:30,6.21,62100,100,卖盘
1089,10:24:33,6.22,128664,207,买盘
1090,10:24:36,6.21,30433,49,卖盘
1091,10:24:39,6.22,78986,127,买盘
1092,10:24:42,6.22,73918,119,买盘
1093,10:24:45,6.22,67796,109,买盘
1094,10:24:48,6.21,34796,56,卖盘
1095,10:24:51,6.22,41674,67,买盘
1096,10:24:54,6.22,172025,277,买盘
1097,10:24:57,6.21,299516,482,卖盘
1098,10:25:00,6.22,2488,4,买盘
1099,10:25:03,6.22,18038,29,买盘
1100,10:25:06,6.21,121288,195,卖盘
1101,10:25:09,6.21,15525,25,卖盘
1102,10:25:12,6.22,74005,119,买盘
1103,10:25:15,6.21,4968,8,卖盘
1104,10:25:18,6.21,216807,349,卖盘
1105,10:25:21,6.22,19261,31,买盘
1106,10:25:24,6.22,59079,95,买盘
1107,10:25:27,6.22,222562,358,买盘
1108,10:25:30,6.22,205556,331,买盘
1109,10:25:33,6.22,235003,378,买盘
1110,10:25:36,6.21,206793,333,卖盘
1111,10:25:39,6.22,144904,233,买盘
1112,10:25:42,6.22,16771,27,买盘
1113,10:25:45,6.21,57216,92,卖盘
1114,10:25:48,6.21,53464,86,卖盘
1115,10:25:51,6.22,622,1,买盘
1116,10:25:54,6.22,265367,427,买盘
1117,10:25:57,6.22,114920,185,买盘
1118,10:26:00,6.21,267249,430,卖盘
1119,10:26:03,6.22,41052,66,买盘
1120,10:26:06,6.21,135587,218,卖盘
1121,10:26:09,6.21,14904,24,卖盘
1122,10:26:12,6.22,39806,64,买盘
1123,10:26:15,6.21,88182,142,卖盘
1124,10:26:18,6.22,334770,539,买盘
1125,10:26:21,6.22,73356,118,买盘
1126,10:26:24,6.21,126886,204,卖盘
1127,10:26:27,6.22,16171,26,买盘
1128,10:26:30,6.21,90045,145,卖盘
1129,10:26:33,6.21,265853,428,卖盘
1130,10:26:36,6.21,77626,125,卖盘
1131,10:26:39,6.22,105118,169,买盘
1132,10:26:42,6.21,621,1,卖盘
1133,10:26:45,6.22,10563,17,买盘
1134,10:26:48,6.21,46575,75,卖盘
1135,10:26:51,6.21,54661,88,卖盘
1136,10:26:54,6.21,217415,350,卖盘
1137,10:26:57,6.21,52203,84,卖盘
1138,10:27:00,6.22,134972,217,买盘
1139,10:27:03,6.22,158566,255,买盘
1140,10:27:06,6.21,130547,210,卖盘
1141,10:27:09,6.21,11178,18,卖盘
1142,10:27:12,6.21,310526,500,卖盘
1143,10:27:15,6.21,190230,306,卖盘
1144,10:27:18,6.21,26106,42,卖盘
1145,10:27:21,6.22,4976,8,买盘
1146,10:27:24,6.22,34209,55,买盘
1147,10:27:27,6.22,18038,29,买盘
1148,10:27:30,6.21,55940,90,卖盘
1149,10:27:33,6.22,11817,19,买盘
1150,10:27:36,6.22,297592,479,买盘
1151,10:27:42,6.22,90812,146,买盘
1152,10:27:45,6.22,9951,16,买盘
1153,10:27:48,6.22,16771,27,买盘
1154,10:27:51,6.22,47272,76,买盘
1155,10:27:54,6.21,69555,112,卖盘
1156,10:27:57,6.21,129893,209,卖盘
1157,10:28:00,6.21,18635,30,卖盘
1158,10:28:03,6.22,182151,293,买盘
1159,10:28:06,6.21,129880,209,卖盘
1160,10:28:09,6.21,145480,234,卖盘
1161,10:28:12,6.21,324799,523,卖盘
1162,10:28:15,6.21,467219,752,卖盘
1163,10:28:18,6.22,61523,99,买盘
1164,10:28:21,6.21,175371,282,卖盘
1165,10:28:24,6.21,408043,657,卖盘
1166,10:28:27,6.22,202136,325,买盘
1167,10:28:30,6.22,26727,43,买盘
1168,10:28:33,6.22,53461,86,买盘
1169,10:28:36,6.21,157894,254,卖盘
1170,10:28:39,6.21,127930,206,卖盘
1171,10:28:42,6.21,392640,632,卖盘
1172,10:28:45,6.21,104450,168,卖盘
1173,10:28:48,6.22,219555,353,买盘
1174,10:28:51,6.21,153523,247,卖盘
1175,10:28:54,6.21,439943,708,卖盘
1176,10:28:57,6.22,318464,512,买盘
1177,10:29:00,6.22,371493,598,买盘
1178,10:29:03,6.22,713293,1148,买盘
1179,10:29:06,6.21,377702,608,卖盘
1180,10:29:09,6.22,387506,623,买盘
1181,10:29:12,6.22,6842,11,买盘
1182,10:29:15,6.22,144241,232,买盘
1183,10:29:18,6.21,485135,781,卖盘
1184,10:29:21,6.21,125642,202,卖盘
1185,10:29:24,6.22,256886,413,买盘
1186,10:29:27,6.21,1685434,2714,卖盘
1187,10:29:30,6.22,964749,1552,买盘
1188,10:29:33,6.22,66548,107,买盘
1189,10:29:36,6.22,36690,59,买盘
1190,10:29:39,6.22,257410,414,买盘
1191,10:29:42,6.21,99442,160,卖盘
1192,10:29:45,6.22,93922,151,买盘
1193,10:29:48,6.22,11801,19,买盘
1194,10:29:51,6.22,26746,43,买盘
1195,10:29:54,6.22,51626,83,买盘
1196,10:29:57,6.22,106983,172,买盘
1197,10:30:00,6.21,621,1,卖盘
1198,10:30:03,6.22,34832,56,买盘
1199,10:30:06,6.22,183421,295,买盘
1200,10:30:09,6.22,146790,236,买盘
1201,10:30:12,6.21,29808,48,卖盘
1202,10:30:15,6.22,57223,92,买盘
1203,10:30:18,6.22,622,1,买盘
1204,10:30:21,6.22,13671,22,买盘
1205,10:30:24,6.22,13684,22,买盘
1206,10:30:27,6.21,177181,285,卖盘
1207,10:30:30,6.22,117558,189,买盘
1208,10:30:33,6.22,541140,870,买盘
1209,10:30:36,6.22,1020080,1640,买盘
1210,10:30:39,6.22,5555704,8932,买盘
1211,10:30:42,6.22,773768,1244,买盘
1212,10:30:45,6.22,87702,141,买盘
1213,10:30:48,6.22,322805,519,买盘
1214,10:30:51,6.21,172907,278,卖盘
1215,10:30:54,6.22,170428,274,买盘
1216,10:30:57,6.22,114456,184,买盘
1217,10:31:00,6.22,333392,536,买盘
1218,10:31:03,6.22,24880,40,买盘
1219,10:31:06,6.21,35411,57,卖盘
1220,10:31:09,6.22,809004,1301,买盘
1221,10:31:12,6.22,309739,498,买盘
1222,10:31:15,6.22,378176,608,买盘
1223,10:31:18,6.22,8708,14,买盘
1224,10:31:21,6.22,168562,271,买盘
1225,10:31:24,6.22,28608,46,买盘
1226,10:31:27,6.21,104469,168,卖盘
1227,10:31:30,6.22,1866,3,买盘
1228,10:31:33,6.21,49756,80,卖盘
1229,10:31:36,6.22,232006,373,买盘
1230,10:31:39,6.22,147414,237,买盘
1231,10:31:42,6.22,72146,116,买盘
1232,10:31:45,6.22,75884,122,买盘
1233,10:31:48,6.22,41052,66,买盘
1234,10:31:51,6.22,35454,57,买盘
1235,10:31:54,6.22,128726,207,买盘
1236,10:32:00,6.21,116210,187,卖盘
1237,10:32:03,6.22,88324,142,买盘
1238,10:32:06,6.22,113204,182,买盘
1239,10:32:09,6.22,149065,240,买盘
1240,10:32:12,6.22,154871,249,买盘
1241,10:32:15,6.22,6220,10,买盘
1242,10:32:18,6.21,105681,170,卖盘
1243,10:32:21,6.21,12728637,20497,卖盘
1244,10:32:24,6.21,197445,318,买盘
1245,10:32:27,6.2,76357,123,卖盘
1246,10:32:30,6.21,314145,506,买盘
1247,10:32:33,6.21,71993,116,买盘
1248,10:32:36,6.21,81890,132,买盘
1249,10:32:39,6.21,505493,814,买盘
1250,10:32:42,6.2,623721,1006,卖盘
1251,10:32:45,6.21,476292,767,买盘
1252,10:32:48,6.21,6830,11,买盘
1253,10:32:51,6.2,282946,456,卖盘
1254,10:32:54,6.2,61380,99,卖盘
1255,10:32:57,6.21,15511,25,买盘
1256,10:33:00,6.21,254610,410,买盘
1257,10:33:03,6.21,152540,246,买盘
1258,10:33:06,6.2,393994,635,卖盘
1259,10:33:09,6.2,559250,902,卖盘
1260,10:33:12,6.2,429654,692,卖盘
1261,10:33:15,6.2,191044,308,卖盘
1262,10:33:21,6.21,198099,319,买盘
1263,10:33:24,6.21,37881,61,买盘
1264,10:33:27,6.21,219834,354,买盘
1265,10:33:30,6.21,6831,11,买盘
1266,10:33:33,6.21,142189,229,买盘
1267,10:33:36,6.21,63877,103,买盘
1268,10:33:42,6.21,363906,586,买盘
1269,10:33:45,6.21,96721,156,买盘
1270,10:33:48,6.21,359559,579,买盘
1271,10:33:51,6.2,42227,68,卖盘
1272,10:33:54,6.21,172619,278,买盘
1273,10:33:57,6.21,8073,13,买盘
1274,10:34:00,6.21,102382,165,买盘
1275,10:34:03,6.21,232875,375,买盘
1276,10:34:06,6.21,115462,186,买盘
1277,10:34:09,6.21,195615,315,买盘
1278,10:34:12,6.21,60237,97,买盘
1279,10:34:15,6.2,132272,213,卖盘
1280,10:34:18,6.21,57070,92,买盘
1281,10:34:21,6.21,297867,480,买盘
1282,10:34:24,6.21,47141,76,买盘
1283,10:34:27,6.21,285652,460,买盘
1284,10:34:30,6.2,40984,66,卖盘
1285,10:34:33,6.21,216724,349,买盘
1286,10:34:36,6.2,12411,20,卖盘
1287,10:34:39,6.2,41540,67,卖盘
1288,10:34:42,6.21,252691,407,买盘
1289,10:34:45,6.21,256984,414,买盘
1290,10:34:48,6.21,257660,415,买盘
1291,10:34:54,6.2,85678,138,卖盘
1292,10:34:57,6.21,9315,15,买盘
1293,10:35:00,6.21,136602,220,买盘
1294,10:35:03,6.21,388125,625,买盘
1295,10:35:06,6.21,30414,49,买盘
1296,10:35:09,6.21,205551,331,买盘
1297,10:35:12,6.21,316710,510,买盘
1298,10:35:15,6.21,358182,577,买盘
1299,10:35:18,6.21,14904,24,买盘
1300,10:35:21,6.21,35972,58,买盘
1301,10:35:24,6.2,239069,385,卖盘
1302,10:35:27,6.2,6208,10,卖盘
1303,10:35:30,6.2,222313,358,卖盘
1304,10:35:33,6.21,39073,63,买盘
1305,10:35:36,6.2,165175,266,卖盘
1306,10:35:39,6.21,11178,18,买盘
1307,10:35:42,6.21,127305,205,买盘
1308,10:35:45,6.2,27280,44,卖盘
1309,10:35:51,6.2,109263,176,卖盘
1310,10:35:54,6.2,164929,266,卖盘
1311,10:35:57,6.2,257669,415,卖盘
1312,10:36:00,6.2,54642,88,卖盘
1313,10:36:03,6.21,201204,324,买盘
1314,10:36:06,6.2,253914,409,卖盘
1315,10:36:12,6.21,188776,304,买盘
1316,10:36:15,6.2,6205,10,卖盘
1317,10:36:18,6.2,157714,254,卖盘
1318,10:36:21,6.21,58297,94,买盘
1319,10:36:24,6.21,111159,179,买盘
1320,10:36:27,6.21,64547,104,买盘
1321,10:36:30,6.21,15525,25,买盘
1322,10:36:33,6.21,163930,264,买盘
1323,10:36:36,6.2,124000,200,卖盘
1324,10:36:39,6.21,156485,252,买盘
1325,10:36:42,6.21,2484,4,买盘
1326,10:36:45,6.2,3468422,5594,卖盘
1327,10:36:48,6.21,78171,126,买盘
1328,10:36:51,6.2,1258080,2026,卖盘
1329,10:36:54,6.2,5588,9,卖盘
1330,10:36:57,6.21,161981,261,买盘
1331,10:37:00,6.2,161820,261,卖盘
1332,10:37:03,6.21,175122,282,买盘
1333,10:37:06,6.21,4347,7,买盘
1334,10:37:09,6.21,102443,165,买盘
1335,10:37:12,6.21,621,1,买盘
1336,10:37:15,6.21,41607,67,买盘
1337,10:37:18,6.21,142821,230,买盘
1338,10:37:21,6.2,12408,20,卖盘
1339,10:37:24,6.21,127304,205,买盘
1340,10:37:27,6.21,6831,11,买盘
1341,10:37:33,6.21,6830,11,买盘
1342,10:37:36,6.21,2484,4,买盘
1343,10:37:39,6.21,156492,252,买盘
1344,10:37:42,6.2,142154,229,卖盘
1345,10:37:45,6.21,4968,8,买盘
1346,10:37:48,6.21,62097,100,买盘
1347,10:37:51,6.2,21700,35,卖盘
1348,10:37:54,6.2,65145,105,卖盘
1349,10:37:57,6.2,84390,136,卖盘
1350,10:38:00,6.2,61380,99,卖盘
1351,10:38:03,6.2,65100,105,卖盘
1352,10:38:06,6.2,282810,456,卖盘
1353,10:38:09,6.21,100454,162,买盘
1354,10:38:12,6.21,330072,532,买盘
1355,10:38:15,6.21,6210,10,买盘
1356,10:38:18,6.21,96876,156,买盘
1357,10:38:21,6.21,19872,32,买盘
1358,10:38:24,6.21,126063,203,买盘
1359,10:38:27,6.21,65204,105,买盘
1360,10:38:30,6.2,52705,85,卖盘
1361,10:38:33,6.21,2484,4,买盘
1362,10:38:36,6.21,27315,44,买盘
1363,10:38:39,6.21,159341,257,买盘
1364,10:38:42,6.21,60848,98,买盘
1365,10:38:45,6.21,83835,135,买盘
1366,10:38:48,6.21,36018,58,买盘
1367,10:38:51,6.21,86940,140,买盘
1368,10:38:54,6.21,2484,4,买盘
1369,10:38:57,6.2,48378,78,卖盘
1370,10:39:00,6.21,2484,4,买盘
1371,10:39:03,6.2,95550,154,卖盘
1372,10:39:06,6.2,17360,28,卖盘
1373,10:39:09,6.2,3713722,5983,卖盘
1374,10:39:12,6.21,313184,505,买盘
1375,10:39:15,6.2,1825280,2944,卖盘
1376,10:39:18,6.2,2757776,4443,卖盘
1377,10:39:21,6.21,179953,290,买盘
1378,10:39:24,6.21,439046,707,买盘
1379,10:39:27,6.21,58288,94,买盘
1380,10:39:30,6.2,135294,218,卖盘
1381,10:39:33,6.21,1863,3,买盘
1382,10:39:36,6.2,55184,89,卖盘
1383,10:39:39,6.2,75094,121,卖盘
1384,10:39:42,6.21,94888,153,买盘
1385,10:39:45,6.2,316266,510,卖盘
1386,10:39:48,6.21,1863,3,买盘
1387,10:39:51,6.21,145848,235,买盘
1388,10:39:54,6.2,134584,217,卖盘
1389,10:39:57,6.2,112224,181,卖盘
1390,10:40:00,6.2,206001,332,卖盘
1391,10:40:03,6.21,76268,123,买盘
1392,10:40:06,6.2,1199801,1935,卖盘
1393,10:40:09,6.2,205221,331,卖盘
1394,10:40:12,6.2,964818,1555,卖盘
1395,10:40:15,6.2,207080,334,卖盘
1396,10:40:18,6.2,213936,345,卖盘
1397,10:40:21,6.2,560364,903,卖盘
1398,10:40:24,6.2,20460,33,卖盘
1399,10:40:27,6.21,170029,274,买盘
1400,10:40:30,6.2,106020,171,卖盘
1401,10:40:33,6.2,396733,639,卖盘
1402,10:40:36,6.2,93030,150,卖盘
1403,10:40:39,6.2,71352,115,卖盘
1404,10:40:42,6.2,556431,897,卖盘
1405,10:40:45,6.2,151957,245,卖盘
1406,10:40:48,6.21,219150,353,买盘
1407,10:40:51,6.2,78120,126,卖盘
1408,10:40:54,6.21,102363,165,买盘
1409,10:40:57,6.2,114080,184,卖盘
1410,10:41:00,6.2,102920,166,卖盘
1411,10:41:03,6.2,108040,174,卖盘
1412,10:41:06,6.21,100444,162,买盘
1413,10:41:09,6.21,94955,153,买盘
1414,10:41:12,6.2,102920,166,卖盘
1415,10:41:15,6.21,202289,326,买盘
1416,10:41:18,6.21,62037,100,买盘
1417,10:41:21,6.21,145096,234,买盘
1418,10:41:24,6.2,219671,354,卖盘
1419,10:41:27,6.21,76265,123,买盘
1420,10:41:30,6.21,575536,928,买盘
1421,10:41:33,6.21,156423,252,买盘
1422,10:41:36,6.21,371744,599,买盘
1423,10:41:42,6.21,187931,303,买盘
1424,10:41:45,6.21,320283,516,买盘
1425,10:41:48,6.2,57073,92,卖盘
1426,10:41:51,6.21,246961,398,买盘
1427,10:41:54,6.2,132060,213,卖盘
1428,10:41:57,6.2,68204,110,卖盘
1429,10:42:00,6.2,242612,391,卖盘
1430,10:42:03,6.2,109122,176,卖盘
1431,10:42:06,6.2,994615,1604,卖盘
1432,10:42:09,6.2,548112,884,卖盘
1433,10:42:12,6.2,10962914,17686,卖盘
1434,10:42:15,6.19,1055479,1705,卖盘
1435,10:42:18,6.2,598458,966,买盘
1436,10:42:21,6.2,427272,690,买盘
1437,10:42:24,6.19,209354,338,卖盘
1438,10:42:27,6.2,492827,795,买盘
1439,10:42:30,6.19,125038,202,卖盘
1440,10:42:33,6.19,140115,226,卖盘
1441,10:42:36,6.19,181408,293,卖盘
1442,10:42:39,6.2,135160,218,买盘
1443,10:42:42,6.2,196953,318,买盘
1444,10:42:45,6.19,83571,135,卖盘
1445,10:42:48,6.19,289473,467,卖盘
1446,10:42:51,6.2,80494,130,买盘
1447,10:42:54,6.2,290573,469,买盘
1448,10:42:57,6.2,43334,70,买盘
1449,10:43:00,6.19,293640,474,卖盘
1450,10:43:03,6.2,65625,106,买盘
1451,10:43:06,6.2,23560,38,买盘
1452,10:43:09,6.19,232433,375,卖盘
1453,10:43:12,6.2,33439,54,买盘
1454,10:43:15,6.2,203827,329,买盘
1455,10:43:18,6.19,97811,158,卖盘
1456,10:43:21,6.19,218847,353,卖盘
1457,10:43:24,6.19,118276,191,卖盘
1458,10:43:27,6.2,58279,94,买盘
1459,10:43:30,6.19,292466,472,卖盘
1460,10:43:33,6.2,350399,566,买盘
1461,10:43:36,6.2,291949,471,买盘
1462,10:43:39,6.2,96572,156,买盘
1463,10:43:42,6.2,256680,414,买盘
1464,10:43:45,6.2,553567,894,买盘
1465,10:43:48,6.2,2480,4,买盘
1466,10:43:51,6.2,448094,723,买盘
1467,10:43:54,6.2,151066,244,买盘
1468,10:43:57,6.19,612039,988,卖盘
1469,10:44:00,6.2,164657,266,买盘
1470,10:44:03,6.19,1757802,2839,卖盘
1471,10:44:06,6.19,86149,139,卖盘
1472,10:44:09,6.2,47734,77,买盘
1473,10:44:12,6.2,662780,1069,买盘
1474,10:44:15,6.19,15475,25,卖盘
1475,10:44:18,6.2,113460,183,买盘
1476,10:44:21,6.2,7440,12,买盘
1477,10:44:24,6.2,177217,286,买盘
1478,10:44:27,6.2,59434,96,买盘
1479,10:44:30,6.2,183427,296,买盘
1480,10:44:33,6.19,149834,242,卖盘
1481,10:44:36,6.2,310386,501,买盘
1482,10:44:39,6.19,1238,2,卖盘
1483,10:44:42,6.2,151269,244,买盘
1484,10:44:45,6.2,59442,96,买盘
1485,10:44:48,6.19,107240,173,卖盘
1486,10:44:51,6.2,16098,26,买盘
1487,10:44:54,6.2,126480,204,买盘
1488,10:44:57,6.2,87320,141,买盘
1489,10:45:00,6.2,44640,72,买盘
1490,10:45:03,6.19,353823,571,卖盘
1491,10:45:06,6.19,193165,312,卖盘
1492,10:45:09,6.2,286949,463,买盘
1493,10:45:12,6.2,26040,42,买盘
1494,10:45:15,6.19,151876,245,卖盘
1495,10:45:18,6.19,57649,93,卖盘
1496,10:45:21,6.2,30380,49,买盘
1497,10:45:24,6.2,182870,295,买盘
1498,10:45:27,6.19,6812,11,卖盘
1499,10:45:30,6.2,163060,263,买盘
1500,10:45:33,6.2,149897,242,买盘
1501,10:45:36,6.2,234890,379,买盘
1502,10:45:39,6.2,17360,28,买盘
1503,10:45:42,6.19,63227,102,卖盘
1504,10:45:45,6.2,217551,351,买盘
1505,10:45:48,6.2,24782,40,买盘
1506,10:45:51,6.2,200182,323,买盘
1507,10:45:54,6.19,1239,2,卖盘
1508,10:45:57,6.2,380664,614,买盘
1509,10:46:00,6.19,63854,103,卖盘
1510,10:46:03,6.2,140583,227,买盘
1511,10:46:06,6.2,259780,419,买盘
1512,10:46:09,6.2,16120,26,买盘
1513,10:46:12,6.2,156810,253,买盘
1514,10:46:15,6.19,17356,28,卖盘
1515,10:46:18,6.2,176609,285,买盘
1516,10:46:21,6.2,6405233,10331,买盘
1517,10:46:24,6.2,771905,1245,卖盘
1518,10:46:27,6.21,2678360,4313,买盘
1519,10:46:30,6.21,64484,104,买盘
1520,10:46:33,6.21,198045,319,买盘
1521,10:46:36,6.21,67589,109,买盘
1522,10:46:39,6.21,139072,224,买盘
1523,10:46:42,6.21,38443,62,买盘
1524,10:46:48,6.21,94391,152,买盘
1525,10:46:51,6.21,218400,352,买盘
1526,10:46:54,6.21,199341,321,买盘
1527,10:46:57,6.21,20480,33,买盘
1528,10:47:00,6.2,81350,131,卖盘
1529,10:47:03,6.2,16126,26,卖盘
1530,10:47:06,6.21,68926,111,买盘
1531,10:47:09,6.2,53361,86,卖盘
1532,10:47:12,6.21,106812,172,买盘
1533,10:47:15,6.2,6200,10,卖盘
1534,10:47:18,6.2,45930,74,卖盘
1535,10:47:21,6.21,155243,250,买盘
1536,10:47:24,6.21,27294,44,买盘
1537,10:47:27,6.21,49059,79,买盘
1538,10:47:30,6.21,53370,86,买盘
1539,10:47:33,6.21,78744,127,买盘
1540,10:47:36,6.21,55269,89,买盘
1541,10:47:39,6.2,13655,22,卖盘
1542,10:47:42,6.21,8064,13,买盘
1543,10:47:45,6.21,220455,355,买盘
1544,10:47:48,6.2,107395,173,卖盘
1545,10:47:51,6.2,106022,171,卖盘
1546,10:47:54,6.21,100552,162,买盘
1547,10:47:57,6.21,207746,335,买盘
1548,10:48:00,6.2,175602,283,卖盘
1549,10:48:03,6.2,206460,333,卖盘
1550,10:48:06,6.2,345497,557,卖盘
1551,10:48:09,6.2,73164,118,卖盘
1552,10:48:12,6.2,3508580,5659,卖盘
1553,10:48:15,6.2,291194,470,买盘
1554,10:48:18,6.2,6820,11,买盘
1555,10:48:21,6.2,130758,211,买盘
1556,10:48:24,6.2,91102,147,买盘
1557,10:48:27,6.2,141980,229,买盘
1558,10:48:30,6.2,23560,38,买盘
1559,10:48:33,6.2,140015,226,买盘
1560,10:48:36,6.19,162187,262,卖盘
1561,10:48:39,6.2,345302,557,买盘
1562,10:48:42,6.2,238080,384,买盘
1563,10:48:45,6.2,13635,22,买盘
1564,10:48:48,6.2,115287,186,买盘
1565,10:48:51,6.2,11151,18,买盘
1566,10:48:54,6.2,51460,83,买盘
1567,10:48:57,6.2,61303,99,买盘
1568,10:49:00,6.2,249129,402,买盘
1569,10:49:03,6.19,575732,930,卖盘
1570,10:49:06,6.2,300080,484,买盘
1571,10:49:09,6.19,66242,107,卖盘
1572,10:49:12,6.2,47120,76,买盘
1573,10:49:15,6.2,4960,8,买盘
1574,10:49:18,6.2,25420,41,买盘
1575,10:49:21,6.2,133909,216,买盘
1576,10:49:24,6.2,104146,168,买盘
1577,10:49:27,6.2,161804,261,买盘
1578,10:49:30,6.2,101671,164,买盘
1579,10:49:33,6.2,72521,117,买盘
1580,10:49:36,6.2,19220,31,买盘
1581,10:49:39,6.19,288787,466,卖盘
1582,10:49:42,6.2,13020,21,买盘
1583,10:49:45,6.19,127094,205,卖盘
1584,10:49:48,6.2,24180,39,买盘
1585,10:49:51,6.2,39679,64,买盘
1586,10:49:54,6.2,1240,2,买盘
1587,10:49:57,6.2,33480,54,买盘
1588,10:50:00,6.2,42780,69,买盘
1589,10:50:03,6.19,122689,198,卖盘
1590,10:50:06,6.2,189715,306,买盘
1591,10:50:09,6.2,165970,268,买盘
1592,10:50:12,6.2,131440,212,买盘
1593,10:50:15,6.2,33480,54,买盘
1594,10:50:18,6.19,64478,104,卖盘
1595,10:50:21,6.2,405438,654,买盘
1596,10:50:24,6.19,2420333,3899,卖盘
1597,10:50:27,6.21,1238915,1996,买盘
1598,10:50:30,6.2,282722,456,卖盘
1599,10:50:33,6.2,237820,383,卖盘
1600,10:50:36,6.2,32860,53,卖盘
1601,10:50:39,6.2,141558,228,卖盘
1602,10:50:42,6.21,109917,177,买盘
1603,10:50:45,6.21,30381,49,买盘
1604,10:50:48,6.21,90045,145,买盘
1605,10:50:51,6.21,82593,133,买盘
1606,10:50:54,6.21,84441,136,买盘
1607,10:50:57,6.2,56426,91,卖盘
1608,10:51:00,6.21,1242,2,买盘
1609,10:51:03,6.2,95619,154,卖盘
1610,10:51:06,6.2,268826,433,卖盘
1611,10:51:09,6.21,447637,721,买盘
1612,10:51:12,6.21,21114,34,买盘
1613,10:51:15,6.21,135999,219,买盘
1614,10:51:18,6.2,27281,44,卖盘
1615,10:51:21,6.2,620,1,卖盘
1616,10:51:24,6.21,27324,44,买盘
1617,10:51:27,6.21,70173,113,买盘
1618,10:51:30,6.21,70139,113,买盘
1619,10:51:33,6.2,60850,98,卖盘
1620,10:51:36,6.2,57660,93,卖盘
1621,10:51:39,6.21,104236,168,买盘
1622,10:51:45,6.21,2484,4,买盘
1623,10:51:48,6.21,63337,102,买盘
1624,10:51:54,6.21,10557,17,买盘
1625,10:51:57,6.21,51535,83,买盘
1626,10:52:00,6.2,22940,37,卖盘
1627,10:52:03,6.21,4968,8,买盘
1628,10:52:06,6.21,45333,73,买盘
1629,10:52:09,6.21,190026,306,买盘
1630,10:52:12,6.21,91287,147,买盘
1631,10:52:18,6.21,3105,5,买盘
1632,10:52:21,6.21,45333,73,买盘
1633,10:52:24,6.2,20460,33,卖盘
1634,10:52:27,6.2,6200,10,卖盘
1635,10:52:30,6.21,49680,80,买盘
1636,10:52:33,6.2,9310,15,卖盘
1637,10:52:36,6.21,3721,6,买盘
1638,10:52:39,6.21,4968,8,买盘
1639,10:52:42,6.21,107347,173,买盘
1640,10:52:45,6.21,1863,3,买盘
1641,10:52:48,6.2,6200,10,卖盘
1642,10:52:51,6.21,85643,138,买盘
1643,10:52:54,6.2,44644,72,卖盘
1644,10:52:57,6.21,53406,86,买盘
1645,10:53:00,6.21,6831,11,买盘
1646,10:53:03,6.2,76886,124,卖盘
1647,10:53:06,6.2,89375,144,卖盘
1648,10:53:09,6.2,17360,28,卖盘
1649,10:53:12,6.21,230385,371,买盘
1650,10:53:15,6.2,50275,81,卖盘
1651,10:53:18,6.21,106788,172,买盘
1652,10:53:21,6.2,6828,11,卖盘
1653,10:53:24,6.2,64484,104,卖盘
1654,10:53:27,6.21,4347,7,买盘
1655,10:53:30,6.21,11798,19,买盘
1656,10:53:33,6.2,55258,89,卖盘
1657,10:53:36,6.2,3100,5,卖盘
1658,10:53:39,6.21,3726,6,买盘
1659,10:53:42,6.2,23560,38,卖盘
1660,10:53:45,6.2,8680,14,卖盘
1661,10:53:48,6.2,118531,191,卖盘
1662,10:53:51,6.21,61479,99,买盘
1663,10:53:54,6.21,13662,22,买盘
1664,10:54:06,6.21,62720,101,买盘
1665,10:54:09,6.21,129168,208,买盘
1666,10:54:12,6.2,232077,374,卖盘
1667,10:54:15,6.21,253886,409,买盘
1668,10:54:18,6.21,141582,228,买盘
1669,10:54:21,6.21,578731,932,买盘
1670,10:54:24,6.2,232814,375,卖盘
1671,10:54:27,6.21,2484,4,买盘
1672,10:54:30,6.21,18604,30,买盘
1673,10:54:36,6.21,90666,146,买盘
1674,10:54:39,6.21,58995,95,买盘
1675,10:54:42,6.21,19226,31,买盘
1676,10:54:48,6.21,31050,50,买盘
1677,10:54:54,6.21,35968,58,买盘
1678,10:54:57,6.21,62721,101,买盘
1679,10:55:00,6.2,13658,22,卖盘
1680,10:55:03,6.2,1240,2,卖盘
1681,10:55:06,6.2,931240,1502,卖盘
1682,10:55:09,6.21,415933,670,买盘
1683,10:55:12,6.21,111630,180,买盘
1684,10:55:15,6.21,21114,34,买盘
1685,10:55:18,6.2,124779,201,卖盘
1686,10:55:21,6.21,61430,99,买盘
1687,10:55:24,6.2,81900,132,卖盘
1688,10:55:27,6.2,620,1,卖盘
1689,10:55:30,6.21,60806,98,买盘
1690,10:55:33,6.21,96876,156,买盘
1691,10:55:36,6.2,22337,36,卖盘
1692,10:55:39,6.2,82460,133,卖盘
1693,10:55:42,6.21,139725,225,买盘
1694,10:55:45,6.21,39744,64,买盘
1695,10:55:48,6.21,46571,75,买盘
1696,10:55:51,6.21,3105,5,买盘
1697,10:55:54,6.2,62632,101,卖盘
1698,10:55:57,6.2,323297,521,卖盘
1699,10:56:00,6.21,188701,304,买盘
1700,10:56:03,6.2,76921,124,卖盘
1701,10:56:06,6.21,52158,84,买盘
1702,10:56:09,6.2,119076,192,卖盘
1703,10:56:12,6.21,52783,85,买盘
1704,10:56:15,6.2,3104,5,卖盘
1705,10:56:18,6.21,4347,7,买盘
1706,10:56:21,6.2,37216,60,卖盘
1707,10:56:24,6.21,329094,530,买盘
1708,10:56:27,6.21,319760,515,买盘
1709,10:56:30,6.2,225841,364,卖盘
1710,10:56:33,6.2,184983,298,卖盘
1711,10:56:36,6.2,523353,844,卖盘
1712,10:56:39,6.2,234065,377,卖盘
1713,10:56:42,6.21,22959,37,买盘
1714,10:56:45,6.21,10557,17,买盘
1715,10:56:48,6.2,5580,9,卖盘
1716,10:56:51,6.21,6831,11,买盘
1717,10:56:54,6.21,55229,89,买盘
1718,10:57:00,6.21,104327,168,买盘
1719,10:57:03,6.21,107372,173,买盘
1720,10:57:06,6.2,103550,167,卖盘
1721,10:57:09,6.21,39123,63,买盘
1722,10:57:12,6.21,111159,179,买盘
1723,10:57:15,6.21,5589,9,买盘
1724,10:57:21,6.2,109740,177,卖盘
1725,10:57:24,6.2,1155768,1864,卖盘
1726,10:57:27,6.21,13029,21,买盘
1727,10:57:30,6.21,26670,43,买盘
1728,10:57:33,6.2,553044,891,卖盘
1729,10:57:36,6.2,101062,163,卖盘
1730,10:57:39,6.2,264887,427,卖盘
1731,10:57:42,6.21,64584,104,买盘
1732,10:57:45,6.2,129087,208,卖盘
1733,10:57:48,6.2,23564,38,卖盘
1734,10:57:51,6.21,8684,14,买盘
1735,10:57:57,6.21,78246,126,买盘
1736,10:58:06,6.2,114091,184,卖盘
1737,10:58:09,6.21,215475,347,买盘
1738,10:58:12,6.2,7443,12,卖盘
1739,10:58:15,6.21,104920,169,买盘
1740,10:58:18,6.2,250626,404,卖盘
1741,10:58:21,6.2,450128,726,卖盘
1742,10:58:24,6.21,421953,680,买盘
1743,10:58:27,6.2,88714,143,卖盘
1744,10:58:30,6.2,211584,341,卖盘
1745,10:58:33,6.2,181669,293,卖盘
1746,10:58:36,6.2,183032,295,卖盘
1747,10:58:39,6.2,161454,260,卖盘
1748,10:58:42,6.2,620,1,卖盘
1749,10:58:45,6.2,351548,567,卖盘
1750,10:58:48,6.2,299650,483,卖盘
1751,10:58:51,6.2,99226,160,卖盘
1752,10:58:54,6.21,492434,794,买盘
1753,10:58:57,6.21,1319984,2129,买盘
1754,10:59:00,6.21,243390,392,买盘
1755,10:59:03,6.21,695513,1120,买盘
1756,10:59:06,6.2,106091,171,卖盘
1757,10:59:09,6.2,70764,114,卖盘
1758,10:59:12,6.2,157653,254,卖盘
1759,10:59:15,6.2,98682,159,卖盘
1760,10:59:18,6.2,82573,133,卖盘
1761,10:59:21,6.21,57132,92,买盘
1762,10:59:24,6.21,65826,106,买盘
1763,10:59:27,6.2,189865,306,卖盘
1764,10:59:30,6.2,85053,137,卖盘
1765,10:59:33,6.21,170512,275,买盘
1766,10:59:36,6.2,76985,124,卖盘
1767,10:59:39,6.21,22332,36,买盘
1768,10:59:42,6.21,621,1,买盘
1769,10:59:45,6.2,620,1,卖盘
1770,10:59:48,6.2,23561,38,卖盘
1771,10:59:51,6.21,68249,110,买盘
1772,10:59:54,6.21,116022,187,买盘
1773,10:59:57,6.21,15525,25,买盘
1774,11:00:00,6.21,31050,50,买盘
1775,11:00:03,6.2,139500,225,卖盘
1776,11:00:06,6.2,280894,453,卖盘
1777,11:00:09,6.21,215369,347,买盘
1778,11:00:12,6.21,19248,31,买盘
1779,11:00:15,6.2,197368,318,卖盘
1780,11:00:18,6.21,84321,136,买盘
1781,11:00:21,6.2,137204,221,卖盘
1782,11:00:24,6.2,65741,106,卖盘
1783,11:00:27,6.2,15505,25,卖盘
1784,11:00:30,6.21,47193,76,买盘
1785,11:00:33,6.2,1971010,3179,卖盘
1786,11:00:36,6.21,3718750,5996,买盘
1787,11:00:39,6.2,11613248,18731,卖盘
1788,11:00:42,6.2,4106560,6614,卖盘
1789,11:00:45,6.21,150677,243,买盘
1790,11:00:48,6.2,4280536,6904,卖盘
1791,11:00:51,6.2,1693220,2731,买盘
1792,11:00:54,6.2,450120,726,买盘
1793,11:00:57,6.2,200260,323,买盘
1794,11:01:00,6.19,10523,17,卖盘
1795,11:01:03,6.2,177793,287,买盘
1796,11:01:06,6.2,147546,238,买盘
1797,11:01:09,6.19,690186,1115,卖盘
1798,11:01:12,6.2,4959,8,买盘
1799,11:01:15,6.19,283959,458,卖盘
1800,11:01:18,6.19,221673,358,卖盘
1801,11:01:21,6.2,127720,206,买盘
1802,11:01:24,6.2,41540,67,买盘
1803,11:01:27,6.2,355629,574,买盘
1804,11:01:30,6.2,81220,131,买盘
1805,11:01:33,6.2,233568,377,买盘
1806,11:01:36,6.2,432078,697,买盘
1807,11:01:39,6.2,541229,873,买盘
1808,11:01:42,6.2,409805,661,买盘
1809,11:01:45,6.19,16733,27,卖盘
1810,11:01:48,6.19,207697,335,卖盘
1811,11:01:51,6.19,210751,340,卖盘
1812,11:01:54,6.2,81726,132,买盘
1813,11:01:57,6.2,53482604,86262,买盘
1814,11:02:00,6.2,6687572,10771,卖盘
1815,11:02:03,6.21,6533257,10521,买盘
1816,11:02:06,6.21,282512,455,买盘
1817,11:02:09,6.21,6721054,10823,买盘
1818,11:02:12,6.21,81972,132,买盘
1819,11:02:15,6.21,26703,43,买盘
1820,11:02:18,6.21,7026447,11316,买盘
1821,11:02:21,6.2,3459026,5579,卖盘
1822,11:02:24,6.21,248400,400,买盘
1823,11:02:27,6.21,1242,2,买盘
1824,11:02:30,6.21,129168,208,买盘
1825,11:02:33,6.21,2484,4,买盘
1826,11:02:36,6.21,355450,573,买盘
1827,11:02:39,6.2,6820,11,卖盘
1828,11:02:42,6.21,168882,272,买盘
1829,11:02:45,6.21,3105,5,买盘
1830,11:02:48,6.2,13661,22,卖盘
1831,11:02:51,6.21,88080,142,买盘
1832,11:02:54,6.21,9935,16,买盘
1833,11:02:57,6.21,55269,89,买盘
1834,11:03:00,6.21,95614,154,买盘
1835,11:03:03,6.21,78867,127,买盘
1836,11:03:06,6.21,36018,58,买盘
1837,11:03:09,6.2,29186,47,卖盘
1838,11:03:12,6.21,58371,94,买盘
1839,11:03:15,6.21,57753,93,买盘
1840,11:03:18,6.21,152099,245,买盘
1841,11:03:21,6.2,25420,41,卖盘
1842,11:03:27,6.21,52784,85,买盘
1843,11:03:30,6.21,74498,120,买盘
1844,11:03:36,6.21,40986,66,买盘
1845,11:03:39,6.21,24219,39,买盘
1846,11:03:42,6.21,31671,51,买盘
1847,11:03:48,6.21,373840,602,买盘
1848,11:03:51,6.21,55269,89,买盘
1849,11:03:54,6.21,621,1,买盘
1850,11:03:57,6.21,4968,8,买盘
1851,11:04:03,6.21,32913,53,买盘
1852,11:04:06,6.21,3726,6,买盘
1853,11:04:09,6.21,21735,35,买盘
1854,11:04:12,6.21,9315,15,买盘
1855,11:04:15,6.21,4084216,6577,买盘
1856,11:04:18,6.22,1345716,2167,买盘
1857,11:04:21,6.21,299943,483,卖盘
1858,11:04:24,6.21,171352,276,卖盘
1859,11:04:27,6.21,173880,280,买盘
1860,11:04:30,6.21,6210,10,买盘
1861,11:04:33,6.2,80088,129,卖盘
1862,11:04:36,6.21,42849,69,买盘
1863,11:04:39,6.21,16747,27,买盘
1864,11:04:42,6.21,18009,29,买盘
1865,11:04:51,6.21,28566,46,买盘
1866,11:04:54,6.21,6210,10,买盘
1867,11:04:57,6.21,8694,14,买盘
1868,11:05:00,6.2,620,1,卖盘
1869,11:05:03,6.2,15500,25,卖盘
1870,11:05:06,6.2,43459,70,卖盘
1871,11:05:09,6.21,70093,113,买盘
1872,11:05:12,6.2,14264,23,卖盘
1873,11:05:18,6.2,28556,46,卖盘
1874,11:05:21,6.21,20493,33,买盘
1875,11:05:24,6.21,103084,166,买盘
1876,11:05:27,6.21,50224,81,买盘
1877,11:05:30,6.21,4347,7,买盘
1878,11:05:33,6.21,4968,8,买盘
1879,11:05:42,6.2,20460,33,卖盘
1880,11:05:48,6.2,1240,2,卖盘
1881,11:05:54,6.21,29802,48,买盘
1882,11:05:57,6.21,5589,9,买盘
1883,11:06:03,6.21,16760,27,买盘
1884,11:06:06,6.21,12420,20,买盘
1885,11:06:12,6.2,7440,12,卖盘
1886,11:06:15,6.2,8061,13,卖盘
1887,11:06:18,6.21,38502,62,买盘
1888,11:06:24,6.21,197318,318,买盘
1889,11:06:27,6.21,36593,59,买盘
1890,11:06:30,6.2,62677,101,卖盘
1891,11:06:33,6.21,4347,7,买盘
1892,11:06:36,6.21,6831,11,买盘
1893,11:06:39,6.21,2484,4,买盘
1894,11:06:42,6.21,19251,31,买盘
1895,11:06:45,6.21,19227,31,买盘
1896,11:06:51,6.2,13640,22,卖盘
1897,11:06:54,6.21,621,1,买盘
1898,11:06:57,6.21,70173,113,买盘
1899,11:07:03,6.21,183195,295,买盘
1900,11:07:06,6.21,29187,47,买盘
1901,11:07:09,6.21,6831,11,买盘
1902,11:07:15,6.21,177991,287,买盘
1903,11:07:18,6.21,43470,70,买盘
1904,11:07:21,6.21,8694,14,买盘
1905,11:07:24,6.2,235145,379,卖盘
1906,11:07:27,6.21,42792,69,买盘
1907,11:07:30,6.2,39098,63,卖盘
1908,11:07:33,6.2,3725,6,卖盘
1909,11:07:36,6.2,409820,661,卖盘
1910,11:07:39,6.2,11791,19,卖盘
1911,11:07:42,6.21,211565,341,买盘
1912,11:07:45,6.21,9315,15,买盘
1913,11:07:48,6.21,11789,19,买盘
1914,11:07:51,6.2,11160,18,卖盘
1915,11:07:57,6.2,324261,523,卖盘
1916,11:08:00,6.2,8060,13,卖盘
1917,11:08:03,6.21,34769,56,买盘
1918,11:08:06,6.2,230640,372,卖盘
1919,11:08:09,6.2,620,1,卖盘
1920,11:08:12,6.2,282734,456,卖盘
1921,11:08:15,6.21,34155,55,买盘
1922,11:08:18,6.2,60791,98,卖盘
1923,11:08:21,6.2,365189,589,卖盘
1924,11:08:24,6.21,3725,6,买盘
1925,11:08:27,6.2,27280,44,卖盘
1926,11:08:30,6.2,471005,759,卖盘
1927,11:08:33,6.2,26046,42,卖盘
1928,11:08:36,6.2,23564,38,卖盘
1929,11:08:39,6.2,24800,40,卖盘
1930,11:08:42,6.2,11160,18,卖盘
1931,11:08:45,6.21,34761,56,买盘
1932,11:08:48,6.21,23570,38,买盘
1933,11:08:51,6.2,40300,65,卖盘
1934,11:08:54,6.2,6822,11,卖盘
1935,11:08:57,6.2,206501,333,卖盘
1936,11:09:00,6.2,141377,228,卖盘
1937,11:09:03,6.21,275982,445,买盘
1938,11:09:06,6.21,189760,306,买盘
1939,11:09:09,6.21,245634,396,买盘
1940,11:09:12,6.21,125970,203,买盘
1941,11:09:15,6.2,468525,755,卖盘
1942,11:09:18,6.21,149661,241,买盘
1943,11:09:21,6.2,27900,45,卖盘
1944,11:09:24,6.21,208487,336,买盘
1945,11:09:27,6.21,105570,170,买盘
1946,11:09:30,6.21,271752,438,买盘
1947,11:09:33,6.21,55254,89,买盘
1948,11:09:36,6.21,274908,443,买盘
1949,11:09:39,6.2,13020,21,卖盘
1950,11:09:42,6.2,200967,324,卖盘
1951,11:09:45,6.2,1706120,2751,卖盘
1952,11:09:48,6.2,512750,827,卖盘
1953,11:09:51,6.2,11780,19,卖盘
1954,11:09:54,6.2,197863,319,卖盘
1955,11:09:57,6.21,54013,87,买盘
1956,11:10:00,6.2,225696,364,卖盘
1957,11:10:03,6.2,69457,112,卖盘
1958,11:10:06,6.2,153760,248,卖盘
1959,11:10:09,6.21,112400,181,买盘
1960,11:10:12,6.21,64486,104,买盘
1961,11:10:15,6.2,75136,121,卖盘
1962,11:10:18,6.2,132249,213,卖盘
1963,11:10:21,6.2,34154,55,卖盘
1964,11:10:24,6.2,7440,12,卖盘
1965,11:10:27,6.2,4960,8,卖盘
1966,11:10:30,6.21,1242,2,买盘
1967,11:10:33,6.21,66447,107,买盘
1968,11:10:42,6.21,132802,214,买盘
1969,11:10:48,6.2,106764,172,卖盘
1970,11:10:51,6.2,39080,63,卖盘
1971,11:10:54,6.21,347341,560,买盘
1972,11:10:57,6.2,42780,69,卖盘
1973,11:11:00,6.2,12410,20,卖盘
1974,11:11:03,6.2,35990,58,卖盘
1975,11:11:06,6.2,16751,27,卖盘
1976,11:11:09,6.2,9920,16,卖盘
1977,11:11:12,6.2,33481,54,卖盘
1978,11:11:15,6.21,88789,143,买盘
1979,11:11:18,6.21,47817,77,买盘
1980,11:11:21,6.2,2480,4,卖盘
1981,11:11:24,6.2,24800,40,卖盘
1982,11:11:27,6.2,2243337,3618,卖盘
1983,11:11:30,6.2,698740,1127,卖盘
1984,11:11:33,6.2,14387724,23206,卖盘
1985,11:11:36,6.2,397129,641,卖盘
1986,11:11:39,6.2,39680,64,买盘
1987,11:11:42,6.2,48980,79,买盘
1988,11:11:45,6.19,21070,34,卖盘
1989,11:11:48,6.19,51389,83,卖盘
1990,11:11:51,6.2,122610,198,买盘
1991,11:11:54,6.19,8670,14,卖盘
1992,11:11:57,6.2,50794,82,买盘
1993,11:12:00,6.2,2480,4,买盘
1994,11:12:06,6.2,26632,43,买盘
1995,11:12:09,6.2,22940,37,买盘
1996,11:12:12,6.2,85560,138,买盘
1997,11:12:15,6.19,43359,70,卖盘
1998,11:12:18,6.2,4340,7,买盘
1999,11:12:21,6.2,48902,79,买盘
2000,11:12:24,6.19,41475,67,卖盘
2001,11:12:27,6.2,133920,216,买盘
2002,11:12:30,6.2,22320,36,买盘
2003,11:12:33,6.19,32807,53,卖盘
2004,11:12:36,6.2,47712,77,买盘
2005,11:12:39,6.2,102920,166,买盘
2006,11:12:42,6.2,6200,10,买盘
2007,11:12:51,6.19,8679,14,卖盘
2008,11:12:54,6.2,1860,3,买盘
2009,11:12:57,6.19,79253,128,卖盘
2010,11:13:00,6.2,28519,46,买盘
2011,11:13:03,6.2,73770,119,买盘
2012,11:13:06,6.19,54522,88,卖盘
2013,11:13:09,6.2,9920,16,买盘
2014,11:13:12,6.19,3095,5,卖盘
2015,11:13:15,6.19,109090,176,卖盘
2016,11:13:18,6.2,33474,54,买盘
2017,11:13:21,6.19,395541,639,卖盘
2018,11:13:24,6.2,46427,75,买盘
2019,11:13:27,6.19,18570,30,卖盘
2020,11:13:30,6.19,104702,169,卖盘
2021,11:13:33,6.2,620,1,买盘
2022,11:13:39,6.2,4956,8,买盘
2023,11:13:42,6.2,35340,57,买盘
2024,11:13:45,6.19,14255,23,卖盘
2025,11:13:51,6.2,8059,13,买盘
2026,11:13:54,6.2,12400,20,买盘
2027,11:13:57,6.19,619,1,卖盘
2028,11:14:00,6.2,29130,47,买盘
2029,11:14:03,6.2,52077,84,买盘
2030,11:14:06,6.2,6819,11,买盘
2031,11:14:09,6.2,52638,85,买盘
2032,11:14:12,6.2,107185,173,买盘
2033,11:14:15,6.2,142529,230,买盘
2034,11:14:18,6.2,164240,265,买盘
2035,11:14:21,6.2,23560,38,买盘
2036,11:14:24,6.2,111534,180,买盘
2037,11:14:27,6.2,29760,48,买盘
2038,11:14:30,6.19,367077,593,卖盘
2039,11:14:33,6.2,102300,165,买盘
2040,11:14:36,6.2,37177,60,买盘
2041,11:14:39,6.19,72431,117,卖盘
2042,11:14:42,6.2,61996,100,买盘
2043,11:14:45,6.19,12380,20,卖盘
2044,11:14:48,6.19,1238,2,卖盘
2045,11:14:54,6.2,17980,29,买盘
2046,11:15:00,6.2,52668,85,买盘
2047,11:15:03,6.2,13020,21,买盘
2048,11:15:06,6.19,48326,78,卖盘
2049,11:15:09,6.2,88009,142,买盘
2050,11:15:12,6.2,66328,107,买盘
2051,11:15:15,6.19,38998,63,卖盘
2052,11:15:18,6.2,117180,189,买盘
2053,11:15:21,6.2,1240,2,买盘
2054,11:15:24,6.19,23531,38,卖盘
2055,11:15:27,6.2,49600,80,买盘
2056,11:15:30,6.19,25379,41,卖盘
2057,11:15:36,6.19,35283,57,卖盘
2058,11:15:39,6.2,3099,5,买盘
2059,11:15:42,6.2,98580,159,买盘
2060,11:15:45,6.19,14861,24,卖盘
2061,11:15:48,6.19,63759,103,卖盘
2062,11:15:51,6.2,3100,5,买盘
2063,11:15:54,6.19,76756,124,卖盘
2064,11:15:57,6.19,40235,65,卖盘
2065,11:16:00,6.19,2476,4,卖盘
2066,11:16:03,6.19,89767,145,卖盘
2067,11:16:06,6.2,61905,100,买盘
2068,11:16:09,6.19,8047,13,卖盘
2069,11:16:12,6.19,27236,44,卖盘
2070,11:16:15,6.2,56420,91,买盘
2071,11:16:18,6.19,138856,224,卖盘
2072,11:16:21,6.2,8671,14,买盘
2073,11:16:24,6.2,7439,12,买盘
2074,11:16:33,6.19,3714,6,卖盘
2075,11:16:36,6.19,4333,7,卖盘
2076,11:16:39,6.2,14880,24,买盘
2077,11:16:42,6.2,62620,101,买盘
2078,11:16:51,6.19,25379,41,卖盘
2079,11:16:54,6.2,27900,45,买盘
2080,11:16:57,6.19,6190,10,卖盘
2081,11:17:00,6.19,21046,34,卖盘
2082,11:17:03,6.19,92890,150,卖盘
2083,11:17:06,6.19,27236,44,卖盘
2084,11:17:09,6.2,104772,169,买盘
2085,11:17:12,6.19,69430,112,卖盘
2086,11:17:15,6.19,22284,36,卖盘
2087,11:17:18,6.19,130804,211,卖盘
2088,11:17:24,6.19,11761,19,卖盘
2089,11:17:27,6.2,620,1,买盘
2090,11:17:30,6.2,23560,38,买盘
2091,11:17:33,6.2,44640,72,买盘
2092,11:17:36,6.2,59458,96,买盘
2093,11:17:39,6.19,71203,115,卖盘
2094,11:17:42,6.2,62000,100,买盘
2095,11:17:45,6.2,26641,43,买盘
2096,11:17:48,6.19,6810,11,卖盘
2097,11:17:51,6.2,20439,33,买盘
2098,11:17:54,6.2,74306,120,买盘
2099,11:18:00,6.2,65645,106,买盘
2100,11:18:03,6.2,1240,2,买盘
2101,11:18:06,6.2,2480,4,买盘
2102,11:18:09,6.19,51999,84,卖盘
2103,11:18:12,6.2,79980,129,买盘
2104,11:18:15,6.2,117180,189,买盘
2105,11:18:18,6.2,22285,36,买盘
2106,11:18:21,6.19,25379,41,卖盘
2107,11:18:24,6.2,16721,27,买盘
2108,11:18:27,6.19,18577,30,卖盘
2109,11:18:30,6.2,8060,13,买盘
2110,11:18:33,6.2,46469,75,买盘
2111,11:18:36,6.2,140120,226,买盘
2112,11:18:39,6.2,27900,45,买盘
2113,11:18:42,6.2,68182,110,买盘
2114,11:18:45,6.2,14880,24,买盘
2115,11:18:48,6.2,620,1,买盘
2116,11:18:51,6.2,620,1,买盘
2117,11:18:54,6.2,791740,1277,买盘
2118,11:18:57,6.2,34720,56,买盘
2119,11:19:00,6.2,2480,4,买盘
2120,11:19:03,6.2,19220,31,买盘
2121,11:19:06,6.2,56420,91,买盘
2122,11:19:09,6.2,9300,15,买盘
2123,11:19:12,6.2,68820,111,买盘
2124,11:19:15,6.19,22285,36,卖盘
2125,11:19:18,6.2,126480,204,买盘
2126,11:19:21,6.2,6820,11,买盘
2127,11:19:24,6.2,47740,77,买盘
2128,11:19:30,6.19,6817,11,卖盘
2129,11:19:33,6.2,326687,527,买盘
2130,11:19:36,6.2,13621,22,买盘
2131,11:19:39,6.2,12400,20,买盘
2132,11:19:42,6.2,60754,98,买盘
2133,11:19:45,6.2,63240,102,买盘
2134,11:19:48,6.2,117795,190,买盘
2135,11:19:51,6.2,61982,100,买盘
2136,11:19:54,6.19,17957,29,卖盘
2137,11:19:57,6.19,3714,6,卖盘
2138,11:20:00,6.2,3100,5,买盘
2139,11:20:03,6.2,113386,183,买盘
2140,11:20:06,6.2,4340,7,买盘
2141,11:20:12,6.19,61954,100,卖盘
2142,11:20:15,6.19,138209,223,卖盘
2143,11:20:18,6.19,164844,266,卖盘
2144,11:20:21,6.19,21665,35,卖盘
2145,11:20:24,6.19,1857,3,卖盘
2146,11:20:27,6.19,2137407,3453,卖盘
2147,11:20:30,6.19,51398,83,卖盘
2148,11:20:33,6.19,130617,211,卖盘
2149,11:20:36,6.19,294649,476,卖盘
2150,11:20:39,6.19,399231,644,卖盘
2151,11:20:42,6.19,75611,122,卖盘
2152,11:20:45,6.19,55091,89,卖盘
2153,11:20:48,6.2,28493,46,买盘
2154,11:20:51,6.19,39616,64,卖盘
2155,11:20:57,6.2,149266,241,买盘
2156,11:21:00,6.19,78025,126,卖盘
2157,11:21:03,6.19,89755,145,卖盘
2158,11:21:06,6.19,55721,90,卖盘
2159,11:21:09,6.19,16094,26,卖盘
2160,11:21:12,6.19,65087,105,卖盘
2161,11:21:15,6.19,43949,71,卖盘
2162,11:21:18,6.19,87280,141,卖盘
2163,11:21:24,6.2,770040,1244,买盘
2164,11:21:27,6.19,16094,26,卖盘
2165,11:21:30,6.2,53255,86,买盘
2166,11:21:33,6.2,8675,14,买盘
2167,11:21:36,6.19,4957,8,卖盘
2168,11:21:39,6.2,6200,10,买盘
2169,11:21:42,6.19,79942,129,卖盘
2170,11:21:45,6.19,12380,20,卖盘
2171,11:21:48,6.19,17332,28,卖盘
2172,11:21:51,6.19,28474,46,卖盘
2173,11:21:54,6.19,6190,10,卖盘
2174,11:21:57,6.19,22284,36,卖盘
2175,11:22:00,6.2,120894,195,买盘
2176,11:22:03,6.2,45811,74,买盘
2177,11:22:06,6.2,176460,285,买盘
2178,11:22:09,6.19,33426,54,卖盘
2179,11:22:12,6.19,124539,201,卖盘
2180,11:22:15,6.19,180129,291,卖盘
2181,11:22:18,6.19,66233,107,卖盘
2182,11:22:21,6.19,225348,364,卖盘
2183,11:22:24,6.19,52615,85,卖盘
2184,11:22:27,6.19,64376,104,卖盘
2185,11:22:30,6.2,4337,7,买盘
2186,11:22:33,6.19,22903,37,卖盘
2187,11:22:36,6.19,10117561,16345,卖盘
2188,11:22:39,6.19,18592815,30037,卖盘
2189,11:22:42,6.18,661899,1071,卖盘
2190,11:22:45,6.18,1325989,2145,卖盘
2191,11:22:48,6.18,1039477,1682,卖盘
2192,11:22:51,6.18,228838,370,卖盘
2193,11:22:54,6.19,52532,85,买盘
2194,11:22:57,6.18,147084,238,卖盘
2195,11:23:00,6.19,17323,28,买盘
2196,11:23:03,6.18,17320,28,卖盘
2197,11:23:06,6.18,11759,19,卖盘
2198,11:23:09,6.18,83430,135,卖盘
2199,11:23:12,6.19,6803,11,买盘
2200,11:23:15,6.18,30900,50,卖盘
2201,11:23:18,6.19,74899,121,买盘
2202,11:23:21,6.19,48275,78,买盘
2203,11:23:24,6.19,39595,64,买盘
2204,11:23:27,6.19,45146,73,买盘
2205,11:23:30,6.19,81625,132,买盘
2206,11:23:33,6.19,11139,18,买盘
2207,11:23:36,6.19,64944,105,买盘
2208,11:23:39,6.18,72385,117,卖盘
2209,11:23:42,6.19,27203,44,买盘
2210,11:23:45,6.19,61234,99,买盘
2211,11:23:48,6.18,198615,321,卖盘
2212,11:23:51,6.19,3945506,6374,买盘
2213,11:23:54,6.19,1441385,2325,卖盘
2214,11:23:57,6.19,218507,353,卖盘
2215,11:24:00,6.19,155988,252,卖盘
2216,11:24:03,6.2,163660,264,买盘
2217,11:24:06,6.19,30950,50,卖盘
2218,11:24:09,6.19,127514,206,卖盘
2219,11:24:12,6.2,197611,319,买盘
2220,11:24:15,6.19,73061,118,卖盘
2221,11:24:18,6.19,105870,171,卖盘
2222,11:24:21,6.2,163680,264,买盘
2223,11:24:24,6.2,11779,19,买盘
2224,11:24:27,6.19,22284,36,卖盘
2225,11:24:30,6.19,4952,8,卖盘
2226,11:24:33,6.2,35339,57,买盘
2227,11:24:36,6.2,39627,64,买盘
2228,11:24:39,6.19,113294,183,卖盘
2229,11:24:42,6.2,244011,394,买盘
2230,11:24:45,6.2,26002,42,买盘
2231,11:24:48,6.2,109061,176,买盘
2232,11:24:51,6.2,61904,100,买盘
2233,11:24:54,6.2,137640,222,买盘
2234,11:24:57,6.2,85549,138,买盘
2235,11:25:00,6.19,43330,70,卖盘
2236,11:25:03,6.19,21050,34,卖盘
2237,11:25:06,6.19,44568,72,卖盘
2238,11:25:09,6.19,47106,76,卖盘
2239,11:25:12,6.19,8047,13,卖盘
2240,11:25:15,6.19,181559,293,卖盘
2241,11:25:18,6.2,239089,386,买盘
2242,11:25:21,6.19,365210,590,卖盘
2243,11:25:24,6.19,355828,574,卖盘
2244,11:25:27,6.19,24175,39,卖盘
2245,11:25:30,6.2,77500,125,买盘
2246,11:25:33,6.19,7428,12,卖盘
2247,11:25:36,6.19,2476,4,卖盘
2248,11:25:39,6.2,1859,3,买盘
2249,11:25:42,6.19,28474,46,卖盘
2250,11:25:45,6.19,174098,281,卖盘
2251,11:25:48,6.2,208120,336,买盘
2252,11:25:51,6.2,620,1,买盘
2253,11:25:54,6.2,87970,142,买盘
2254,11:25:57,6.2,6813,11,买盘
2255,11:26:00,6.19,105264,170,卖盘
2256,11:26:03,6.2,85505,138,买盘
2257,11:26:06,6.19,284741,460,卖盘
2258,11:26:09,6.2,140079,226,买盘
2259,11:26:12,6.19,191305,309,卖盘
2260,11:26:15,6.19,123347,199,卖盘
2261,11:26:18,6.19,81708,132,卖盘
2262,11:26:21,6.2,112126,181,买盘
2263,11:26:24,6.2,136928,221,买盘
2264,11:26:27,6.19,25379,41,卖盘
2265,11:26:30,6.2,76182,123,买盘
2266,11:26:33,6.19,40298,65,卖盘
2267,11:26:36,6.2,141839,229,买盘
2268,11:26:39,6.2,52700,85,买盘
2269,11:26:42,6.19,285982,462,卖盘
2270,11:26:45,6.2,202687,327,买盘
2271,11:26:48,6.19,147941,239,卖盘
2272,11:26:51,6.2,149941,242,买盘
2273,11:26:54,6.19,77354,125,卖盘
2274,11:26:57,6.2,208820,337,买盘
2275,11:27:00,6.2,10540,17,买盘
2276,11:27:03,6.2,348530,563,买盘
2277,11:27:06,6.19,271404,438,卖盘
2278,11:27:12,6.2,52700,85,买盘
2279,11:27:15,6.2,2480,4,买盘
2280,11:27:18,6.2,92882,150,买盘
2281,11:27:21,6.19,64376,104,卖盘
2282,11:27:24,6.2,84320,136,买盘
2283,11:27:27,6.19,14857,24,卖盘
2284,11:27:30,6.2,25420,41,买盘
2285,11:27:33,6.19,2476,4,卖盘
2286,11:27:36,6.19,26029,42,卖盘
2287,11:27:39,6.2,11147,18,买盘
2288,11:27:42,6.19,73131,118,卖盘
2289,11:27:45,6.19,19189,31,卖盘
2290,11:27:48,6.19,319598,516,卖盘
2291,11:27:51,6.2,178481,288,买盘
2292,11:27:54,6.19,31575,51,卖盘
2293,11:27:57,6.19,619,1,卖盘
2294,11:28:00,6.19,41509,67,卖盘
2295,11:28:03,6.2,84915,137,买盘
2296,11:28:06,6.19,105236,170,卖盘
2297,11:28:09,6.19,11142,18,卖盘
2298,11:28:12,6.2,228496,369,买盘
2299,11:28:15,6.2,48360,78,买盘
2300,11:28:18,6.19,103502,167,卖盘
2301,11:28:21,6.19,69422,112,卖盘
2302,11:28:24,6.2,106535,172,买盘
2303,11:28:27,6.2,47740,77,买盘
2304,11:28:30,6.2,117698,190,买盘
2305,11:28:33,6.2,38388,62,买盘
2306,11:28:36,6.2,101584,164,买盘
2307,11:28:39,6.19,95980,155,卖盘
2308,11:28:42,6.19,172181,278,卖盘
2309,11:28:45,6.19,3714,6,卖盘
2310,11:28:48,6.2,131294,212,买盘
2311,11:28:51,6.2,14862,24,买盘
2312,11:28:54,6.19,64380,104,卖盘
2313,11:28:57,6.19,191980,310,卖盘
2314,11:29:00,6.2,105244,170,买盘
2315,11:29:03,6.19,132054,213,卖盘
2316,11:29:06,6.19,73624,119,卖盘
2317,11:29:09,6.2,40920,66,买盘
2318,11:29:12,6.19,40278,65,卖盘
2319,11:29:15,6.19,55116,89,卖盘
2320,11:29:18,6.19,371778,600,卖盘
2321,11:29:21,6.19,391458,632,卖盘
2322,11:29:24,6.2,13640,22,买盘
2323,11:29:27,6.2,229192,370,买盘
2324,11:29:30,6.2,198868,321,买盘
2325,11:29:33,6.2,328364,530,买盘
2326,11:29:36,6.2,121520,196,买盘
2327,11:29:39,6.19,656845,1061,卖盘
2328,11:29:42,6.19,428352,691,卖盘
2329,11:29:45,6.19,148565,240,卖盘
2330,11:29:48,6.2,113413,183,买盘
2331,11:29:54,6.19,16099,26,卖盘
2332,11:29:57,6.19,67527,109,卖盘
2333,11:30:00,6.2,40300,65,买盘
2334,13:00:00,6.2,20460,33,买盘
2335,13:00:03,6.2,1863855,3010,买盘
2336,13:00:06,6.2,881787,1423,买盘
2337,13:00:09,6.19,2457073,3967,卖盘
2338,13:00:12,6.19,1843686,2976,卖盘
2339,13:00:15,6.19,892598,1442,卖盘
2340,13:00:18,6.2,337978,546,买盘
2341,13:00:21,6.2,1319321,2129,买盘
2342,13:00:24,6.2,172083,278,买盘
2343,13:00:27,6.2,487666,787,买盘
2344,13:00:30,6.19,238316,385,卖盘
2345,13:00:33,6.19,500406,808,卖盘
2346,13:00:36,6.19,125038,202,卖盘
2347,13:00:39,6.2,302700,489,买盘
2348,13:00:42,6.2,332094,536,买盘
2349,13:00:45,6.19,141132,228,卖盘
2350,13:00:48,6.2,76253,123,买盘
2351,13:00:51,6.19,126896,205,卖盘
2352,13:00:54,6.2,56400,91,买盘
2353,13:00:57,6.2,250850,405,买盘
2354,13:01:00,6.2,87420,141,买盘
2355,13:01:03,6.2,48350,78,买盘
2356,13:01:06,6.19,6190,10,卖盘
2357,13:01:09,6.19,97183,157,卖盘
2358,13:01:12,6.2,66319,107,买盘
2359,13:01:15,6.19,79859,129,卖盘
2360,13:01:18,6.2,2480,4,买盘
2361,13:01:21,6.2,86712,140,买盘
2362,13:01:24,6.19,239230,386,卖盘
2363,13:01:27,6.19,74350,120,卖盘
2364,13:01:30,6.2,187152,302,买盘
2365,13:01:33,6.2,16120,26,买盘
2366,13:01:36,6.2,56332,91,买盘
2367,13:01:39,6.2,13983988,22555,买盘
2368,13:01:42,6.2,1468144,2368,买盘
2369,13:01:45,6.21,565680,911,买盘
2370,13:01:48,6.21,57753,93,买盘
2371,13:01:51,6.21,26070,42,买盘
2372,13:01:54,6.21,220393,355,买盘
2373,13:01:57,6.21,2484,4,买盘
2374,13:02:00,6.2,168851,272,卖盘
2375,13:02:03,6.2,26662,43,卖盘
2376,13:02:06,6.21,152086,245,买盘
2377,13:02:09,6.21,127305,205,买盘
2378,13:02:12,6.2,145093,234,卖盘
2379,13:02:15,6.2,278149,448,卖盘
2380,13:02:18,6.21,1242,2,买盘
2381,13:02:21,6.2,144009,232,卖盘
2382,13:02:24,6.2,37250,60,卖盘
2383,13:02:27,6.21,178755,288,买盘
2384,13:02:30,6.2,220396,355,卖盘
2385,13:02:33,6.21,17988,29,买盘
2386,13:02:36,6.21,295522,476,买盘
2387,13:02:39,6.21,31015,50,买盘
2388,13:02:42,6.21,184995,298,买盘
2389,13:02:45,6.2,124020,200,卖盘
2390,13:02:48,6.2,173838,280,卖盘
2391,13:02:51,6.21,39684,64,买盘
2392,13:02:54,6.21,101843,164,买盘
2393,13:02:57,6.2,38440,62,卖盘
2394,13:03:00,6.2,135332,218,卖盘
2395,13:03:03,6.21,1863,3,买盘
2396,13:03:06,6.21,148994,240,买盘
2397,13:03:09,6.2,71414,115,卖盘
2398,13:03:12,6.21,156445,252,买盘
2399,13:03:15,6.2,48996,79,卖盘
2400,13:03:18,6.2,60205,97,卖盘
2401,13:03:21,6.2,265650,428,卖盘
2402,13:03:24,6.2,31001,50,卖盘
2403,13:03:27,6.21,150282,242,买盘
2404,13:03:30,6.21,249536,402,买盘
2405,13:03:33,6.21,219766,354,买盘
2406,13:03:36,6.21,3721,6,买盘
2407,13:03:39,6.2,45277,73,卖盘
2408,13:03:42,6.21,180049,290,买盘
2409,13:03:45,6.21,31625,51,买盘
2410,13:03:48,6.21,160216,258,买盘
2411,13:03:51,6.2,28520,46,卖盘
2412,13:03:54,6.21,145268,234,买盘
2413,13:03:57,6.21,29187,47,买盘
2414,13:04:00,6.2,156410,252,卖盘
2415,13:04:03,6.2,31655,51,卖盘
2416,13:04:06,6.21,15311942,24657,买盘
2417,13:04:09,6.21,3520741,5671,买盘
2418,13:04:12,6.21,1518544,2442,卖盘
2419,13:04:15,6.21,58999,95,卖盘
2420,13:04:18,6.22,276763,445,买盘
2421,13:04:21,6.21,128549,207,卖盘
2422,13:04:24,6.21,273052,439,卖盘
2423,13:04:27,6.21,59616,96,卖盘
2424,13:04:30,6.21,300994,484,卖盘
2425,13:04:33,6.22,10565,17,买盘
2426,13:04:36,6.22,240669,387,买盘
2427,13:04:39,6.21,1863,3,卖盘
2428,13:04:42,6.21,47196,76,卖盘
2429,13:04:45,6.21,348220,560,卖盘
2430,13:04:48,6.21,259792,418,卖盘
2431,13:04:51,6.21,375626,604,卖盘
2432,13:04:54,6.21,6210,10,卖盘
2433,13:04:57,6.22,238183,383,买盘
2434,13:05:00,6.21,134934,217,卖盘
2435,13:05:03,6.21,57132,92,卖盘
2436,13:05:06,6.21,458837,738,卖盘
2437,13:05:09,6.21,240952,388,卖盘
2438,13:05:12,6.22,405452,652,买盘
2439,13:05:15,6.22,741554,1194,买盘
2440,13:05:18,6.22,459658,739,买盘
2441,13:05:21,6.22,727396,1171,买盘
2442,13:05:24,6.21,29192,47,卖盘
2443,13:05:27,6.22,657223,1057,买盘
2444,13:05:30,6.21,42253,68,卖盘
2445,13:05:33,6.21,492925,793,卖盘
2446,13:05:36,6.21,62763,101,卖盘
2447,13:05:39,6.22,472414,760,买盘
2448,13:05:42,6.22,99986,161,买盘
2449,13:05:45,6.22,296684,477,买盘
2450,13:05:48,6.21,13553946,21826,卖盘
2451,13:05:51,6.21,448943,723,买盘
2452,13:05:54,6.21,532811,858,买盘
2453,13:05:57,6.21,211720,341,买盘
2454,13:06:00,6.21,427205,688,买盘
2455,13:06:03,6.2,3100,5,卖盘
2456,13:06:06,6.21,347083,559,买盘
2457,13:06:09,6.2,73182,118,卖盘
2458,13:06:15,6.2,346453,558,卖盘
2459,13:06:18,6.21,64584,104,买盘
2460,13:06:21,6.21,554494,893,买盘
2461,13:06:24,6.21,2886758,4656,买盘
2462,13:06:27,6.21,308012,496,买盘
2463,13:06:30,6.2,14276757,23027,卖盘
2464,13:06:33,6.19,395503,638,卖盘
2465,13:06:36,6.2,1006065,1625,买盘
2466,13:06:39,6.2,1170050,1888,买盘
2467,13:06:42,6.2,41508,67,买盘
2468,13:06:45,6.2,465000,750,买盘
2469,13:06:48,6.2,58210,94,买盘
2470,13:06:51,6.2,1910220,3081,买盘
2471,13:06:54,6.2,193440,312,买盘
2472,13:06:57,6.2,111518,180,买盘
2473,13:07:00,6.2,637362,1028,买盘
2474,13:07:03,6.2,130826,211,卖盘
2475,13:07:06,6.21,224752,362,买盘
2476,13:07:09,6.21,4968,8,买盘
2477,13:07:12,6.21,509835,821,买盘
2478,13:07:15,6.2,52084,84,卖盘
2479,13:07:18,6.21,262676,423,买盘
2480,13:07:21,6.21,32245,52,买盘
2481,13:07:24,6.21,389988,628,买盘
2482,13:07:27,6.21,32245,52,买盘
2483,13:07:30,6.21,237700,383,买盘
2484,13:07:33,6.21,8068,13,买盘
2485,13:07:36,6.21,472536,761,买盘
2486,13:07:39,6.21,3105,5,买盘
2487,13:07:42,6.21,426527,687,买盘
2488,13:07:45,6.2,34109,55,卖盘
2489,13:07:48,6.21,266985,430,买盘
2490,13:07:51,6.21,245871,396,买盘
2491,13:07:54,6.21,11787,19,买盘
2492,13:07:57,6.21,289341,466,买盘
2493,13:08:00,6.2,40319,65,卖盘
2494,13:08:03,6.21,186298,300,买盘
2495,13:08:06,6.21,32876,53,买盘
2496,13:08:09,6.21,561350,904,买盘
2497,13:08:12,6.2,112984,182,卖盘
2498,13:08:15,6.21,162081,261,买盘
2499,13:08:18,6.21,361990,583,买盘
2500,13:08:21,6.21,5589,9,买盘
2501,13:08:24,6.21,26045,42,买盘
2502,13:08:27,6.21,503003,810,买盘
2503,13:08:30,6.21,76885,124,买盘
2504,13:08:33,6.21,488014,786,买盘
2505,13:08:36,6.21,38501,62,买盘
2506,13:08:39,6.21,395537,637,买盘
2507,13:08:42,6.21,19850,32,买盘
2508,13:08:45,6.21,39073,63,买盘
2509,13:08:48,6.21,563050,907,买盘
2510,13:08:51,6.21,3105,5,买盘
2511,13:08:54,6.21,978387,1577,买盘
2512,13:08:57,6.2,122278,197,卖盘
2513,13:09:00,6.21,547722,882,买盘
2514,13:09:03,6.2,24194,39,卖盘
2515,13:09:06,6.2,39685,64,卖盘
2516,13:09:09,6.21,480654,774,买盘
2517,13:09:12,6.21,37214,60,买盘
2518,13:09:15,6.21,257056,414,买盘
2519,13:09:18,6.21,5589,9,买盘
2520,13:09:21,6.21,29145,47,买盘
2521,13:09:24,6.21,322259,519,买盘
2522,13:09:27,6.21,57752,93,买盘
2523,13:09:30,6.21,353281,569,买盘
2524,13:09:33,6.21,53988,87,买盘
2525,13:09:36,6.21,265157,427,买盘
2526,13:09:39,6.21,81311,131,买盘
2527,13:09:42,6.21,50847,82,买盘
2528,13:09:45,6.21,329751,531,买盘
2529,13:09:48,6.21,55852,90,买盘
2530,13:09:51,6.21,385492,621,买盘
2531,13:09:54,6.21,40966,66,买盘
2532,13:09:57,6.2,313562,505,卖盘
2533,13:10:00,6.21,44686,72,买盘
2534,13:10:03,6.21,60196,97,买盘
2535,13:10:06,6.21,401096,646,买盘
2536,13:10:09,6.2,101685,164,卖盘
2537,13:10:12,6.21,438827,707,买盘
2538,13:10:15,6.21,70115,113,买盘
2539,13:10:18,6.21,276966,446,买盘
2540,13:10:21,6.21,69445,112,买盘
2541,13:10:24,6.2,349565,563,卖盘
2542,13:10:27,6.21,566873,913,买盘
2543,13:10:30,6.21,178749,288,买盘
2544,13:10:33,6.2,401138,646,卖盘
2545,13:10:36,6.21,64532,104,买盘
2546,13:10:39,6.21,296162,477,买盘
2547,13:10:42,6.21,125936,203,买盘
2548,13:10:45,6.21,648945,1045,买盘
2549,13:10:48,6.21,548343,883,买盘
2550,13:10:51,6.21,20486,33,买盘
2551,13:10:54,6.2,628985,1013,卖盘
2552,13:10:57,6.21,104179,168,买盘
2553,13:11:00,6.21,367579,592,买盘
2554,13:11:03,6.21,66427,107,买盘
2555,13:11:06,6.21,80694,130,买盘
2556,13:11:09,6.2,273189,440,卖盘
2557,13:11:12,6.2,492415,793,卖盘
2558,13:11:15,6.21,635863,1024,买盘
2559,13:11:18,6.2,1287915,2074,卖盘
2560,13:11:21,6.22,188787,304,买盘
2561,13:11:24,6.22,104337,168,买盘
2562,13:11:27,6.22,241817,389,买盘
2563,13:11:30,6.22,27950,45,买盘
2564,13:11:33,6.22,177779,286,买盘
2565,13:11:36,6.22,34781,56,买盘
2566,13:11:39,6.22,31713,51,买盘
2567,13:11:42,6.21,2091548,3368,卖盘
2568,13:11:45,6.21,339425,546,卖盘
2569,13:11:48,6.21,1398900,2253,买盘
2570,13:11:51,6.22,529095,852,买盘
2571,13:11:54,6.22,1255121,2019,买盘
2572,13:11:57,6.21,6215,10,卖盘
2573,13:12:00,6.22,1262038,2029,买盘
2574,13:12:03,6.22,93261,150,买盘
2575,13:12:06,6.22,32919,53,买盘
2576,13:12:09,6.21,496152,798,卖盘
2577,13:12:12,6.22,2488,4,买盘
2578,13:12:15,6.21,77079,124,卖盘
2579,13:12:18,6.22,492624,792,买盘
2580,13:12:21,6.21,244373,393,卖盘
2581,13:12:24,6.21,71424,115,卖盘
2582,13:12:27,6.22,105084,169,买盘
2583,13:12:30,6.22,44717,72,买盘
2584,13:12:33,6.22,39808,64,买盘
2585,13:12:36,6.22,39133,63,买盘
2586,13:12:39,6.21,31054,50,卖盘
2587,13:12:42,6.22,15530,25,买盘
2588,13:12:45,6.22,470141,756,买盘
2589,13:12:48,6.22,60269,97,买盘
2590,13:12:51,6.22,197751,318,买盘
2591,13:12:54,6.22,31676,51,买盘
2592,13:12:57,6.22,3109,5,买盘
2593,13:13:00,6.22,36031,58,买盘
2594,13:13:03,6.22,6220,10,买盘
2595,13:13:06,6.22,6220,10,买盘
2596,13:13:09,6.22,85150,137,买盘
2597,13:13:12,6.22,370090,595,买盘
2598,13:13:15,6.22,184042,296,买盘
2599,13:13:18,6.22,82657,133,买盘
2600,13:13:21,6.22,76467,123,买盘
2601,13:13:24,6.22,39748,64,买盘
2602,13:13:27,6.22,3110,5,买盘
2603,13:13:30,6.22,95102,153,买盘
2604,13:13:33,6.21,43480,70,卖盘
2605,13:13:36,6.22,41052,66,买盘
2606,13:13:39,6.22,82628,133,买盘
2607,13:13:42,6.22,6220,10,买盘
2608,13:13:45,6.22,76437,123,买盘
2609,13:13:48,6.22,108680,175,买盘
2610,13:13:51,6.22,67176,108,买盘
2611,13:13:54,6.22,430982,693,买盘
2612,13:13:57,6.22,157976,254,买盘
2613,13:14:00,6.22,42233,68,买盘
2614,13:14:03,6.22,52790,85,买盘
2615,13:14:06,6.22,106934,172,买盘
2616,13:14:09,6.22,39127,63,买盘
2617,13:14:12,6.22,39808,64,买盘
2618,13:14:15,6.22,94400,152,买盘
2619,13:14:18,6.21,78923,127,卖盘
2620,13:14:21,6.22,6220,10,买盘
2621,13:14:24,6.22,42233,68,买盘
2622,13:14:27,6.22,33588,54,买盘
2623,13:14:30,6.22,45959,74,买盘
2624,13:14:33,6.22,54658,88,买盘
2625,13:14:36,6.22,429802,691,买盘
2626,13:14:39,6.22,41612,67,买盘
2627,13:14:42,6.22,59641,96,买盘
2628,13:14:45,6.22,213283,343,买盘
2629,13:14:48,6.22,91434,147,买盘
2630,13:14:51,6.22,88265,142,买盘
2631,13:14:54,6.22,70227,113,买盘
2632,13:14:57,6.22,42918,69,买盘
2633,13:15:00,6.22,42856,69,买盘
2634,13:15:03,6.21,51547,83,卖盘
2635,13:15:06,6.22,31100,50,买盘
2636,13:15:09,6.22,85157,137,买盘
2637,13:15:12,6.22,32923,53,买盘
2638,13:15:15,6.22,416072,669,买盘
2639,13:15:18,6.22,192820,310,买盘
2640,13:15:21,6.22,42854,69,买盘
2641,13:15:24,6.21,90051,145,卖盘
2642,13:15:27,6.22,93916,151,买盘
2643,13:15:30,6.21,70798,114,卖盘
2644,13:15:33,6.22,70186,113,买盘
2645,13:15:36,6.22,98221,158,买盘
2646,13:15:39,6.21,52205,84,卖盘
2647,13:15:42,6.22,14911,24,买盘
2648,13:15:45,6.22,879399,1414,买盘
2649,13:15:48,6.22,33574,54,买盘
2650,13:15:51,6.22,38507,62,买盘
2651,13:15:54,6.22,46582,75,买盘
2652,13:15:57,6.22,180795,291,买盘
2653,13:16:00,6.22,29813,48,买盘
2654,13:16:03,6.22,1858761,2993,买盘
2655,13:16:06,6.22,88809,143,买盘
2656,13:16:09,6.22,963460,1549,买盘
2657,13:16:12,6.22,215159,346,买盘
2658,13:16:15,6.21,156691,252,卖盘
2659,13:16:18,6.22,72091,116,买盘
2660,13:16:21,6.22,665873,1071,买盘
2661,13:16:24,6.22,23607,38,买盘
2662,13:16:27,6.21,376080,605,卖盘
2663,13:16:30,6.22,44727,72,买盘
2664,13:16:33,6.21,97643,157,卖盘
2665,13:16:36,6.21,429072,690,卖盘
2666,13:16:39,6.22,597061,961,买盘
2667,13:16:42,6.21,483760,779,卖盘
2668,13:16:45,6.21,365672,588,卖盘
2669,13:16:48,6.21,33535,54,卖盘
2670,13:16:51,6.22,654837,1053,买盘
2671,13:16:54,6.21,275545,443,卖盘
2672,13:16:57,6.21,97522,157,卖盘
2673,13:17:00,6.21,114993,185,卖盘
2674,13:17:03,6.21,19872,32,卖盘
2675,13:17:06,6.21,143574,231,卖盘
2676,13:17:09,6.21,75188,121,卖盘
2677,13:17:12,6.22,2152557,3465,买盘
2678,13:17:15,6.21,188785,304,卖盘
2679,13:17:18,6.22,804825,1294,买盘
2680,13:17:21,6.22,75838,122,买盘
2681,13:17:24,6.22,377470,607,买盘
2682,13:17:27,6.22,69584,112,买盘
2683,13:17:30,6.22,574062,923,买盘
2684,13:17:33,6.22,2488,4,买盘
2685,13:17:36,6.21,85077,137,卖盘
2686,13:17:39,6.21,287933,463,卖盘
2687,13:17:42,6.21,30429,49,卖盘
2688,13:17:45,6.21,105670,170,卖盘
2689,13:17:48,6.21,247820,399,卖盘
2690,13:17:51,6.21,239303,385,卖盘
2691,13:17:54,6.22,32298,52,买盘
2692,13:17:57,6.21,86940,140,卖盘
2693,13:18:00,6.21,266631,429,卖盘
2694,13:18:03,6.21,31671,51,卖盘
2695,13:18:06,6.21,116899,188,卖盘
2696,13:18:09,6.22,622,1,买盘
2697,13:18:12,6.21,131727,212,卖盘
2698,13:18:15,6.21,59632,96,卖盘
2699,13:18:18,6.21,329130,530,卖盘
2700,13:18:21,6.21,830623,1337,卖盘
2701,13:18:24,6.22,518619,834,买盘
2702,13:18:27,6.21,539696,868,卖盘
2703,13:18:30,6.22,580810,934,买盘
2704,13:18:33,6.22,315907,508,买盘
2705,13:18:36,6.21,78884,127,卖盘
2706,13:18:39,6.21,652671,1051,买盘
2707,13:18:42,6.21,378189,609,买盘
2708,13:18:45,6.21,70173,113,买盘
2709,13:18:48,6.21,104328,168,买盘
2710,13:18:51,6.2,488099,786,卖盘
2711,13:18:54,6.21,314225,506,买盘
2712,13:18:57,6.21,573804,924,买盘
2713,13:19:00,6.2,110397,178,卖盘
2714,13:19:03,6.21,396790,639,买盘
2715,13:19:06,6.21,43430,70,买盘
2716,13:19:09,6.21,167014,269,买盘
2717,13:19:12,6.2,475064,765,卖盘
2718,13:19:15,6.21,230391,371,买盘
2719,13:19:18,6.21,1242,2,买盘
2720,13:19:21,6.2,39062,63,卖盘
2721,13:19:24,6.21,138423,223,买盘
2722,13:19:27,6.2,194760,314,卖盘
2723,13:19:30,6.21,140346,226,买盘
2724,13:19:33,6.2,36583,59,卖盘
2725,13:19:36,6.21,667575,1075,买盘
2726,13:19:39,6.21,1863,3,买盘
2727,13:19:42,6.21,21735,35,买盘
2728,13:19:45,6.21,306153,493,买盘
2729,13:19:48,6.21,232875,375,买盘
2730,13:19:51,6.21,465750,750,买盘
2731,13:19:54,6.22,544217,875,买盘
2732,13:19:57,6.22,522396,840,买盘
2733,13:20:00,6.21,14904,24,卖盘
2734,13:20:03,6.21,1242,2,卖盘
2735,13:20:06,6.21,233800,376,卖盘
2736,13:20:09,6.21,50303,81,卖盘
2737,13:20:12,6.22,47894,77,买盘
2738,13:20:15,6.21,459602,739,卖盘
2739,13:20:18,6.21,309028,497,卖盘
2740,13:20:21,6.21,27325,44,卖盘
2741,13:20:24,6.21,319815,515,卖盘
2742,13:20:27,6.22,199662,321,买盘
2743,13:20:30,6.21,61486,99,卖盘
2744,13:20:33,6.21,521106,838,卖盘
2745,13:20:36,6.22,3731,6,买盘
2746,13:20:39,6.22,289788,466,买盘
2747,13:20:45,6.21,27955,45,卖盘
2748,13:20:48,6.21,60297,97,卖盘
2749,13:20:51,6.22,192673,310,买盘
2750,13:20:54,6.21,62721,101,卖盘
2751,13:20:57,6.22,100764,162,买盘
2752,13:21:00,6.21,22977,37,卖盘
2753,13:21:03,6.22,527262,848,买盘
2754,13:21:06,6.22,304737,490,买盘
2755,13:21:09,6.22,622,1,买盘
2756,13:21:12,6.22,37279,60,买盘
2757,13:21:15,6.21,4797235,7725,卖盘
2758,13:21:18,6.21,1853626,2981,卖盘
2759,13:21:21,6.21,2100995,3378,卖盘
2760,13:21:24,6.22,895568,1440,买盘
2761,13:21:27,6.21,84456,136,卖盘
2762,13:21:30,6.21,206172,332,卖盘
2763,13:21:33,6.22,141194,227,买盘
2764,13:21:36,6.21,113709,183,卖盘
2765,13:21:39,6.22,64688,104,买盘
2766,13:21:42,6.21,107433,173,卖盘
2767,13:21:45,6.22,481332,774,买盘
2768,13:21:48,6.22,8086,13,买盘
2769,13:21:51,6.22,64589,104,买盘
2770,13:21:54,6.22,259256,417,买盘
2771,13:21:57,6.21,149661,241,卖盘
2772,13:22:00,6.21,171574,276,卖盘
2773,13:22:03,6.21,1189267,1915,卖盘
2774,13:22:06,6.21,764451,1231,买盘
2775,13:22:09,6.21,137242,221,卖盘
2776,13:22:12,6.22,231996,373,买盘
2777,13:22:15,6.21,52806,85,卖盘
2778,13:22:18,6.22,207748,334,买盘
2779,13:22:21,6.22,96965,156,买盘
2780,13:22:24,6.21,260821,420,卖盘
2781,13:22:27,6.21,193300,311,卖盘
2782,13:22:30,6.21,35397,57,卖盘
2783,13:22:33,6.21,99364,160,卖盘
2784,13:22:36,6.21,146094,235,卖盘
2785,13:22:39,6.21,84457,136,卖盘
2786,13:22:42,6.21,187626,302,卖盘
2787,13:22:45,6.21,566973,913,卖盘
2788,13:22:48,6.21,800397,1289,买盘
2789,13:22:51,6.21,476307,767,买盘
2790,13:22:54,6.21,364526,587,买盘
2791,13:22:57,6.21,9315,15,买盘
2792,13:23:00,6.21,27316,44,买盘
2793,13:23:03,6.21,21734,35,买盘
2794,13:23:06,6.21,70794,114,买盘
2795,13:23:09,6.21,430281,693,买盘
2796,13:23:12,6.21,86239,139,买盘
2797,13:23:15,6.21,591765,953,买盘
2798,13:23:18,6.2,41605,67,卖盘
2799,13:23:21,6.21,240317,387,买盘
2800,13:23:24,6.21,74520,120,买盘
2801,13:23:27,6.21,113643,183,买盘
2802,13:23:30,6.21,60164,97,买盘
2803,13:23:33,6.21,45954,74,买盘
2804,13:23:36,6.21,469476,756,买盘
2805,13:23:39,6.21,8694,14,买盘
2806,13:23:42,6.21,221624,357,买盘
2807,13:23:45,6.21,41607,67,买盘
2808,13:23:48,6.21,73278,118,买盘
2809,13:23:51,6.21,13662,22,买盘
2810,13:23:54,6.21,294347,474,买盘
2811,13:23:57,6.2,159596,257,卖盘
2812,13:24:00,6.2,47791,77,卖盘
2813,13:24:03,6.21,939027,1513,买盘
2814,13:24:06,6.2,56490,91,卖盘
2815,13:24:09,6.21,351457,566,买盘
2816,13:24:12,6.2,24189,39,卖盘
2817,13:24:15,6.21,239085,385,买盘
2818,13:24:18,6.21,509976,821,卖盘
2819,13:24:21,6.21,31018,50,买盘
2820,13:24:24,6.21,169533,273,买盘
2821,13:24:27,6.21,39121,63,买盘
2822,13:24:30,6.21,48378,78,买盘
2823,13:24:33,6.21,49059,79,买盘
2824,13:24:36,6.21,74489,120,买盘
2825,13:24:39,6.21,80689,130,买盘
2826,13:24:42,6.21,16767,27,买盘
2827,13:24:45,6.21,96841,156,买盘
2828,13:24:48,6.21,83173,134,买盘
2829,13:24:54,6.21,27281,44,买盘
2830,13:24:57,6.21,79447,128,买盘
2831,13:25:00,6.2,139048,224,卖盘
2832,13:25:03,6.21,525987,847,买盘
2833,13:25:06,6.21,208653,336,买盘
2834,13:25:09,6.21,692415,1115,买盘
2835,13:25:12,6.21,234117,377,买盘
2836,13:25:15,6.21,554552,893,买盘
2837,13:25:18,6.21,6831,11,买盘
2838,13:25:21,6.2,192501,310,卖盘
2839,13:25:24,6.21,25461,41,买盘
2840,13:25:27,6.21,93150,150,买盘
2841,13:25:30,6.21,194936,314,买盘
2842,13:25:33,6.2,42813,69,卖盘
2843,13:25:36,6.21,1242,2,买盘
2844,13:25:39,6.21,119175,192,买盘
2845,13:25:42,6.21,520899,839,买盘
2846,13:25:45,6.21,327888,528,买盘
2847,13:25:48,6.21,32250,52,买盘
2848,13:25:51,6.21,56511,91,买盘
2849,13:25:54,6.21,40365,65,买盘
2850,13:25:57,6.2,101680,164,卖盘
2851,13:26:00,6.21,99292,160,买盘
2852,13:26:03,6.2,76972,124,卖盘
2853,13:26:06,6.2,76331,123,卖盘
2854,13:26:09,6.21,401166,646,买盘
2855,13:26:12,6.21,304883,491,买盘
2856,13:26:15,6.21,18630,30,买盘
2857,13:26:18,6.21,4965,8,买盘
2858,13:26:21,6.2,112940,182,卖盘
2859,13:26:24,6.2,27284,44,卖盘
2860,13:26:27,6.21,120422,194,买盘
2861,13:26:30,6.21,70173,113,买盘
2862,13:26:33,6.21,196765,317,买盘
2863,13:26:36,6.21,434079,699,买盘
2864,13:26:39,6.21,204309,329,买盘
2865,13:26:45,6.21,87561,141,买盘
2866,13:26:51,6.2,70735,114,卖盘
2867,13:26:54,6.21,3726,6,买盘
2868,13:26:57,6.21,70173,113,买盘
2869,13:27:00,6.2,59579,96,卖盘
2870,13:27:03,6.21,2484,4,买盘
2871,13:27:06,6.2,43421,70,卖盘
2872,13:27:12,6.21,48998,79,买盘
2873,13:27:15,6.2,97467,157,卖盘
2874,13:27:18,6.2,22320,36,卖盘
2875,13:27:21,6.21,29808,48,买盘
2876,13:27:24,6.2,422866,681,卖盘
2877,13:27:27,6.2,57040,92,卖盘
2878,13:27:30,6.2,1240,2,卖盘
2879,13:27:33,6.2,313340,505,卖盘
2880,13:27:36,6.21,322420,520,买盘
2881,13:27:39,6.21,191221,308,买盘
2882,13:27:42,6.2,78228,126,卖盘
2883,13:27:45,6.21,632532,1019,买盘
2884,13:27:51,6.21,140345,226,买盘
2885,13:27:54,6.21,326025,525,买盘
2886,13:27:57,6.21,18004,29,买盘
2887,13:28:00,6.21,71415,115,买盘
2888,13:28:03,6.21,17388,28,买盘
2889,13:28:06,6.21,392472,632,买盘
2890,13:28:09,6.21,205551,331,买盘
2891,13:28:12,6.21,224089,361,买盘
2892,13:28:15,6.21,200583,323,买盘
2893,13:28:18,6.2,620,1,卖盘
2894,13:28:21,6.2,44657,72,卖盘
2895,13:28:24,6.21,63963,103,买盘
2896,13:28:27,6.2,3725,6,卖盘
2897,13:28:30,6.2,41540,67,卖盘
2898,13:28:33,6.21,49655,80,买盘
2899,13:28:36,6.21,164379,265,买盘
2900,13:28:39,6.21,389968,628,买盘
2901,13:28:42,6.21,178227,287,买盘
2902,13:28:45,6.2,111610,180,卖盘
2903,13:28:48,6.21,24820,40,买盘
2904,13:28:51,6.2,624426,1007,卖盘
2905,13:28:54,6.21,486243,783,买盘
2906,13:28:57,6.21,461883,744,买盘
2907,13:29:00,6.21,4347,7,买盘
2908,13:29:03,6.2,435257,702,卖盘
2909,13:29:06,6.2,71981,116,卖盘
2910,13:29:09,6.21,471333,759,买盘
2911,13:29:12,6.2,746333,1202,卖盘
2912,13:29:15,6.21,97487,157,买盘
2913,13:29:18,6.21,851959,1372,买盘
2914,13:29:21,6.21,152152,245,卖盘
2915,13:29:24,6.21,551301,887,卖盘
2916,13:29:27,6.21,970349,1561,卖盘
2917,13:29:30,6.21,57132,92,卖盘
2918,13:29:33,6.21,529175,851,卖盘
2919,13:29:36,6.21,621,1,卖盘
2920,13:29:39,6.21,248688,400,卖盘
2921,13:29:42,6.21,662957,1066,卖盘
2922,13:29:45,6.21,9315,15,卖盘
2923,13:29:48,6.21,262980,423,卖盘
2924,13:29:51,6.21,4352,7,卖盘
2925,13:29:54,6.21,395529,636,卖盘
2926,13:29:57,6.22,191575,308,买盘
2927,13:30:00,6.21,3105,5,卖盘
2928,13:30:03,6.22,622,1,买盘
2929,13:30:06,6.22,3727,6,买盘
2930,13:30:09,6.21,31671,51,卖盘
2931,13:30:12,6.21,544656,877,卖盘
2932,13:30:15,6.21,289325,466,买盘
2933,13:30:18,6.21,820962,1322,买盘
2934,13:30:21,6.21,172638,278,买盘
2935,13:30:24,6.22,293503,472,买盘
2936,13:30:27,6.21,19872,32,卖盘
2937,13:30:30,6.21,600507,967,卖盘
2938,13:30:33,6.21,414207,667,买盘
2939,13:30:36,6.21,51482,83,买盘
2940,13:30:39,6.21,741474,1194,买盘
2941,13:30:42,6.21,1241,2,买盘
2942,13:30:45,6.21,553311,891,买盘
2943,13:30:48,6.21,31050,50,买盘
2944,13:30:51,6.21,185058,298,买盘
2945,13:30:54,6.21,38502,62,买盘
2946,13:30:57,6.2,44650,72,卖盘
2947,13:31:00,6.2,90625,146,卖盘
2948,13:31:03,6.21,148419,239,买盘
2949,13:31:06,6.21,802329,1292,买盘
2950,13:31:09,6.2,1240,2,卖盘
2951,13:31:12,6.21,250884,404,买盘
2952,13:31:15,6.2,35393,57,卖盘
2953,13:31:18,6.21,17361,28,买盘
2954,13:31:21,6.2,28528,46,卖盘
2955,13:31:24,6.21,29187,47,买盘
2956,13:31:27,6.21,37223,60,买盘
2957,13:31:30,6.2,378160,609,卖盘
2958,13:31:33,6.21,144062,232,买盘
2959,13:31:36,6.21,29808,48,买盘
2960,13:31:39,6.21,37881,61,买盘
2961,13:31:42,6.2,22940,37,卖盘
2962,13:31:45,6.2,53372,86,卖盘
2963,13:31:48,6.21,1242,2,买盘
2964,13:31:51,6.2,171740,277,卖盘
2965,13:31:54,6.21,116087,187,买盘
2966,13:31:57,6.2,48980,79,卖盘
2967,13:32:00,6.21,84997,137,买盘
2968,13:32:03,6.2,283175,456,卖盘
2969,13:32:09,6.2,119230,192,卖盘
2970,13:32:12,6.2,52700,85,卖盘
2971,13:32:15,6.2,505435,814,卖盘
2972,13:32:18,6.21,187542,302,买盘
2973,13:32:21,6.2,43400,70,卖盘
2974,13:32:24,6.21,1863,3,买盘
2975,13:32:27,6.2,56420,91,卖盘
2976,13:32:30,6.2,76314,123,卖盘
2977,13:32:33,6.21,1863,3,买盘
2978,13:32:36,6.2,35960,58,卖盘
2979,13:32:39,6.21,27324,44,买盘
2980,13:32:42,6.2,308798,498,卖盘
2981,13:32:45,6.2,207905,335,卖盘
2982,13:32:48,6.21,381915,615,买盘
2983,13:32:51,6.2,37821,61,卖盘
2984,13:32:54,6.21,189405,305,买盘
2985,13:32:57,6.2,4340,7,卖盘
2986,13:33:00,6.2,62000,100,卖盘
2987,13:33:03,6.2,89369,144,卖盘
2988,13:33:06,6.21,57752,93,买盘
2989,13:33:09,6.2,51461,83,卖盘
2990,13:33:12,6.2,21080,34,卖盘
2991,13:33:15,6.2,42796,69,卖盘
2992,13:33:18,6.21,470075,757,买盘
2993,13:33:21,6.2,553794,892,卖盘
2994,13:33:24,6.2,338430,545,卖盘
2995,13:33:27,6.2,38445,62,卖盘
2996,13:33:30,6.21,88182,142,买盘
2997,13:33:33,6.2,124704,201,卖盘
2998,13:33:36,6.21,407376,656,买盘
2999,13:33:39,6.21,210499,339,买盘
3000,13:33:42,6.2,251737,406,卖盘
3001,13:33:45,6.2,173148,279,卖盘
3002,13:33:48,6.21,44037,71,买盘
3003,13:33:51,6.21,86244,139,买盘
3004,13:33:57,6.2,2044841,3298,卖盘
3005,13:34:00,6.21,743282,1197,买盘
3006,13:34:03,6.21,1464528,2359,买盘
3007,13:34:06,6.21,569441,917,买盘
3008,13:34:09,6.21,488706,787,买盘
3009,13:34:12,6.21,344608,555,买盘
3010,13:34:15,6.2,395570,637,卖盘
3011,13:34:18,6.21,187540,302,买盘
3012,13:34:21,6.21,292452,471,买盘
3013,13:34:24,6.2,12417,20,卖盘
3014,13:34:27,6.2,49600,80,卖盘
3015,13:34:30,6.2,189367,305,卖盘
3016,13:34:33,6.21,10554,17,买盘
3017,13:34:36,6.21,189986,306,买盘
3018,13:34:39,6.21,3721,6,买盘
3019,13:34:42,6.21,432798,697,买盘
3020,13:34:45,6.21,235941,380,买盘
3021,13:34:48,6.21,59616,96,买盘
3022,13:34:51,6.2,58956,95,卖盘
3023,13:34:54,6.21,37260,60,买盘
3024,13:34:57,6.21,53366,86,买盘
3025,13:35:00,6.21,85649,138,买盘
3026,13:35:03,6.2,8684,14,卖盘
3027,13:35:06,6.2,32860,53,卖盘
3028,13:35:09,6.21,226987,366,买盘
3029,13:35:12,6.21,198639,320,买盘
3030,13:35:15,6.2,48980,79,卖盘
3031,13:35:18,6.21,108620,175,买盘
3032,13:35:21,6.2,126630,204,卖盘
3033,13:35:24,6.2,109743,177,卖盘
3034,13:35:27,6.21,104242,168,买盘
3035,13:35:30,6.21,2484,4,买盘
3036,13:35:33,6.2,133304,215,卖盘
3037,13:35:36,6.21,104893,169,买盘
3038,13:35:39,6.21,55890,90,买盘
3039,13:35:42,6.2,33480,54,卖盘
3040,13:35:45,6.2,164462,265,卖盘
3041,13:35:48,6.2,141980,229,卖盘
3042,13:35:51,6.21,140260,226,买盘
3043,13:35:54,6.21,54606,88,买盘
3044,13:35:57,6.21,1135225,1830,买盘
3045,13:36:00,6.2,85687,138,卖盘
3046,13:36:03,6.2,637335,1027,卖盘
3047,13:36:06,6.2,279381,450,卖盘
3048,13:36:09,6.21,2484,4,买盘
3049,13:36:15,6.21,1918416,3094,买盘
3050,13:36:18,6.2,923987,1488,卖盘
3051,13:36:21,6.2,639788,1031,卖盘
3052,13:36:24,6.21,81841,132,买盘
3053,13:36:27,6.21,785473,1265,买盘
3054,13:36:30,6.21,201198,324,买盘
3055,13:36:33,6.21,58288,94,买盘
3056,13:36:36,6.21,379379,611,买盘
3057,13:36:39,6.2,39112,63,卖盘
3058,13:36:42,6.21,543940,876,买盘
3059,13:36:45,6.21,6203,10,买盘
3060,13:36:48,6.21,279997,451,买盘
3061,13:36:54,6.21,55842,90,买盘
3062,13:36:57,6.21,143345,231,买盘
3063,13:37:00,6.2,965345,1557,卖盘
3064,13:37:03,6.2,1498508,2416,卖盘
3065,13:37:06,6.2,1156300,1865,卖盘
3066,13:37:09,6.2,12576124,20282,卖盘
3067,13:37:12,6.19,300348,485,卖盘
3068,13:37:15,6.2,903918,1458,买盘
3069,13:37:18,6.2,296910,479,买盘
3070,13:37:21,6.19,591764,956,卖盘
3071,13:37:24,6.19,605918,978,卖盘
3072,13:37:27,6.19,46438,75,卖盘
3073,13:37:30,6.2,310457,501,买盘
3074,13:37:33,6.2,8060,13,买盘
3075,13:37:36,6.2,501518,809,买盘
3076,13:37:39,6.2,400435,646,买盘
3077,13:37:42,6.2,3100,5,买盘
3078,13:37:45,6.2,1067020,1721,买盘
3079,13:37:48,6.2,53935,87,买盘
3080,13:37:51,6.2,2641624,4261,买盘
3081,13:37:54,6.2,367660,593,买盘
3082,13:37:57,6.2,106640,172,买盘
3083,13:38:00,6.21,1383666,2229,买盘
3084,13:38:03,6.21,424143,683,买盘
3085,13:38:06,6.21,375053,604,买盘
3086,13:38:09,6.2,392435,632,卖盘
3087,13:38:12,6.21,276907,446,买盘
3088,13:38:15,6.2,499220,804,卖盘
3089,13:38:18,6.21,283792,457,买盘
3090,13:38:21,6.2,40925,66,卖盘
3091,13:38:24,6.2,512324,825,卖盘
3092,13:38:27,6.21,91844,148,买盘
3093,13:38:30,6.2,712224,1147,卖盘
3094,13:38:33,6.21,23598,38,买盘
3095,13:38:36,6.21,783010,1261,买盘
3096,13:38:39,6.21,370092,596,买盘
3097,13:38:42,6.2,634287,1022,卖盘
3098,13:38:45,6.2,397382,640,卖盘
3099,13:38:48,6.2,17980,29,卖盘
3100,13:38:51,6.21,407317,656,买盘
3101,13:38:54,6.21,794880,1280,买盘
3102,13:38:57,6.2,983931,1586,卖盘
3103,13:39:00,6.2,406079,654,卖盘
3104,13:39:03,6.2,2857806,4602,卖盘
3105,13:39:06,6.21,2313173,3725,买盘
3106,13:39:09,6.2,122830,198,卖盘
3107,13:39:12,6.21,465129,749,买盘
3108,13:39:18,6.21,882405,1421,买盘
3109,13:39:24,6.21,29808,48,买盘
3110,13:39:27,6.21,519156,836,买盘
3111,13:39:30,6.2,32240,52,卖盘
3112,13:39:33,6.2,190564,307,卖盘
3113,13:39:36,6.21,11796,19,买盘
3114,13:39:39,6.21,401970,648,买盘
3115,13:39:42,6.2,248620,401,卖盘
3116,13:39:45,6.2,32241,52,卖盘
3117,13:39:48,6.21,327258,527,买盘
3118,13:39:51,6.2,32860,53,卖盘
3119,13:39:54,6.2,182495,294,卖盘
3120,13:39:57,6.21,67068,108,买盘
3121,13:40:00,6.2,176309,284,卖盘
3122,13:40:03,6.2,72587,117,卖盘
3123,13:40:06,6.21,61479,99,买盘
3124,13:40:09,6.2,256993,414,卖盘
3125,13:40:12,6.2,35345,57,卖盘
3126,13:40:15,6.2,201747,325,卖盘
3127,13:40:18,6.21,26703,43,买盘
3128,13:40:21,6.21,194272,313,买盘
3129,13:40:24,6.2,42161,68,卖盘
3130,13:40:27,6.21,57715,93,买盘
3131,13:40:30,6.21,243984,393,买盘
3132,13:40:33,6.2,119761,193,卖盘
3133,13:40:36,6.21,217964,351,买盘
3134,13:40:42,6.21,68310,110,买盘
3135,13:40:45,6.21,19849,32,买盘
3136,13:40:48,6.2,3720,6,卖盘
3137,13:40:51,6.21,336360,542,买盘
3138,13:40:54,6.2,1241,2,卖盘
3139,13:40:57,6.21,207969,335,买盘
3140,13:41:00,6.2,65100,105,卖盘
3141,13:41:03,6.21,167049,269,买盘
3142,13:41:06,6.21,34155,55,买盘
3143,13:41:09,6.21,163323,263,买盘
3144,13:41:12,6.2,37255,60,卖盘
3145,13:41:15,6.2,260787,420,卖盘
3146,13:41:18,6.21,5589,9,买盘
3147,13:41:21,6.2,174465,281,卖盘
