,成交时间,成交价格,成交金额,成交量,性质
0,09:25:02,6.26,7346110,11735,卖盘
1,09:30:02,6.26,5606053,8947,买盘
2,09:30:05,6.26,2784392,4444,卖盘
3,09:30:08,6.26,1014435,1620,卖盘
4,09:30:11,6.26,2358386,3763,卖盘
5,09:30:14,6.26,2836123,4529,卖盘
6,09:30:17,6.26,3190734,5090,卖盘
7,09:30:20,6.27,1624658,2593,买盘
8,09:30:23,6.27,7025364,11213,卖盘
9,09:30:26,6.27,559757,893,买盘
10,09:30:29,6.26,4783778,7634,卖盘
11,09:30:32,6.26,1086663,1734,卖盘
12,09:30:35,6.26,2577843,4113,卖盘
13,09:30:38,6.27,1804773,2879,买盘
14,09:30:41,6.27,1872558,2990,买盘
15,09:30:44,6.27,2767552,4416,买盘
16,09:30:47,6.27,3341862,5338,买盘
17,09:30:50,6.27,2645342,4220,买盘
18,09:30:53,6.27,796610,1272,买盘
19,09:30:56,6.27,3518949,5619,买盘
20,09:30:59,6.26,2842613,4537,卖盘
21,09:31:02,6.27,6041399,9644,买盘
22,09:31:05,6.26,793746,1268,中性盘
23,09:31:08,6.26,3050854,4875,买盘
24,09:31:11,6.25,3035021,4853,卖盘
25,09:31:14,6.26,1996993,3188,中性盘
26,09:31:17,6.26,1361426,2176,买盘
27,09:31:20,6.26,561470,897,买盘
28,09:31:23,6.26,1347143,2152,卖盘
29,09:31:26,6.26,1516711,2422,买盘
30,09:31:29,6.26,2774504,4432,卖盘
31,09:31:32,6.26,1774118,2831,卖盘
32,09:31:35,6.26,965233,1542,卖盘
33,09:31:38,6.26,1915141,3059,卖盘
34,09:31:41,6.26,371093,593,买盘
35,09:31:44,6.26,1712074,2735,买盘
36,09:31:47,6.25,670342,1071,卖盘
37,09:31:50,6.26,2316814,3701,买盘
38,09:31:53,6.25,471235,753,卖盘
39,09:31:56,6.26,3797440,6067,买盘
40,09:31:59,6.26,262406,419,卖盘
41,09:32:02,6.26,1506939,2404,卖盘
42,09:32:05,6.26,536508,856,卖盘
43,09:32:08,6.27,1381679,2207,买盘
44,09:32:11,6.27,1234534,1970,买盘
45,09:32:14,6.26,3658498,5844,卖盘
46,09:32:17,6.26,2188430,3496,买盘
47,09:32:20,6.26,2518192,4023,买盘
48,09:32:23,6.26,1446043,2310,买盘
49,09:32:26,6.26,688087,1100,买盘
50,09:32:29,6.26,586560,937,买盘
51,09:32:32,6.26,560233,895,买盘
52,09:32:35,6.26,1297885,2074,买盘
53,09:32:38,6.25,556988,890,卖盘
54,09:32:41,6.26,1178433,1883,买盘
55,09:32:44,6.25,1201377,1920,卖盘
56,09:32:47,6.25,291403,466,卖盘
57,09:32:50,6.25,1812319,2896,卖盘
58,09:32:53,6.25,193134,309,卖盘
59,09:32:56,6.25,1023710,1636,卖盘
60,09:32:59,6.26,597740,956,买盘
61,09:33:02,6.26,714492,1142,买盘
62,09:33:05,6.26,717255,1147,买盘
63,09:33:08,6.25,1437844,2297,卖盘
64,09:33:11,6.25,326471,522,卖盘
65,09:33:14,6.25,1095908,1751,卖盘
66,09:33:17,6.25,294392,471,卖盘
67,09:33:20,6.26,7967916,12729,买盘
68,09:33:23,6.26,3221093,5145,卖盘
69,09:33:26,6.26,3840075,6125,卖盘
70,09:33:29,6.27,344680,550,买盘
71,09:33:32,6.27,493141,787,买盘
72,09:33:35,6.27,10232036,16320,买盘
73,09:33:38,6.28,3677430,5856,买盘
74,09:33:41,6.27,757522,1207,卖盘
75,09:33:44,6.28,662493,1055,买盘
76,09:33:47,6.28,1112597,1774,买盘
77,09:33:50,6.28,1125865,1793,买盘
78,09:33:53,6.28,751651,1197,买盘
79,09:33:56,6.27,1123936,1790,卖盘
80,09:33:59,6.28,260538,415,买盘
81,09:34:02,6.28,928070,1479,买盘
82,09:34:05,6.28,347776,554,买盘
83,09:34:08,6.28,939392,1497,买盘
84,09:34:11,6.27,3047709,4860,卖盘
85,09:34:14,6.27,1525744,2430,卖盘
86,09:34:17,6.27,559083,891,卖盘
87,09:34:20,6.28,605806,965,买盘
88,09:34:23,6.28,202031,322,买盘
89,09:34:26,6.28,2252119,3591,买盘
90,09:34:29,6.28,2089173,3331,买盘
91,09:34:32,6.27,2054033,3272,卖盘
92,09:34:35,6.28,477472,761,买盘
93,09:34:38,6.27,762094,1214,卖盘
94,09:34:41,6.27,289898,462,卖盘
95,09:34:44,6.28,416114,663,买盘
96,09:34:47,6.27,10173974,16240,卖盘
97,09:34:50,6.26,4578836,7310,卖盘
98,09:34:53,6.26,1545783,2472,买盘
99,09:34:56,6.26,3373869,5392,买盘
100,09:34:59,6.25,899208,1437,卖盘
101,09:35:02,6.25,1860244,2972,卖盘
102,09:35:05,6.25,6981599,11170,卖盘
103,09:35:08,6.25,15536472,24858,卖盘
104,09:35:11,6.25,971465,1556,买盘
105,09:35:14,6.25,5899089,9439,买盘
106,09:35:17,6.24,2126160,3407,卖盘
107,09:35:20,6.24,2701693,4326,卖盘
108,09:35:23,6.24,1021122,1636,卖盘
109,09:35:26,6.23,8573072,13742,卖盘
110,09:35:29,6.24,1243144,1995,买盘
111,09:35:32,6.23,9716190,15588,卖盘
112,09:35:35,6.23,1547694,2484,卖盘
113,09:35:38,6.23,3419133,5480,卖盘
114,09:35:41,6.23,1834814,2945,卖盘
115,09:35:44,6.23,8070676,12953,卖盘
116,09:35:47,6.23,1278724,2055,买盘
117,09:35:50,6.22,5646381,9070,卖盘
118,09:35:53,6.23,1280442,2058,买盘
119,09:35:56,6.23,3519304,5654,买盘
120,09:35:59,6.22,1081940,1739,卖盘
121,09:36:02,6.22,2213870,3556,卖盘
122,09:36:05,6.22,711845,1144,卖盘
123,09:36:08,6.23,6562027,10534,买盘
124,09:36:11,6.24,13955943,22375,买盘
125,09:36:14,6.25,5754045,9209,买盘
126,09:36:17,6.25,1966933,3149,卖盘
127,09:36:20,6.24,331156,530,卖盘
128,09:36:23,6.26,5944359,9511,买盘
129,09:36:26,6.25,695040,1112,卖盘
130,09:36:29,6.25,1675596,2677,卖盘
131,09:36:32,6.25,518782,830,卖盘
132,09:36:35,6.25,658397,1052,卖盘
133,09:36:38,6.25,296986,475,卖盘
134,09:36:41,6.25,601867,962,卖盘
135,09:36:44,6.25,518135,829,卖盘
136,09:36:47,6.25,541233,865,卖盘
137,09:36:50,6.25,690001,1104,卖盘
138,09:36:53,6.26,1359033,2173,买盘
139,09:36:56,6.25,1021876,1635,卖盘
140,09:36:59,6.25,1205533,1927,卖盘
141,09:37:02,6.24,4539369,7267,卖盘
142,09:37:05,6.24,4233520,6787,卖盘
143,09:37:08,6.24,3901850,6254,买盘
144,09:37:11,6.24,1094975,1756,买盘
145,09:37:14,6.24,9543236,15295,买盘
146,09:37:17,6.24,741483,1188,卖盘
147,09:37:20,6.25,3833054,6134,买盘
148,09:37:23,6.24,119184,191,卖盘
149,09:37:26,6.24,429872,688,卖盘
150,09:37:29,6.25,1118844,1793,买盘
151,09:37:32,6.24,896456,1435,卖盘
152,09:37:35,6.24,192309,308,卖盘
153,09:37:38,6.24,570429,913,卖盘
154,09:37:41,6.25,808264,1295,买盘
155,09:37:44,6.24,679654,1088,卖盘
156,09:37:47,6.25,229228,367,买盘
157,09:37:50,6.24,294297,471,卖盘
158,09:37:53,6.25,83003,133,买盘
159,09:37:56,6.24,381514,611,卖盘
160,09:37:59,6.24,727848,1166,卖盘
161,09:38:02,6.25,517434,828,买盘
162,09:38:05,6.24,311438,499,卖盘
163,09:38:08,6.24,326759,523,卖盘
164,09:38:11,6.24,66144,106,卖盘
165,09:38:14,6.24,184286,295,卖盘
166,09:38:17,6.24,281623,451,卖盘
167,09:38:20,6.24,467159,748,卖盘
168,09:38:23,6.24,257822,413,卖盘
169,09:38:26,6.24,992734,1590,卖盘
170,09:38:29,6.24,446353,715,卖盘
171,09:38:32,6.24,1054685,1689,卖盘
172,09:38:35,6.24,150449,241,卖盘
173,09:38:38,6.25,324037,519,买盘
174,09:38:41,6.24,679623,1088,卖盘
175,09:38:44,6.24,168610,270,卖盘
176,09:38:47,6.24,352901,565,卖盘
177,09:38:50,6.24,249000,399,卖盘
178,09:38:53,6.24,336657,539,卖盘
179,09:38:56,6.24,557858,894,卖盘
180,09:38:59,6.24,436658,699,卖盘
181,09:39:02,6.24,56164,90,卖盘
182,09:39:05,6.24,214890,344,卖盘
183,09:39:08,6.24,332592,533,卖盘
184,09:39:11,6.24,926346,1484,卖盘
185,09:39:14,6.24,405114,649,卖盘
186,09:39:17,6.24,607271,972,卖盘
187,09:39:20,6.24,479257,768,卖盘
188,09:39:23,6.25,159826,256,买盘
189,09:39:26,6.24,559105,895,卖盘
190,09:39:29,6.24,756467,1212,卖盘
191,09:39:32,6.25,714785,1144,买盘
192,09:39:35,6.25,221576,355,买盘
193,09:39:38,6.25,334914,536,买盘
194,09:39:41,6.25,190440,305,买盘
195,09:39:44,6.24,203676,326,卖盘
196,09:39:47,6.24,169209,271,卖盘
197,09:39:50,6.24,296643,475,卖盘
198,09:39:53,6.25,32499,52,买盘
199,09:39:56,6.25,129274,207,买盘
200,09:39:59,6.24,131700,211,卖盘
201,09:40:02,6.24,1928997,3091,卖盘
202,09:40:05,6.24,393334,630,卖盘
203,09:40:08,6.24,1220586,1954,卖盘
204,09:40:11,6.25,272069,436,买盘
205,09:40:14,6.24,379201,607,卖盘
206,09:40:17,6.24,115440,185,卖盘
207,09:40:20,6.24,867472,1390,卖盘
208,09:40:23,6.24,4254526,6817,卖盘
209,09:40:26,6.24,1637873,2625,卖盘
210,09:40:29,6.24,2722772,4365,买盘
211,09:40:32,6.23,1910818,3066,卖盘
212,09:40:35,6.23,1773334,2844,卖盘
213,09:40:38,6.23,462296,742,卖盘
214,09:40:41,6.23,688491,1104,卖盘
215,09:40:44,6.23,320237,514,卖盘
216,09:40:47,6.23,258598,415,卖盘
217,09:40:50,6.23,583580,936,卖盘
218,09:40:53,6.23,456052,732,卖盘
219,09:40:56,6.23,901367,1446,卖盘
220,09:40:59,6.23,282238,453,卖盘
221,09:41:02,6.23,1394151,2237,卖盘
222,09:41:05,6.23,1777434,2853,卖盘
223,09:41:08,6.23,2795144,4484,卖盘
224,09:41:11,6.23,1014917,1629,卖盘
225,09:41:14,6.23,2225410,3571,卖盘
226,09:41:17,6.23,715267,1148,卖盘
227,09:41:20,6.23,328882,528,卖盘
228,09:41:23,6.23,1837277,2950,买盘
229,09:41:26,6.23,149505,240,买盘
230,09:41:29,6.23,1684602,2704,买盘
231,09:41:32,6.23,479710,770,卖盘
232,09:41:35,6.23,1104211,1771,卖盘
233,09:41:38,6.23,348291,559,卖盘
234,09:41:41,6.23,656044,1052,卖盘
235,09:41:44,6.24,274801,441,买盘
236,09:41:47,6.24,377879,606,买盘
237,09:41:50,6.23,1379007,2213,卖盘
238,09:41:53,6.23,1012830,1626,买盘
239,09:41:56,6.22,277588,446,卖盘
240,09:41:59,6.23,503260,808,买盘
241,09:42:02,6.23,396688,637,买盘
242,09:42:05,6.22,256467,412,卖盘
243,09:42:08,6.22,497517,799,卖盘
244,09:42:11,6.22,80869,130,卖盘
245,09:42:14,6.22,204199,328,卖盘
246,09:42:17,6.22,197285,317,卖盘
247,09:42:20,6.22,395211,635,卖盘
248,09:42:23,6.23,755990,1215,买盘
249,09:42:26,6.23,740769,1190,买盘
250,09:42:29,6.23,4617304,7412,买盘
251,09:42:32,6.23,1813117,2906,卖盘
252,09:42:35,6.23,766356,1230,卖盘
253,09:42:38,6.23,488972,784,卖盘
254,09:42:41,6.24,164557,264,买盘
255,09:42:44,6.23,1808945,2903,卖盘
256,09:42:47,6.24,96056,154,买盘
257,09:42:50,6.24,1121536,1798,买盘
258,09:42:53,6.23,72995,117,卖盘
259,09:42:56,6.23,318751,511,卖盘
260,09:42:59,6.23,304858,489,卖盘
261,09:43:02,6.23,284327,456,卖盘
262,09:43:05,6.24,1226311,1968,买盘
263,09:43:08,6.24,6658929,10672,买盘
264,09:43:11,6.24,207274,332,买盘
265,09:43:14,6.24,769742,1234,买盘
266,09:43:17,6.24,485472,778,买盘
267,09:43:20,6.24,690558,1108,买盘
268,09:43:23,6.24,861558,1381,买盘
269,09:43:26,6.24,117227,188,买盘
270,09:43:29,6.24,405460,650,买盘
271,09:43:32,6.24,180290,289,买盘
272,09:43:35,6.23,215855,346,卖盘
273,09:43:38,6.23,728432,1168,卖盘
274,09:43:41,6.23,104167,167,卖盘
275,09:43:44,6.24,2865900,4593,买盘
276,09:43:47,6.24,394187,632,买盘
277,09:43:50,6.23,1195409,1916,卖盘
278,09:43:53,6.23,61696,99,卖盘
279,09:43:56,6.24,274333,440,买盘
280,09:43:59,6.23,129114,207,卖盘
281,09:44:02,6.24,617056,989,买盘
282,09:44:05,6.23,1156966,1857,卖盘
283,09:44:08,6.23,679506,1089,卖盘
284,09:44:11,6.23,629993,1011,卖盘
285,09:44:14,6.23,462868,742,卖盘
286,09:44:17,6.23,231919,372,卖盘
287,09:44:20,6.23,474430,761,卖盘
288,09:44:23,6.23,36762,59,卖盘
289,09:44:26,6.24,324224,520,买盘
290,09:44:29,6.23,101591,163,卖盘
291,09:44:32,6.24,260806,418,买盘
292,09:44:35,6.23,254812,409,卖盘
293,09:44:38,6.24,367999,590,买盘
294,09:44:41,6.23,200711,322,卖盘
295,09:44:44,6.24,521258,836,买盘
296,09:44:47,6.23,498041,799,卖盘
297,09:44:50,6.23,542031,869,卖盘
298,09:44:53,6.24,342781,550,买盘
299,09:44:56,6.23,439126,704,卖盘
300,09:44:59,6.23,441830,709,卖盘
301,09:45:02,6.23,301320,483,卖盘
302,09:45:05,6.23,1093386,1755,卖盘
303,09:45:08,6.23,1682154,2699,卖盘
304,09:45:11,6.24,153903,247,买盘
305,09:45:14,6.24,947177,1519,买盘
306,09:45:17,6.24,116527,187,买盘
307,09:45:20,6.23,273239,438,卖盘
308,09:45:23,6.23,206346,331,卖盘
309,09:45:26,6.24,98484,158,买盘
310,09:45:29,6.23,334338,536,卖盘
311,09:45:32,6.23,273096,438,卖盘
312,09:45:35,6.23,308792,495,卖盘
313,09:45:38,6.23,1213017,1947,卖盘
314,09:45:41,6.23,2373255,3808,卖盘
315,09:45:44,6.23,2127545,3415,卖盘
316,09:45:47,6.23,1440315,2312,买盘
317,09:45:50,6.22,397874,639,卖盘
318,09:45:53,6.23,68508,110,买盘
319,09:45:56,6.23,404228,649,买盘
320,09:45:59,6.23,70397,113,买盘
321,09:46:02,6.23,2241973,3604,买盘
322,09:46:05,6.23,1166915,1876,买盘
323,09:46:08,6.22,1638376,2634,卖盘
324,09:46:11,6.22,2066579,3318,卖盘
325,09:46:14,6.22,224562,361,卖盘
326,09:46:17,6.22,445246,715,卖盘
327,09:46:20,6.21,19442275,31258,卖盘
328,09:46:23,6.22,9614546,15458,买盘
329,09:46:26,6.22,234974,378,买盘
330,09:46:29,6.21,51602,83,卖盘
331,09:46:32,6.21,2419569,3892,卖盘
332,09:46:35,6.22,333040,536,买盘
333,09:46:38,6.21,870163,1400,卖盘
334,09:46:41,6.21,310000,499,卖盘
335,09:46:44,6.22,657037,1057,买盘
336,09:46:47,6.21,190824,307,卖盘
337,09:46:50,6.21,542626,873,卖盘
338,09:46:53,6.21,704333,1134,卖盘
339,09:46:56,6.21,754562,1214,卖盘
340,09:46:59,6.21,30436,49,卖盘
341,09:47:02,6.21,300320,483,卖盘
342,09:47:05,6.21,1195473,1925,卖盘
343,09:47:08,6.21,1384359,2228,卖盘
344,09:47:11,6.21,259578,418,卖盘
345,09:47:14,6.22,92578,149,买盘
346,09:47:17,6.21,690108,1110,卖盘
347,09:47:20,6.21,6916381,11137,卖盘
348,09:47:23,6.21,4421058,7113,卖盘
349,09:47:26,6.21,954031,1536,卖盘
350,09:47:29,6.21,1404534,2259,卖盘
351,09:47:32,6.21,181418,292,卖盘
352,09:47:35,6.22,696525,1121,买盘
353,09:47:38,6.22,221098,356,买盘
354,09:47:41,6.21,575686,927,卖盘
355,09:47:44,6.21,534871,860,卖盘
356,09:47:47,6.21,539064,868,卖盘
357,09:47:50,6.21,555603,894,卖盘
358,09:47:53,6.22,132902,214,买盘
359,09:47:56,6.21,149054,240,卖盘
360,09:47:59,6.21,507841,817,卖盘
361,09:48:02,6.21,223646,360,卖盘
362,09:48:05,6.21,369235,594,卖盘
363,09:48:08,6.21,1276156,2055,卖盘
364,09:48:11,6.22,849213,1366,买盘
365,09:48:14,6.21,449610,724,卖盘
366,09:48:17,6.21,434503,699,卖盘
367,09:48:20,6.22,155282,250,买盘
368,09:48:23,6.22,945999,1523,买盘
369,09:48:26,6.22,1999531,3215,买盘
370,09:48:29,6.22,8502118,13669,买盘
371,09:48:32,6.22,1092681,1757,买盘
372,09:48:35,6.22,1632620,2625,买盘
373,09:48:38,6.22,243190,391,买盘
374,09:48:41,6.21,1165364,1874,卖盘
375,09:48:44,6.22,2675149,4301,买盘
376,09:48:47,6.21,440521,709,卖盘
377,09:48:50,6.21,1401237,2253,卖盘
378,09:48:53,6.22,181511,292,买盘
379,09:48:56,6.21,230721,371,卖盘
380,09:48:59,6.21,139809,225,卖盘
381,09:49:02,6.22,586731,944,买盘
382,09:49:05,6.22,104354,168,买盘
383,09:49:08,6.21,510258,821,卖盘
384,09:49:11,6.21,401734,646,卖盘
385,09:49:14,6.21,348229,560,卖盘
386,09:49:17,6.21,81394,131,卖盘
387,09:49:20,6.21,482086,776,卖盘
388,09:49:23,6.21,153488,247,卖盘
389,09:49:26,6.21,921329,1483,卖盘
390,09:49:29,6.22,249807,402,买盘
391,09:49:32,6.21,535977,862,卖盘
392,09:49:35,6.21,201992,325,卖盘
393,09:49:38,6.21,292820,471,卖盘
394,09:49:41,6.21,148433,239,卖盘
395,09:49:44,6.22,274747,442,买盘
396,09:49:47,6.21,471421,758,卖盘
397,09:49:50,6.21,301626,485,卖盘
398,09:49:53,6.22,165222,266,买盘
399,09:49:56,6.22,361703,582,买盘
400,09:49:59,6.22,80814,130,买盘
401,09:50:02,6.22,815054,1312,买盘
402,09:50:05,6.21,126730,204,卖盘
403,09:50:08,6.21,497550,800,卖盘
404,09:50:11,6.22,183345,295,买盘
405,09:50:14,6.22,346924,558,买盘
406,09:50:17,6.22,250611,403,买盘
407,09:50:20,6.22,268651,432,买盘
408,09:50:23,6.21,2595175,4179,卖盘
409,09:50:26,6.21,4832369,7779,卖盘
410,09:50:29,6.21,11255028,18124,卖盘
411,09:50:32,6.21,2230502,3592,买盘
412,09:50:35,6.21,922127,1485,买盘
413,09:50:38,6.21,1084846,1747,买盘
414,09:50:41,6.21,514752,829,买盘
415,09:50:44,6.21,696746,1122,买盘
416,09:50:47,6.21,520100,838,买盘
417,09:50:50,6.21,479977,773,买盘
418,09:50:53,6.21,1166562,1881,买盘
419,09:50:56,6.21,595477,959,买盘
420,09:50:59,6.21,104267,168,买盘
421,09:51:02,6.21,366814,591,买盘
422,09:51:05,6.21,520319,838,买盘
423,09:51:08,6.21,90032,145,买盘
424,09:51:11,6.21,1990915,3206,买盘
425,09:51:14,6.21,138986,224,买盘
426,09:51:17,6.21,864961,1393,买盘
427,09:51:20,6.2,109863,177,卖盘
428,09:51:23,6.21,412577,665,买盘
429,09:51:26,6.21,3619020,5836,买盘
430,09:51:29,6.21,50242,81,买盘
431,09:51:32,6.21,1662188,2677,买盘
432,09:51:35,6.21,373275,602,买盘
433,09:51:38,6.21,885967,1427,买盘
434,09:51:41,6.2,165102,266,卖盘
435,09:51:44,6.21,799778,1289,买盘
436,09:51:47,6.2,57665,93,卖盘
437,09:51:50,6.21,768856,1239,买盘
438,09:51:53,6.21,100512,162,买盘
439,09:51:56,6.2,539377,869,卖盘
440,09:51:59,6.21,171342,276,买盘
441,09:52:02,6.21,669641,1079,买盘
442,09:52:05,6.21,94285,152,买盘
443,09:52:08,6.2,440781,710,卖盘
444,09:52:11,6.21,342530,552,买盘
445,09:52:14,6.2,437061,704,卖盘
446,09:52:17,6.21,145724,235,买盘
447,09:52:20,6.21,685833,1105,买盘
448,09:52:23,6.21,677216,1092,买盘
449,09:52:26,6.2,837361,1349,卖盘
450,09:52:29,6.21,161932,261,买盘
451,09:52:32,6.2,454910,733,卖盘
452,09:52:35,6.21,90541,146,买盘
453,09:52:38,6.21,485538,782,买盘
454,09:52:41,6.21,372153,600,买盘
455,09:52:44,6.2,437064,704,卖盘
456,09:52:47,6.2,87472,141,卖盘
457,09:52:50,6.21,159377,257,买盘
458,09:52:53,6.21,391076,630,买盘
459,09:52:56,6.21,111639,180,买盘
460,09:52:59,6.2,429441,692,卖盘
461,09:53:02,6.21,68283,110,买盘
462,09:53:05,6.2,555567,895,卖盘
463,09:53:08,6.2,69441,112,卖盘
464,09:53:11,6.2,100450,162,卖盘
465,09:53:14,6.21,521480,840,买盘
466,09:53:17,6.2,147678,238,卖盘
467,09:53:20,6.2,1114352,1795,卖盘
468,09:53:23,6.2,300799,485,卖盘
469,09:53:26,6.21,8477407,13652,买盘
470,09:53:29,6.21,211225,340,卖盘
471,09:53:32,6.21,4471967,7192,卖盘
472,09:53:35,6.21,265170,427,卖盘
473,09:53:38,6.22,886151,1425,买盘
474,09:53:41,6.21,97526,157,卖盘
475,09:53:44,6.22,264189,425,买盘
476,09:53:47,6.22,65235,105,买盘
477,09:53:50,6.21,216386,348,卖盘
478,09:53:53,6.22,98744,159,买盘
479,09:53:56,6.21,180221,290,卖盘
480,09:53:59,6.21,445031,716,卖盘
481,09:54:02,6.21,165275,266,卖盘
482,09:54:05,6.21,837448,1348,卖盘
483,09:54:08,6.21,217352,350,卖盘
484,09:54:11,6.21,1041975,1677,卖盘
485,09:54:14,6.21,309301,498,卖盘
486,09:54:17,6.21,585069,941,卖盘
487,09:54:20,6.21,211824,341,卖盘
488,09:54:23,6.22,384301,618,买盘
489,09:54:26,6.21,71417,115,卖盘
490,09:54:29,6.21,585593,942,卖盘
491,09:54:32,6.21,70270,113,卖盘
492,09:54:35,6.21,511660,823,卖盘
493,09:54:38,6.22,437806,704,买盘
494,09:54:41,6.22,487583,784,买盘
495,09:54:44,6.21,96352,155,卖盘
496,09:54:47,6.22,594131,956,买盘
497,09:54:50,6.22,83294,134,买盘
498,09:54:53,6.22,304704,490,买盘
499,09:54:56,6.22,64685,104,买盘
500,09:54:59,6.22,610714,982,买盘
501,09:55:02,6.23,9503539,15279,买盘
502,09:55:05,6.23,109499,176,买盘
503,09:55:08,6.22,6572266,10567,卖盘
504,09:55:11,6.22,227652,366,买盘
505,09:55:14,6.22,280520,451,买盘
506,09:55:17,6.22,502542,808,买盘
507,09:55:20,6.22,518101,833,买盘
508,09:55:23,6.22,530555,853,买盘
509,09:55:26,6.22,932320,1499,买盘
510,09:55:29,6.22,385335,620,买盘
511,09:55:32,6.22,646200,1039,买盘
512,09:55:35,6.21,184707,297,卖盘
513,09:55:38,6.22,485754,781,买盘
514,09:55:41,6.21,66495,107,卖盘
515,09:55:44,6.22,411063,661,买盘
516,09:55:47,6.22,19282,31,买盘
517,09:55:50,6.22,441413,710,买盘
518,09:55:53,6.22,54062,87,买盘
519,09:55:56,6.22,379419,610,买盘
520,09:55:59,6.22,107535,173,买盘
521,09:56:02,6.21,433831,698,卖盘
522,09:56:05,6.21,751935,1210,卖盘
523,09:56:08,6.21,11036247,17770,卖盘
524,09:56:11,6.21,327100,527,买盘
525,09:56:14,6.21,1078036,1736,买盘
526,09:56:17,6.21,206742,333,买盘
527,09:56:20,6.2,1280483,2062,卖盘
528,09:56:23,6.21,253986,409,买盘
529,09:56:26,6.21,618462,996,买盘
530,09:56:29,6.21,583117,939,买盘
531,09:56:32,6.21,655741,1056,买盘
532,09:56:35,6.21,1233810,1987,买盘
533,09:56:38,6.21,1332839,2147,买盘
534,09:56:41,6.2,273103,440,卖盘
535,09:56:44,6.21,592433,954,买盘
536,09:56:47,6.21,48993,79,买盘
537,09:56:50,6.21,53972,87,买盘
538,09:56:53,6.21,355203,572,买盘
539,09:56:56,6.2,240893,388,卖盘
540,09:56:59,6.2,348956,562,卖盘
541,09:57:02,6.21,158204,255,买盘
542,09:57:05,6.2,386682,623,卖盘
543,09:57:08,6.2,301678,486,卖盘
544,09:57:11,6.21,906319,1460,买盘
545,09:57:14,6.2,30413,49,卖盘
546,09:57:17,6.21,1110937,1789,买盘
547,09:57:20,6.21,562622,906,卖盘
548,09:57:23,6.22,810856,1304,买盘
549,09:57:26,6.21,19252,31,卖盘
550,09:57:29,6.22,355655,572,买盘
551,09:57:32,6.22,84457,136,买盘
552,09:57:35,6.22,204443,329,买盘
553,09:57:38,6.22,565246,909,买盘
554,09:57:41,6.22,187168,301,买盘
555,09:57:44,6.21,478783,770,卖盘
556,09:57:47,6.21,98751,159,卖盘
557,09:57:50,6.21,288557,464,卖盘
558,09:57:53,6.22,122960,198,买盘
559,09:57:56,6.22,509857,820,买盘
560,09:57:59,6.22,103834,167,买盘
561,09:58:02,6.22,1269246,2043,买盘
562,09:58:05,6.22,83969,135,买盘
563,09:58:08,6.22,643696,1035,买盘
564,09:58:11,6.22,388616,625,买盘
565,09:58:14,6.21,459597,739,卖盘
566,09:58:17,6.22,44119,71,买盘
567,09:58:20,6.21,472367,760,卖盘
568,09:58:23,6.21,127465,205,卖盘
569,09:58:26,6.21,356984,574,卖盘
570,09:58:29,6.21,607120,977,卖盘
571,09:58:32,6.22,534849,860,买盘
572,09:58:35,6.22,85162,137,买盘
573,09:58:38,6.22,428558,689,买盘
574,09:58:41,6.22,56602,91,买盘
575,09:58:44,6.21,300995,484,卖盘
576,09:58:47,6.22,942099,1515,买盘
577,09:58:50,6.22,945379,1520,买盘
578,09:58:53,6.22,345767,556,买盘
579,09:58:56,6.23,472123,759,买盘
580,09:58:59,6.22,454465,731,卖盘
581,09:59:02,6.23,726001,1166,买盘
582,09:59:05,6.22,23657,38,卖盘
583,09:59:08,6.23,431738,693,买盘
584,09:59:11,6.22,57899,93,卖盘
585,09:59:14,6.22,136377,219,卖盘
586,09:59:17,6.22,316894,509,卖盘
587,09:59:20,6.23,196193,315,买盘
588,09:59:23,6.22,299619,481,卖盘
589,09:59:26,6.22,65316,105,卖盘
590,09:59:29,6.23,25535,41,买盘
591,09:59:32,6.22,497684,799,卖盘
592,09:59:35,6.23,260976,419,买盘
593,09:59:38,6.22,511995,822,卖盘
594,09:59:41,6.23,77238,124,买盘
595,09:59:44,6.22,873373,1403,卖盘
596,09:59:47,6.23,839773,1348,买盘
597,09:59:50,6.22,733241,1177,卖盘
598,09:59:53,6.23,149959,241,买盘
599,09:59:56,6.23,59713,96,买盘
600,09:59:59,6.23,392490,630,买盘
601,10:00:02,6.23,298326,479,买盘
602,10:00:05,6.23,414176,665,买盘
603,10:00:08,6.23,1868,3,买盘
604,10:00:11,6.23,212992,342,买盘
605,10:00:14,6.22,100798,162,卖盘
606,10:00:17,6.23,45419,73,买盘
607,10:00:20,6.22,275795,443,卖盘
608,10:00:23,6.22,5069295,8150,卖盘
609,10:00:26,6.22,191490,308,买盘
610,10:00:29,6.22,378108,608,买盘
611,10:00:32,6.22,321533,517,买盘
612,10:00:35,6.21,289774,466,卖盘
613,10:00:38,6.22,4554973,7323,买盘
614,10:00:41,6.21,146138,235,卖盘
615,10:00:44,6.22,1652651,2657,买盘
616,10:00:47,6.22,55276,89,买盘
617,10:00:50,6.22,139949,225,买盘
618,10:00:53,6.22,57210,92,买盘
619,10:00:56,6.22,244970,394,买盘
620,10:00:59,6.22,16164,26,买盘
621,10:01:02,6.22,272995,439,买盘
622,10:01:05,6.22,106965,172,买盘
623,10:01:08,6.22,236932,381,买盘
624,10:01:11,6.23,360800,580,买盘
625,10:01:14,6.22,1837815,2954,卖盘
626,10:01:17,6.22,925536,1488,卖盘
627,10:01:20,6.23,1114250,1789,买盘
628,10:01:23,6.23,118237,190,买盘
629,10:01:26,6.22,87703,141,卖盘
630,10:01:29,6.23,247251,397,买盘
631,10:01:32,6.22,79003,127,卖盘
632,10:01:35,6.22,155681,250,卖盘
633,10:01:38,6.23,8088,13,买盘
634,10:01:41,6.23,100243,161,买盘
635,10:01:44,6.22,324789,522,卖盘
636,10:01:47,6.23,189311,304,买盘
637,10:01:50,6.22,303905,488,卖盘
638,10:01:53,6.23,54165,87,买盘
639,10:01:56,6.22,210369,338,卖盘
640,10:01:59,6.22,27997,45,卖盘
641,10:02:02,6.23,151960,244,买盘
642,10:02:05,6.22,424852,683,卖盘
643,10:02:08,6.23,228595,367,买盘
644,10:02:11,6.23,201536,324,买盘
645,10:02:14,6.22,262115,421,卖盘
646,10:02:17,6.22,106985,172,卖盘
647,10:02:20,6.22,131424,211,卖盘
648,10:02:23,6.22,40431,65,卖盘
649,10:02:26,6.23,441083,708,买盘
650,10:02:29,6.23,131880,212,买盘
651,10:02:32,6.23,118818,191,买盘
652,10:02:35,6.23,257299,413,买盘
653,10:02:38,6.23,60344,97,买盘
654,10:02:41,6.22,136346,219,卖盘
655,10:02:44,6.23,36704,59,买盘
656,10:02:47,6.22,110832,178,卖盘
657,10:02:50,6.22,177276,285,卖盘
658,10:02:53,6.23,204269,328,买盘
659,10:02:56,6.22,136878,220,卖盘
660,10:02:59,6.22,201835,324,卖盘
661,10:03:02,6.23,70318,113,买盘
662,10:03:05,6.22,267804,430,卖盘
663,10:03:08,6.23,272050,437,买盘
664,10:03:11,6.24,8911776,14305,买盘
665,10:03:14,6.23,742002,1191,卖盘
666,10:03:17,6.23,1959230,3144,卖盘
667,10:03:20,6.24,230512,370,买盘
668,10:03:23,6.23,853522,1368,卖盘
669,10:03:26,6.23,3399906,5457,卖盘
670,10:03:29,6.23,1280265,2055,买盘
671,10:03:32,6.23,41733,67,买盘
672,10:03:35,6.22,126468,203,卖盘
673,10:03:38,6.23,127067,204,买盘
674,10:03:41,6.23,110893,178,买盘
675,10:03:44,6.23,277853,446,买盘
676,10:03:47,6.23,223957,360,买盘
677,10:03:50,6.23,426023,684,买盘
678,10:03:53,6.23,722498,1159,买盘
679,10:03:56,6.23,488951,785,买盘
680,10:03:59,6.23,1869,3,买盘
681,10:04:02,6.23,931373,1495,买盘
682,10:04:05,6.23,215991,347,买盘
683,10:04:08,6.23,510804,820,买盘
684,10:04:11,6.22,3413538,5488,卖盘
685,10:04:14,6.22,2052150,3296,卖盘
686,10:04:17,6.23,67233,108,买盘
687,10:04:20,6.23,467127,750,买盘
688,10:04:23,6.22,93313,150,卖盘
689,10:04:26,6.23,205574,330,买盘
690,10:04:29,6.23,27996,45,买盘
691,10:04:32,6.23,174407,280,买盘
692,10:04:35,6.22,533086,857,卖盘
693,10:04:38,6.23,325761,523,买盘
694,10:04:41,6.22,109599,176,卖盘
695,10:04:44,6.23,130205,209,买盘
696,10:04:47,6.23,59150,95,买盘
697,10:04:50,6.22,446828,718,卖盘
698,10:04:53,6.23,78431,126,买盘
699,10:04:56,6.23,223650,359,买盘
700,10:04:59,6.23,25515,41,买盘
701,10:05:02,6.23,1540283,2476,买盘
702,10:05:05,6.23,23637,38,买盘
703,10:05:08,6.22,649093,1042,卖盘
704,10:05:11,6.23,52330,84,买盘
705,10:05:14,6.22,198624,319,卖盘
706,10:05:17,6.22,78482,126,卖盘
707,10:05:20,6.22,539504,867,卖盘
708,10:05:23,6.23,7475,12,买盘
709,10:05:26,6.22,82120,132,卖盘
710,10:05:29,6.23,325754,523,买盘
711,10:05:32,6.23,250677,403,买盘
712,10:05:35,6.22,475463,764,卖盘
713,10:05:38,6.22,49140,79,卖盘
714,10:05:41,6.23,181293,291,买盘
715,10:05:44,6.23,51006,82,买盘
716,10:05:47,6.23,126424,203,买盘
717,10:05:50,6.22,23637,38,卖盘
718,10:05:53,6.23,95935,154,买盘
719,10:05:56,6.22,59091,95,卖盘
720,10:05:59,6.22,146304,235,卖盘
721,10:06:02,6.23,19934,32,买盘
722,10:06:05,6.23,128898,207,买盘
723,10:06:08,6.22,62823,101,卖盘
724,10:06:11,6.23,104028,167,买盘
725,10:06:14,6.23,134357,216,买盘
726,10:06:17,6.23,110270,177,买盘
727,10:06:20,6.22,23638,38,卖盘
728,10:06:23,6.22,89679,144,卖盘
729,10:06:26,6.22,95789,154,卖盘
730,10:06:29,6.22,25506,41,卖盘
731,10:06:32,6.23,132699,213,买盘
732,10:06:35,6.22,101387,163,卖盘
733,10:06:38,6.23,173186,278,买盘
734,10:06:41,6.23,75347,121,买盘
735,10:06:44,6.23,133318,214,买盘
736,10:06:47,6.23,65954,106,买盘
737,10:06:50,6.23,239734,385,买盘
738,10:06:53,6.23,75965,122,买盘
739,10:06:56,6.23,343166,551,买盘
740,10:06:59,6.23,123976,199,买盘
741,10:07:02,6.22,367885,591,卖盘
742,10:07:05,6.23,16804,27,买盘
743,10:07:08,6.23,167543,269,买盘
744,10:07:11,6.23,174808,281,买盘
745,10:07:14,6.22,46705,75,卖盘
746,10:07:17,6.23,204300,328,买盘
747,10:07:20,6.23,144439,232,买盘
748,10:07:23,6.23,119616,192,买盘
749,10:07:26,6.22,54116,87,卖盘
750,10:07:29,6.23,176270,283,买盘
751,10:07:32,6.22,245070,394,卖盘
752,10:07:35,6.22,44805,72,卖盘
753,10:07:38,6.23,221784,356,买盘
754,10:07:41,6.22,89611,144,卖盘
755,10:07:44,6.23,1090872,1751,买盘
756,10:07:47,6.22,127043,204,卖盘
757,10:07:50,6.22,682138,1095,卖盘
758,10:07:53,6.23,9338,15,买盘
759,10:07:56,6.23,206166,331,买盘
760,10:07:59,6.23,13705,22,买盘
761,10:08:02,6.23,251634,404,买盘
762,10:08:05,6.22,32967,53,卖盘
763,10:08:08,6.22,260835,419,卖盘
764,10:08:11,6.23,66577,107,买盘
765,10:08:14,6.22,2018573,3245,卖盘
766,10:08:17,6.22,190437,306,卖盘
767,10:08:20,6.22,715809,1149,卖盘
768,10:08:23,6.22,32345,52,卖盘
769,10:08:26,6.23,1869,3,买盘
770,10:08:29,6.23,776847,1247,买盘
771,10:08:32,6.23,303399,487,买盘
772,10:08:35,6.23,623,1,买盘
773,10:08:38,6.23,44201,71,买盘
774,10:08:41,6.23,58501,94,买盘
775,10:08:44,6.22,223423,359,卖盘
776,10:08:47,6.23,178770,287,买盘
777,10:08:50,6.23,144501,232,买盘
778,10:08:53,6.23,13686,22,买盘
779,10:08:56,6.23,54785,88,买盘
780,10:08:59,6.22,44855,72,卖盘
781,10:09:02,6.22,171166,275,卖盘
782,10:09:05,6.22,175060,281,卖盘
783,10:09:08,6.22,600536,964,卖盘
784,10:09:11,6.23,499603,802,买盘
785,10:09:14,6.23,7838543,12582,买盘
786,10:09:17,6.24,2907548,4660,买盘
787,10:09:20,6.24,28064,45,买盘
788,10:09:23,6.24,201545,323,买盘
789,10:09:26,6.24,22464,36,买盘
790,10:09:29,6.24,117276,188,买盘
791,10:09:32,6.24,5615,9,买盘
792,10:09:35,6.24,806795,1293,买盘
793,10:09:38,6.24,343147,550,买盘
794,10:09:41,6.23,33693,54,卖盘
795,10:09:44,6.24,1434771,2303,买盘
796,10:09:47,6.24,721071,1156,买盘
797,10:09:50,6.23,148429,238,卖盘
798,10:09:53,6.23,4719233,7575,卖盘
799,10:09:56,6.23,3714138,5959,卖盘
800,10:09:59,6.23,92791,149,买盘
801,10:10:02,6.23,734517,1179,买盘
802,10:10:05,6.23,800549,1285,买盘
803,10:10:08,6.23,376272,604,买盘
804,10:10:11,6.23,1309556,2102,买盘
805,10:10:14,6.23,1425623,2285,卖盘
806,10:10:17,6.23,1027593,1647,卖盘
807,10:10:20,6.24,63647,102,买盘
808,10:10:23,6.24,145301,233,买盘
809,10:10:26,6.24,129018,207,买盘
810,10:10:29,6.24,173944,279,买盘
811,10:10:32,6.23,74193,119,卖盘
812,10:10:35,6.24,169088,271,买盘
813,10:10:38,6.24,57372,92,买盘
814,10:10:41,6.23,128518,206,卖盘
815,10:10:44,6.23,312246,501,卖盘
816,10:10:47,6.23,245182,393,卖盘
817,10:10:50,6.23,168216,270,卖盘
818,10:10:53,6.24,201493,323,买盘
819,10:10:56,6.24,35518,57,买盘
820,10:10:59,6.24,92316,148,买盘
821,10:11:02,6.24,116681,187,买盘
822,10:11:05,6.24,73597,118,买盘
823,10:11:08,6.24,108488,174,买盘
824,10:11:11,6.24,86104,138,买盘
825,10:11:14,6.23,55458,89,卖盘
826,10:11:17,6.24,279446,448,买盘
827,10:11:20,6.24,142853,229,买盘
828,10:11:23,6.24,72971,117,买盘
829,10:11:26,6.23,11838,19,卖盘
830,10:11:29,6.24,71720,115,买盘
831,10:11:32,6.23,206427,331,卖盘
832,10:11:35,6.23,330654,530,卖盘
833,10:11:38,6.23,58568,94,卖盘
834,10:11:41,6.24,124765,200,买盘
835,10:11:44,6.24,57990,93,买盘
836,10:11:47,6.23,36759,59,卖盘
837,10:11:50,6.24,19344,31,买盘
838,10:11:53,6.24,110355,177,买盘
839,10:11:56,6.24,819260,1313,买盘
840,10:11:59,6.24,76091,122,买盘
841,10:12:02,6.24,662840,1063,买盘
842,10:12:05,6.23,126554,203,卖盘
843,10:12:08,6.24,466320,748,买盘
844,10:12:11,6.24,80437,129,买盘
845,10:12:14,6.24,136656,219,买盘
846,10:12:17,6.24,92914,149,买盘
847,10:12:20,6.23,47360,76,卖盘
848,10:12:23,6.24,75477,121,买盘
849,10:12:26,6.23,276064,443,卖盘
850,10:12:29,6.24,194615,312,买盘
851,10:12:32,6.24,136608,219,买盘
852,10:12:35,6.23,129708,208,卖盘
853,10:12:38,6.24,57976,93,买盘
854,10:12:41,6.23,94133,151,卖盘
855,10:12:44,6.24,34270,55,买盘
856,10:12:47,6.23,65430,105,卖盘
857,10:12:50,6.24,97910,157,买盘
858,10:12:53,6.24,40505,65,买盘
859,10:12:56,6.23,46149,74,卖盘
860,10:12:59,6.23,35520,57,卖盘
861,10:13:02,6.24,137873,221,买盘
862,10:13:05,6.24,93566,150,买盘
863,10:13:08,6.23,24927,40,卖盘
864,10:13:11,6.23,70401,113,卖盘
865,10:13:14,6.24,66142,106,买盘
866,10:13:17,6.24,41770,67,买盘
867,10:13:20,6.23,26798,43,卖盘
868,10:13:23,6.24,87360,140,买盘
869,10:13:26,6.24,31791,51,买盘
870,10:13:29,6.23,98483,158,卖盘
871,10:13:32,6.24,125423,201,买盘
872,10:13:35,6.23,96051,154,卖盘
873,10:13:38,6.24,54912,88,买盘
874,10:13:41,6.23,68532,110,卖盘
875,10:13:44,6.24,87944,141,买盘
876,10:13:47,6.23,43624,70,卖盘
877,10:13:50,6.23,55457,89,卖盘
878,10:13:53,6.24,860473,1379,买盘
879,10:13:56,6.24,218702,351,买盘
880,10:13:59,6.24,85488,137,买盘
881,10:14:02,6.24,26174,42,买盘
882,10:14:05,6.23,21829,35,卖盘
883,10:14:08,6.23,52343,84,卖盘
884,10:14:11,6.24,107265,172,买盘
885,10:14:14,6.23,44270,71,卖盘
886,10:14:17,6.23,54277,87,卖盘
887,10:14:20,6.24,1248,2,买盘
888,10:14:23,6.23,227406,365,卖盘
889,10:14:26,6.23,107312,172,卖盘
890,10:14:29,6.24,107162,172,买盘
891,10:14:32,6.24,113548,182,买盘
892,10:14:35,6.23,296688,476,卖盘
893,10:14:38,6.24,146623,235,买盘
894,10:14:41,6.23,220219,353,卖盘
895,10:14:44,6.24,49222,79,买盘
896,10:14:47,6.23,74231,119,卖盘
897,10:14:50,6.24,832860,1335,买盘
898,10:14:53,6.24,333163,534,买盘
899,10:14:56,6.23,150953,242,卖盘
900,10:14:59,6.24,106703,171,买盘
901,10:15:02,6.24,125392,201,买盘
902,10:15:05,6.23,94223,151,卖盘
903,10:15:08,6.24,22430,36,买盘
904,10:15:11,6.24,50487,81,买盘
905,10:15:14,6.23,44927,72,卖盘
906,10:15:17,6.24,41776,67,买盘
907,10:15:20,6.24,34276,55,买盘
908,10:15:23,6.24,101009,162,买盘
909,10:15:26,6.23,197151,316,卖盘
910,10:15:29,6.23,103569,166,卖盘
911,10:15:32,6.24,173388,278,买盘
912,10:15:35,6.23,406820,652,卖盘
913,10:15:38,6.24,72350,116,买盘
914,10:15:41,6.24,33688,54,买盘
915,10:15:44,6.24,182798,293,买盘
916,10:15:47,6.23,37382,60,卖盘
917,10:15:50,6.24,4992,8,买盘
918,10:15:53,6.24,124142,199,买盘
919,10:15:56,6.24,83572,134,买盘
920,10:15:59,6.24,86717,139,买盘
921,10:16:02,6.24,135977,218,买盘
922,10:16:05,6.24,38659,62,买盘
923,10:16:08,6.24,124747,200,买盘
924,10:16:11,6.24,66728,107,买盘
925,10:16:14,6.24,986476,1581,买盘
926,10:16:17,6.23,126589,203,卖盘
927,10:16:20,6.24,438662,703,买盘
928,10:16:23,6.23,4391670,7038,卖盘
929,10:16:26,6.24,1958112,3138,买盘
930,10:16:29,6.24,521035,835,买盘
931,10:16:32,6.24,680180,1090,买盘
932,10:16:35,6.24,2399376,3840,卖盘
933,10:16:38,6.24,239105,383,卖盘
934,10:16:41,6.25,2466169,3946,买盘
935,10:16:44,6.24,229988,368,卖盘
936,10:16:47,6.24,721814,1155,卖盘
937,10:16:50,6.24,318876,511,卖盘
938,10:16:53,6.24,7028741,11264,卖盘
939,10:16:56,6.24,2650270,4243,卖盘
940,10:16:59,6.24,80496,129,卖盘
941,10:17:02,6.24,302802,485,卖盘
942,10:17:05,6.24,111704,179,卖盘
943,10:17:08,6.24,439920,705,卖盘
944,10:17:11,6.24,750814,1202,卖盘
945,10:17:14,6.24,76765,123,卖盘
946,10:17:17,6.24,512011,820,卖盘
947,10:17:20,6.24,149147,239,卖盘
948,10:17:23,6.24,500228,801,卖盘
949,10:17:26,6.24,19968,32,卖盘
950,10:17:29,6.25,184339,295,买盘
951,10:17:32,6.24,112481,180,卖盘
952,10:17:35,6.24,305283,489,卖盘
953,10:17:38,6.24,327879,525,卖盘
954,10:17:41,6.24,172227,276,卖盘
955,10:17:44,6.24,236065,378,卖盘
956,10:17:47,6.25,218403,350,买盘
957,10:17:50,6.24,335293,537,卖盘
958,10:17:53,6.24,197184,316,卖盘
959,10:17:56,6.24,209049,335,卖盘
960,10:17:59,6.24,359216,575,卖盘
961,10:18:02,6.24,449612,720,卖盘
962,10:18:05,6.25,313013,501,买盘
963,10:18:08,6.24,104208,167,卖盘
964,10:18:11,6.25,544331,872,买盘
965,10:18:14,6.24,49920,80,卖盘
966,10:18:17,6.24,216216,346,卖盘
967,10:18:20,6.25,134921,216,买盘
968,10:18:23,6.25,36874,59,买盘
969,10:18:26,6.25,106218,170,买盘
970,10:18:29,6.24,127424,204,卖盘
971,10:18:32,6.24,112418,180,卖盘
972,10:18:35,6.25,352562,565,买盘
973,10:18:38,6.25,182439,292,买盘
974,10:18:41,6.25,142988,229,买盘
975,10:18:44,6.25,71875,115,买盘
976,10:18:47,6.25,120548,193,买盘
977,10:18:50,6.25,114308,183,买盘
978,10:18:53,6.24,32450,52,卖盘
979,10:18:56,6.25,170520,273,买盘
980,10:18:59,6.25,55615,89,买盘
981,10:19:02,6.24,80497,129,卖盘
982,10:19:05,6.24,276742,443,卖盘
983,10:19:08,6.25,204183,327,买盘
984,10:19:11,6.24,233012,373,卖盘
985,10:19:14,6.25,174912,280,买盘
986,10:19:17,6.24,860420,1377,卖盘
987,10:19:20,6.25,9374,15,买盘
988,10:19:23,6.25,316211,506,买盘
989,10:19:26,6.25,20625,33,买盘
990,10:19:29,6.25,1250,2,买盘
991,10:19:32,6.25,66836,107,买盘
992,10:19:35,6.25,150565,241,买盘
993,10:19:38,6.25,113687,182,买盘
994,10:19:41,6.25,16250,26,买盘
995,10:19:44,6.25,124962,200,买盘
996,10:19:47,6.24,110584,177,卖盘
997,10:19:50,6.25,280000,448,买盘
998,10:19:53,6.25,3076843,4923,买盘
999,10:19:56,6.25,589987,944,买盘
1000,10:19:59,6.25,203746,326,买盘
1001,10:20:02,6.25,424963,680,买盘
1002,10:20:05,6.24,200618,321,卖盘
1003,10:20:08,6.25,310000,496,买盘
1004,10:20:11,6.25,204334,327,买盘
1005,10:20:14,6.25,246875,395,买盘
1006,10:20:17,6.25,75625,121,买盘
1007,10:20:20,6.25,465000,744,买盘
1008,10:20:23,6.24,273738,438,卖盘
1009,10:20:26,6.25,46833,75,买盘
1010,10:20:29,6.24,91836,147,卖盘
1011,10:20:32,6.24,3744,6,卖盘
1012,10:20:35,6.25,96166,154,买盘
1013,10:20:38,6.24,144280,231,卖盘
1014,10:20:41,6.24,58036,93,卖盘
1015,10:20:44,6.24,424564,680,卖盘
1016,10:20:47,6.24,83626,134,卖盘
1017,10:20:50,6.25,238690,382,买盘
1018,10:20:53,6.24,69290,111,卖盘
1019,10:20:56,6.25,131819,211,买盘
1020,10:20:59,6.24,10614,17,卖盘
1021,10:21:02,6.24,71844,115,卖盘
1022,10:21:05,6.24,247490,396,卖盘
1023,10:21:08,6.25,291503,467,买盘
1024,10:21:11,6.25,929374,1487,买盘
1025,10:21:14,6.24,293296,470,卖盘
1026,10:21:17,6.24,8649856,13861,卖盘
1027,10:21:20,6.24,49864,80,买盘
1028,10:21:23,6.24,120390,193,买盘
1029,10:21:26,6.24,940989,1508,买盘
1030,10:21:29,6.24,432432,693,买盘
1031,10:21:32,6.23,3118,5,卖盘
1032,10:21:35,6.24,112944,181,买盘
1033,10:21:38,6.23,25583,41,卖盘
1034,10:21:41,6.24,153482,246,买盘
1035,10:21:44,6.24,44885,72,买盘
1036,10:21:47,6.24,166606,267,买盘
1037,10:21:50,6.24,26208,42,买盘
1038,10:21:53,6.24,272445,437,买盘
1039,10:21:56,6.24,144058,231,买盘
1040,10:21:59,6.24,250755,402,买盘
1041,10:22:02,6.23,63023,101,卖盘
1042,10:22:05,6.24,180921,290,买盘
1043,10:22:08,6.24,20592,33,买盘
1044,10:22:11,6.24,540345,866,买盘
1045,10:22:14,6.24,391825,628,买盘
1046,10:22:17,6.23,10597,17,卖盘
1047,10:22:20,6.24,300108,481,买盘
1048,10:22:23,6.23,623,1,卖盘
1049,10:22:26,6.23,164696,264,卖盘
1050,10:22:29,6.23,101050,162,卖盘
1051,10:22:32,6.23,241470,387,卖盘
1052,10:22:35,6.24,99177,159,买盘
1053,10:22:38,6.24,166608,267,买盘
1054,10:22:41,6.24,317572,509,买盘
1055,10:22:44,6.24,345007,553,买盘
1056,10:22:47,6.24,317564,509,买盘
1057,10:22:50,6.23,122163,196,卖盘
1058,10:22:53,6.23,325097,521,卖盘
1059,10:22:56,6.23,76081,122,卖盘
1060,10:22:59,6.23,182684,293,卖盘
1061,10:23:02,6.24,491712,788,买盘
1062,10:23:05,6.24,123519,198,买盘
1063,10:23:08,6.24,272685,437,买盘
1064,10:23:11,6.23,112901,181,卖盘
1065,10:23:14,6.24,197798,317,买盘
1066,10:23:17,6.24,36816,59,买盘
1067,10:23:20,6.24,9974,16,买盘
1068,10:23:23,6.23,171560,275,卖盘
1069,10:23:26,6.24,14976,24,买盘
1070,10:23:29,6.23,157167,252,卖盘
1071,10:23:32,6.24,161583,259,买盘
1072,10:23:35,6.24,13698671,21953,买盘
1073,10:23:38,6.25,226184,362,买盘
1074,10:23:41,6.25,211205,338,买盘
1075,10:23:44,6.24,6139263,9823,卖盘
1076,10:23:47,6.25,1165375,1867,买盘
1077,10:23:50,6.25,1678244,2687,买盘
1078,10:23:53,6.25,8750,14,买盘
1079,10:23:56,6.25,354368,567,买盘
1080,10:23:59,6.25,83125,133,买盘
1081,10:24:02,6.25,103078,165,买盘
1082,10:24:05,6.25,181250,290,买盘
1083,10:24:08,6.25,26215,42,买盘
1084,10:24:11,6.25,285624,457,买盘
1085,10:24:14,6.24,76166,122,卖盘
1086,10:24:17,6.25,213125,341,买盘
1087,10:24:20,6.24,80613,129,卖盘
1088,10:24:23,6.25,180000,288,买盘
1089,10:24:26,6.24,22467,36,卖盘
1090,10:24:29,6.25,94901,152,买盘
1091,10:24:32,6.24,989835,1584,卖盘
1092,10:24:35,6.24,13728,22,卖盘
1093,10:24:38,6.24,430565,689,卖盘
1094,10:24:41,6.24,155376,249,卖盘
1095,10:24:44,6.24,188098,301,卖盘
1096,10:24:47,6.25,26250,42,买盘
1097,10:24:50,6.24,71760,115,卖盘
1098,10:24:53,6.24,1579245,2530,卖盘
1099,10:24:56,6.25,82391,132,买盘
1100,10:24:59,6.24,624980,1000,卖盘
1101,10:25:02,6.24,119253,191,卖盘
1102,10:25:05,6.24,274985,440,卖盘
1103,10:25:08,6.25,3125,5,买盘
1104,10:25:11,6.25,128747,206,买盘
1105,10:25:14,6.24,122389,196,卖盘
1106,10:25:17,6.25,254894,408,买盘
1107,10:25:20,6.25,242499,388,买盘
1108,10:25:23,6.25,147487,236,买盘
1109,10:25:26,6.25,259965,416,买盘
1110,10:25:29,6.25,106870,171,买盘
1111,10:25:32,6.24,493531,790,卖盘
1112,10:25:35,6.25,1051659,1683,买盘
1113,10:25:38,6.24,79873,128,卖盘
1114,10:25:41,6.24,629281,1007,卖盘
1115,10:25:44,6.24,64272,103,卖盘
1116,10:25:47,6.25,124375,199,买盘
1117,10:25:50,6.24,73632,118,卖盘
1118,10:25:53,6.24,139361,223,卖盘
1119,10:25:56,6.25,26868,43,买盘
1120,10:25:59,6.24,89370,143,卖盘
1121,10:26:02,6.24,103711,166,卖盘
1122,10:26:05,6.24,112994,181,卖盘
1123,10:26:08,6.24,10090704,16171,卖盘
1124,10:26:11,6.24,1000020,1605,买盘
1125,10:26:14,6.23,325306,522,卖盘
1126,10:26:17,6.24,99112,159,买盘
1127,10:26:20,6.23,79171,127,卖盘
1128,10:26:23,6.24,33696,54,买盘
1129,10:26:26,6.23,125850,202,卖盘
1130,10:26:29,6.24,31200,50,买盘
1131,10:26:32,6.24,52352,84,买盘
1132,10:26:35,6.23,3115,5,卖盘
1133,10:26:41,6.24,39902,64,买盘
1134,10:26:44,6.23,623,1,卖盘
1135,10:26:47,6.24,3743,6,买盘
1136,10:26:50,6.23,57944,93,卖盘
1137,10:26:53,6.24,4366,7,买盘
1138,10:26:56,6.24,24924,40,买盘
1139,10:26:59,6.23,6234,10,卖盘
1140,10:27:02,6.23,59834,96,卖盘
1141,10:27:05,6.24,38681,62,买盘
1142,10:27:08,6.24,115430,185,买盘
1143,10:27:11,6.24,201452,323,买盘
1144,10:27:14,6.24,71760,115,买盘
1145,10:27:17,6.24,33041,53,买盘
1146,10:27:20,6.23,1871,3,卖盘
1147,10:27:23,6.23,14332,23,卖盘
1148,10:27:26,6.24,135395,217,买盘
1149,10:27:29,6.23,20559,33,卖盘
1150,10:27:32,6.24,78000,125,买盘
1151,10:27:38,6.24,191536,307,买盘
1152,10:27:41,6.24,8736,14,买盘
1153,10:27:44,6.24,751296,1204,买盘
1154,10:27:47,6.23,21182,34,卖盘
1155,10:27:50,6.23,4984,8,卖盘
1156,10:27:53,6.23,33658,54,卖盘
1157,10:27:56,6.23,68582,110,卖盘
1158,10:27:59,6.23,533305,856,卖盘
1159,10:28:02,6.22,15633025,25094,卖盘
1160,10:28:05,6.22,1380607,2219,卖盘
1161,10:28:08,6.22,465878,749,卖盘
1162,10:28:11,6.22,115078,185,卖盘
1163,10:28:14,6.22,92058,148,卖盘
1164,10:28:17,6.23,133122,214,买盘
1165,10:28:20,6.23,32357,52,买盘
1166,10:28:23,6.22,52248,84,卖盘
1167,10:28:26,6.23,21182,34,买盘
1168,10:28:29,6.22,72778,117,卖盘
1169,10:28:32,6.22,12459,20,卖盘
1170,10:28:35,6.22,26132,42,卖盘
1171,10:28:38,6.23,148181,238,买盘
1172,10:28:41,6.23,216076,347,买盘
1173,10:28:44,6.22,149331,240,卖盘
1174,10:28:47,6.23,186700,300,买盘
1175,10:28:50,6.23,111401,179,买盘
1176,10:28:53,6.22,341556,549,卖盘
1177,10:28:56,6.22,69685,112,卖盘
1178,10:28:59,6.22,71533,115,卖盘
1179,10:29:02,6.22,237688,382,卖盘
1180,10:29:05,6.22,171799,276,卖盘
1181,10:29:08,6.22,140708,226,卖盘
1182,10:29:11,6.23,137592,221,买盘
1183,10:29:14,6.23,72802,117,买盘
1184,10:29:17,6.22,235819,379,卖盘
1185,10:29:20,6.22,19282,31,卖盘
1186,10:29:23,6.23,184291,296,买盘
1187,10:29:26,6.22,21780,35,卖盘
1188,10:29:29,6.23,93935,151,买盘
1189,10:29:32,6.23,250934,403,买盘
1190,10:29:35,6.22,318629,512,卖盘
1191,10:29:38,6.22,275868,443,卖盘
1192,10:29:41,6.22,62842,101,卖盘
1193,10:29:44,6.23,247092,397,买盘
1194,10:29:47,6.22,45406,73,卖盘
1195,10:29:50,6.23,99641,160,买盘
1196,10:29:53,6.22,138261,222,卖盘
1197,10:29:56,6.23,232155,373,买盘
1198,10:29:59,6.23,135779,218,买盘
1199,10:30:02,6.22,84598,136,卖盘
1200,10:30:05,6.23,191820,308,买盘
1201,10:30:08,6.22,91544,147,卖盘
1202,10:30:11,6.23,99036,159,买盘
1203,10:30:14,6.23,586820,942,买盘
1204,10:30:17,6.23,335721,539,买盘
1205,10:30:20,6.23,276356,444,买盘
1206,10:30:23,6.23,206745,332,买盘
1207,10:30:26,6.23,31150,50,买盘
1208,10:30:29,6.23,138261,222,买盘
1209,10:30:32,6.23,598570,961,买盘
1210,10:30:35,6.23,166141,267,买盘
1211,10:30:38,6.23,335102,538,买盘
1212,10:30:41,6.22,23636,38,卖盘
1213,10:30:44,6.22,563541,906,卖盘
1214,10:30:47,6.22,329375,529,卖盘
1215,10:30:50,6.22,253155,407,卖盘
1216,10:30:53,6.22,62825,101,卖盘
1217,10:30:56,6.22,217388,349,卖盘
1218,10:30:59,6.22,212799,342,卖盘
1219,10:31:02,6.22,331200,532,卖盘
1220,10:31:05,6.22,144943,233,卖盘
1221,10:31:08,6.22,10365324,16664,卖盘
1222,10:31:11,6.22,4998388,8036,卖盘
1223,10:31:14,6.22,1687193,2715,买盘
1224,10:31:17,6.22,622622,1001,卖盘
1225,10:31:20,6.22,493851,793,卖盘
1226,10:31:23,6.22,179872,289,卖盘
1227,10:31:26,6.22,135599,218,卖盘
1228,10:31:29,6.23,925012,1487,买盘
1229,10:31:32,6.22,130697,210,卖盘
1230,10:31:35,6.22,102641,165,卖盘
1231,10:31:38,6.22,384351,617,卖盘
1232,10:31:41,6.22,3622724,5824,卖盘
1233,10:31:44,6.22,522449,840,卖盘
1234,10:31:47,6.22,1861878,2992,卖盘
1235,10:31:50,6.22,770101,1238,买盘
1236,10:31:53,6.22,736945,1183,卖盘
1237,10:31:56,6.22,78994,127,卖盘
1238,10:31:59,6.22,679445,1092,卖盘
1239,10:32:02,6.22,13062,21,卖盘
1240,10:32:05,6.23,239197,384,买盘
1241,10:32:08,6.22,102025,164,卖盘
1242,10:32:11,6.23,114627,184,买盘
1243,10:32:14,6.22,56660,91,卖盘
1244,10:32:17,6.23,95308,153,买盘
1245,10:32:20,6.23,166824,268,买盘
1246,10:32:23,6.22,57224,92,卖盘
1247,10:32:26,6.22,137651,221,卖盘
1248,10:32:29,6.23,143256,230,买盘
1249,10:32:32,6.23,139552,224,买盘
1250,10:32:35,6.23,33598,54,买盘
1251,10:32:38,6.23,130185,209,买盘
1252,10:32:41,6.23,121394,195,买盘
1253,10:32:44,6.23,290318,466,买盘
1254,10:32:47,6.23,68530,110,买盘
1255,10:32:50,6.23,119579,192,买盘
1256,10:32:53,6.22,41052,66,卖盘
1257,10:32:56,6.22,72187,116,卖盘
1258,10:32:59,6.23,298261,479,买盘
1259,10:33:02,6.22,799718,1284,卖盘
1260,10:33:05,6.22,93300,150,卖盘
1261,10:33:08,6.22,575764,925,卖盘
1262,10:33:11,6.22,4354,7,卖盘
1263,10:33:14,6.23,420070,675,买盘
1264,10:33:17,6.23,2328095,3737,买盘
1265,10:33:20,6.23,1023589,1643,买盘
1266,10:33:23,6.22,148858,239,卖盘
1267,10:33:26,6.23,203721,327,买盘
1268,10:33:29,6.23,57901,93,买盘
1269,10:33:32,6.23,54824,88,买盘
1270,10:33:35,6.23,110827,178,买盘
1271,10:33:38,6.22,61016,98,卖盘
1272,10:33:44,6.23,288006,463,买盘
1273,10:33:47,6.23,158196,254,买盘
1274,10:33:50,6.23,23637,38,买盘
1275,10:33:56,6.22,49168,79,卖盘
1276,10:33:59,6.22,77195,124,卖盘
1277,10:34:02,6.23,1246,2,买盘
1278,10:34:05,6.22,22392,36,卖盘
1279,10:34:08,6.22,125022,201,卖盘
1280,10:34:11,6.23,89676,144,买盘
1281,10:34:14,6.23,15552,25,买盘
1282,10:34:20,6.23,61579,99,买盘
1283,10:34:23,6.23,86530,139,买盘
1284,10:34:26,6.23,20535,33,买盘
1285,10:34:29,6.22,85254,137,卖盘
1286,10:34:32,6.22,34832,56,卖盘
1287,10:34:35,6.23,38626,62,买盘
1288,10:34:38,6.22,83980,135,卖盘
1289,10:34:41,6.22,34263,55,卖盘
1290,10:34:44,6.22,90193,145,卖盘
1291,10:34:47,6.23,181676,292,买盘
1292,10:34:50,6.22,35461,57,卖盘
1293,10:34:53,6.22,174258,280,卖盘
1294,10:34:56,6.22,65310,105,卖盘
1295,10:34:59,6.22,116314,187,卖盘
1296,10:35:02,6.23,376478,605,买盘
1297,10:35:05,6.22,80247,129,卖盘
1298,10:35:08,6.23,118993,191,买盘
1299,10:35:11,6.23,1137349,1826,买盘
1300,10:35:14,6.22,426053,684,卖盘
1301,10:35:17,6.22,21158,34,卖盘
1302,10:35:20,6.22,217995,350,卖盘
1303,10:35:23,6.23,150143,241,买盘
1304,10:35:26,6.23,1219211,1957,买盘
1305,10:35:29,6.22,595502,956,卖盘
1306,10:35:32,6.22,66555,107,卖盘
1307,10:35:35,6.23,79121,127,买盘
1308,10:35:38,6.22,52870,85,卖盘
1309,10:35:41,6.23,3845748,6173,买盘
1310,10:35:44,6.23,1958915,3141,卖盘
1311,10:35:47,6.24,624,1,买盘
1312,10:35:50,6.24,245816,394,买盘
1313,10:35:53,6.23,11220,18,卖盘
1314,10:35:56,6.24,204566,328,买盘
1315,10:35:59,6.24,93600,150,买盘
1316,10:36:02,6.24,6240,10,买盘
1317,10:36:05,6.23,343738,551,卖盘
1318,10:36:08,6.23,286831,460,卖盘
1319,10:36:11,6.23,213066,342,卖盘
1320,10:36:14,6.23,194578,312,卖盘
1321,10:36:17,6.23,101590,163,卖盘
1322,10:36:20,6.23,89189,143,卖盘
1323,10:36:23,6.23,36135,58,卖盘
1324,10:36:26,6.23,108402,174,卖盘
1325,10:36:29,6.24,104207,167,买盘
1326,10:36:32,6.24,227760,365,买盘
1327,10:36:35,6.24,281393,451,买盘
1328,10:36:38,6.24,34944,56,买盘
1329,10:36:41,6.24,97312,156,买盘
1330,10:36:44,6.24,861087,1380,买盘
1331,10:36:47,6.23,77345,124,卖盘
1332,10:36:50,6.23,350635,562,卖盘
1333,10:36:53,6.23,38003,61,卖盘
1334,10:36:56,6.24,39304,63,买盘
1335,10:36:59,6.23,67362,108,卖盘
1336,10:37:02,6.23,268254,430,卖盘
1337,10:37:05,6.24,449994,722,买盘
1338,10:37:08,6.23,177719,285,卖盘
1339,10:37:11,6.24,321321,515,买盘
1340,10:37:14,6.23,316309,507,卖盘
1341,10:37:17,6.23,23674,38,卖盘
1342,10:37:20,6.24,1338463,2145,买盘
1343,10:37:23,6.24,470496,754,买盘
1344,10:37:26,6.24,21183,34,买盘
1345,10:37:29,6.24,35568,57,买盘
1346,10:37:32,6.24,30533,49,买盘
1347,10:37:38,6.24,47419,76,买盘
1348,10:37:41,6.23,98434,158,卖盘
1349,10:37:44,6.24,44304,71,买盘
1350,10:37:47,6.23,43018,69,卖盘
1351,10:37:53,6.24,74825,120,买盘
1352,10:37:56,6.23,57381,92,卖盘
1353,10:37:59,6.24,6863,11,买盘
1354,10:38:02,6.23,31775,51,卖盘
1355,10:38:05,6.23,892220,1430,卖盘
1356,10:38:08,6.24,401803,644,买盘
1357,10:38:11,6.24,26172,42,买盘
1358,10:38:14,6.24,109824,176,买盘
1359,10:38:17,6.24,31180,50,买盘
1360,10:38:20,6.23,20559,33,卖盘
1361,10:38:23,6.24,72336,116,买盘
1362,10:38:26,6.24,19938,32,买盘
1363,10:38:29,6.23,28658,46,卖盘
1364,10:38:32,6.24,9346,15,买盘
1365,10:38:38,6.24,104799,168,买盘
1366,10:38:41,6.24,107328,172,买盘
1367,10:38:44,6.23,8104,13,卖盘
1368,10:38:47,6.24,46140,74,买盘
1369,10:38:50,6.24,71760,115,买盘
1370,10:38:53,6.23,80383,129,卖盘
1371,10:38:56,6.24,101047,162,买盘
1372,10:38:59,6.23,43045,69,卖盘
1373,10:39:02,6.23,57375,92,卖盘
1374,10:39:05,6.24,2496,4,买盘
1375,10:39:08,6.23,9968,16,卖盘
1376,10:39:11,6.23,11230,18,卖盘
1377,10:39:14,6.24,77376,124,买盘
1378,10:39:17,6.24,65488,105,买盘
1379,10:39:20,6.23,623,1,卖盘
1380,10:39:23,6.24,835483,1339,买盘
1381,10:39:26,6.24,1248,2,买盘
1382,10:39:29,6.23,64234,103,卖盘
1383,10:39:32,6.24,211536,339,买盘
1384,10:39:35,6.24,284544,456,买盘
1385,10:39:38,6.23,184669,296,卖盘
1386,10:39:41,6.23,179701,288,卖盘
1387,10:39:44,6.24,79869,128,买盘
1388,10:39:47,6.24,242060,388,买盘
1389,10:39:50,6.24,144102,231,买盘
1390,10:39:53,6.24,3373968,5407,买盘
1391,10:39:56,6.23,631481,1012,卖盘
1392,10:39:59,6.24,292024,468,买盘
1393,10:40:02,6.24,333216,534,买盘
1394,10:40:05,6.24,1502606,2408,买盘
1395,10:40:08,6.24,517629,829,卖盘
1396,10:40:11,6.25,988264,1582,买盘
1397,10:40:14,6.24,64281,103,卖盘
1398,10:40:17,6.25,191854,307,买盘
1399,10:40:20,6.25,978124,1565,买盘
1400,10:40:23,6.24,180617,289,卖盘
1401,10:40:26,6.24,359328,575,卖盘
1402,10:40:29,6.24,109201,175,卖盘
1403,10:40:32,6.25,312789,501,买盘
1404,10:40:35,6.24,152427,244,卖盘
1405,10:40:38,6.25,242376,388,买盘
1406,10:40:41,6.25,171215,274,买盘
1407,10:40:44,6.24,142456,228,卖盘
1408,10:40:47,6.25,147500,236,买盘
1409,10:40:50,6.25,139921,224,买盘
1410,10:40:53,6.25,141854,227,买盘
1411,10:40:56,6.24,136821,219,卖盘
1412,10:40:59,6.24,30617,49,卖盘
1413,10:41:02,6.25,93716,150,买盘
1414,10:41:05,6.24,111853,179,卖盘
1415,10:41:08,6.25,28750,46,买盘
1416,10:41:11,6.24,71214,114,卖盘
1417,10:41:14,6.24,341952,548,卖盘
1418,10:41:17,6.24,262945,421,卖盘
1419,10:41:20,6.24,138582,222,卖盘
1420,10:41:23,6.24,712866,1142,卖盘
1421,10:41:26,6.24,58037,93,卖盘
1422,10:41:29,6.25,312415,500,买盘
1423,10:41:32,6.24,349316,559,卖盘
1424,10:41:35,6.25,270000,432,买盘
1425,10:41:38,6.25,56242,90,买盘
1426,10:41:41,6.25,270542,433,买盘
1427,10:41:44,6.25,7500,12,买盘
1428,10:41:47,6.24,214278,343,卖盘
1429,10:41:50,6.25,185000,296,买盘
1430,10:41:53,6.25,125000,200,买盘
1431,10:41:56,6.25,98716,158,买盘
1432,10:41:59,6.24,122381,196,卖盘
1433,10:42:02,6.25,110588,177,买盘
1434,10:42:05,6.24,11235,18,卖盘
1435,10:42:08,6.24,94347,151,卖盘
1436,10:42:11,6.24,48723,78,卖盘
1437,10:42:14,6.24,90578,145,卖盘
1438,10:42:17,6.25,33737,54,买盘
1439,10:42:20,6.25,48750,78,买盘
1440,10:42:23,6.24,93718,150,卖盘
1441,10:42:26,6.25,596015,955,买盘
1442,10:42:29,6.24,61237,98,卖盘
1443,10:42:32,6.25,121688,195,买盘
1444,10:42:35,6.25,421201,674,买盘
1445,10:42:38,6.24,72384,116,卖盘
1446,10:42:41,6.24,276841,443,卖盘
1447,10:42:44,6.24,18108,29,卖盘
1448,10:42:47,6.25,246250,394,买盘
1449,10:42:50,6.24,63024,101,卖盘
1450,10:42:53,6.25,123125,197,买盘
1451,10:42:56,6.25,175591,281,买盘
1452,10:42:59,6.25,146034,234,买盘
1453,10:43:02,6.25,189241,303,买盘
1454,10:43:05,6.25,10000,16,买盘
1455,10:43:08,6.25,123744,198,买盘
1456,10:43:11,6.25,206153,330,买盘
1457,10:43:14,6.25,270597,433,买盘
1458,10:43:17,6.25,306230,490,买盘
1459,10:43:20,6.25,70580,113,买盘
1460,10:43:23,6.24,341628,547,卖盘
1461,10:43:26,6.25,60000,96,买盘
1462,10:43:29,6.25,323698,518,买盘
1463,10:43:32,6.25,145625,233,买盘
1464,10:43:35,6.25,17143289,27429,买盘
1465,10:43:38,6.26,6825858,10906,买盘
1466,10:43:41,6.26,2934592,4690,买盘
1467,10:43:44,6.25,1664630,2660,卖盘
1468,10:43:47,6.26,575596,920,买盘
1469,10:43:50,6.25,379332,606,卖盘
1470,10:43:53,6.26,481114,769,买盘
1471,10:43:56,6.26,630519,1008,买盘
1472,10:43:59,6.26,369949,591,买盘
1473,10:44:02,6.25,457982,732,卖盘
1474,10:44:05,6.26,284830,455,买盘
1475,10:44:08,6.25,414708,663,卖盘
1476,10:44:11,6.25,343017,548,卖盘
1477,10:44:14,6.25,378602,605,卖盘
1478,10:44:17,6.26,516425,825,买盘
1479,10:44:20,6.25,273179,437,卖盘
1480,10:44:23,6.26,736094,1176,买盘
1481,10:44:26,6.25,9385,15,卖盘
1482,10:44:29,6.26,481351,769,买盘
1483,10:44:32,6.25,150124,240,卖盘
1484,10:44:35,6.26,533275,852,买盘
1485,10:44:38,6.26,62594,100,买盘
1486,10:44:41,6.25,647180,1034,卖盘
1487,10:44:44,6.25,215207,344,卖盘
1488,10:44:47,6.26,355430,568,买盘
1489,10:44:50,6.25,12213148,19541,卖盘
1490,10:44:53,6.24,728382,1167,卖盘
1491,10:44:56,6.25,174231,279,买盘
1492,10:44:59,6.25,646190,1034,买盘
1493,10:45:02,6.24,37442,60,卖盘
1494,10:45:05,6.25,476875,763,买盘
1495,10:45:08,6.25,89963,144,买盘
1496,10:45:11,6.25,593069,949,买盘
1497,10:45:14,6.24,145393,233,卖盘
1498,10:45:17,6.25,740499,1185,买盘
1499,10:45:20,6.25,1217484,1948,买盘
1500,10:45:23,6.25,470624,753,买盘
1501,10:45:26,6.25,588750,942,买盘
1502,10:45:29,6.25,449375,719,买盘
1503,10:45:32,6.25,1043125,1669,买盘
1504,10:45:35,6.25,639667,1023,买盘
1505,10:45:38,6.25,685704,1097,卖盘
1506,10:45:41,6.25,1521113,2431,卖盘
1507,10:45:44,6.25,6250,10,卖盘
1508,10:45:47,6.25,781990,1250,卖盘
1509,10:45:50,6.25,1285015,2056,卖盘
1510,10:45:53,6.25,699343,1119,买盘
1511,10:45:56,6.25,82484,132,买盘
1512,10:45:59,6.25,336253,538,买盘
1513,10:46:02,6.25,149385,239,买盘
1514,10:46:05,6.25,299101,478,卖盘
1515,10:46:08,6.25,398180,637,卖盘
1516,10:46:11,6.25,267886,428,卖盘
1517,10:46:14,6.25,128750,206,卖盘
1518,10:46:17,6.26,162131,259,买盘
1519,10:46:20,6.26,76983,123,买盘
1520,10:46:23,6.25,63224,101,卖盘
1521,10:46:26,6.25,192766,308,卖盘
1522,10:46:29,6.25,244099,390,卖盘
1523,10:46:32,6.26,193433,309,买盘
1524,10:46:35,6.26,242858,388,买盘
1525,10:46:38,6.25,239643,383,卖盘
1526,10:46:41,6.25,294692,471,卖盘
1527,10:46:44,6.26,301571,482,买盘
1528,10:46:47,6.26,15004,24,买盘
1529,10:46:50,6.26,296494,474,买盘
1530,10:46:53,6.25,9375,15,卖盘
1531,10:46:56,6.25,190879,305,卖盘
1532,10:46:59,6.25,4375,7,卖盘
1533,10:47:02,6.25,123901,198,卖盘
1534,10:47:05,6.26,44404,71,买盘
1535,10:47:08,6.26,50080,80,买盘
1536,10:47:11,6.26,205271,328,买盘
1537,10:47:14,6.25,21250,34,卖盘
1538,10:47:17,6.25,155867,249,卖盘
1539,10:47:20,6.26,20626,33,买盘
1540,10:47:23,6.26,190270,304,买盘
1541,10:47:26,6.26,8135,13,买盘
1542,10:47:29,6.25,319177,510,卖盘
1543,10:47:32,6.25,1875,3,卖盘
1544,10:47:35,6.26,452461,723,买盘
1545,10:47:38,6.25,69482,111,卖盘
1546,10:47:41,6.26,463814,741,买盘
1547,10:47:44,6.26,7512,12,买盘
1548,10:47:47,6.25,214639,343,卖盘
1549,10:47:50,6.26,192783,308,买盘
1550,10:47:53,6.25,171492,274,卖盘
1551,10:47:56,6.25,31291,50,卖盘
1552,10:47:59,6.25,175238,280,卖盘
1553,10:48:02,6.26,59446,95,买盘
1554,10:48:05,6.25,400256,640,卖盘
1555,10:48:08,6.26,10014,16,买盘
1556,10:48:11,6.26,481555,770,买盘
1557,10:48:14,6.26,120192,192,买盘
1558,10:48:17,6.25,2477518,3964,卖盘
1559,10:48:20,6.26,1123634,1795,买盘
1560,10:48:23,6.26,6260,10,买盘
1561,10:48:26,6.25,415329,664,卖盘
1562,10:48:29,6.25,28768,46,卖盘
1563,10:48:32,6.26,378089,604,买盘
1564,10:48:35,6.25,80050,128,卖盘
1565,10:48:38,6.26,681714,1089,买盘
1566,10:48:41,6.26,787508,1258,买盘
1567,10:48:44,6.26,315504,504,买盘
1568,10:48:47,6.26,494506,790,买盘
1569,10:48:50,6.26,284171,454,买盘
1570,10:48:53,6.26,269180,430,买盘
1571,10:48:56,6.25,88877,142,卖盘
1572,10:48:59,6.26,69423,111,买盘
1573,10:49:02,6.26,236002,377,买盘
1574,10:49:05,6.26,174447,279,买盘
1575,10:49:08,6.25,162758,260,卖盘
1576,10:49:11,6.25,147075,235,卖盘
1577,10:49:14,6.26,244763,391,买盘
1578,10:49:17,6.26,136424,218,买盘
1579,10:49:20,6.26,181482,290,买盘
1580,10:49:23,6.26,364171,582,买盘
1581,10:49:26,6.26,95118,152,买盘
1582,10:49:29,6.26,168394,269,买盘
1583,10:49:32,6.26,103884,166,买盘
1584,10:49:35,6.26,6764103,10805,买盘
1585,10:49:38,6.26,471269,752,卖盘
1586,10:49:41,6.27,55132,88,买盘
1587,10:49:44,6.26,4550465,7258,卖盘
1588,10:49:47,6.26,274621,438,卖盘
1589,10:49:50,6.26,1494436,2384,卖盘
1590,10:49:53,6.26,29463,47,卖盘
1591,10:49:56,6.26,737901,1177,卖盘
1592,10:49:59,6.26,444287,709,卖盘
1593,10:50:02,6.27,737332,1176,买盘
1594,10:50:05,6.27,93423,149,买盘
1595,10:50:08,6.27,268182,428,买盘
1596,10:50:11,6.26,316627,505,卖盘
1597,10:50:14,6.26,182327,291,卖盘
1598,10:50:17,6.26,189319,302,卖盘
1599,10:50:20,6.27,88387,141,买盘
1600,10:50:23,6.26,55769,89,卖盘
1601,10:50:26,6.27,271985,434,买盘
1602,10:50:29,6.26,167831,268,卖盘
1603,10:50:32,6.26,335221,535,卖盘
1604,10:50:35,6.26,57652,92,卖盘
1605,10:50:38,6.27,119747,191,买盘
1606,10:50:41,6.26,82639,132,卖盘
1607,10:50:44,6.27,90252,144,买盘
1608,10:50:47,6.26,12530,20,卖盘
1609,10:50:53,6.26,53856,86,卖盘
1610,10:50:56,6.26,15025339,24009,卖盘
1611,10:50:59,6.25,60685,97,卖盘
1612,10:51:02,6.26,674462,1078,买盘
1613,10:51:05,6.25,521738,834,卖盘
1614,10:51:08,6.25,549320,878,卖盘
1615,10:51:11,6.25,23755,38,卖盘
1616,10:51:14,6.25,976998,1561,卖盘
1617,10:51:17,6.26,135709,217,买盘
1618,10:51:20,6.26,905772,1447,买盘
1619,10:51:23,6.25,123129,197,卖盘
1620,10:51:26,6.25,932072,1489,卖盘
1621,10:51:29,6.26,41316,66,买盘
1622,10:51:32,6.26,146484,234,买盘
1623,10:51:35,6.26,1330871,2126,买盘
1624,10:51:38,6.26,202821,324,买盘
1625,10:51:41,6.25,499541,798,卖盘
1626,10:51:44,6.25,64460,103,卖盘
1627,10:51:47,6.26,267302,427,买盘
1628,10:51:50,6.26,163422,261,卖盘
1629,10:51:53,6.26,348056,556,买盘
1630,10:51:56,6.26,610339,975,买盘
1631,10:51:59,6.25,60704,97,卖盘
1632,10:52:02,6.26,274188,438,买盘
1633,10:52:05,6.25,25000,40,卖盘
1634,10:52:08,6.26,195938,313,买盘
1635,10:52:11,6.26,247601,396,买盘
1636,10:52:14,6.26,189052,302,买盘
1637,10:52:17,6.25,12510,20,卖盘
1638,10:52:20,6.26,115184,184,买盘
1639,10:52:26,6.25,143300,229,卖盘
1640,10:52:29,6.26,16878,27,买盘
1641,10:52:32,6.26,495115,791,买盘
1642,10:52:35,6.26,35651,57,买盘
1643,10:52:38,6.26,393128,628,买盘
1644,10:52:41,6.26,902692,1442,买盘
1645,10:52:44,6.26,362536,579,买盘
1646,10:52:47,6.26,701848,1120,卖盘
1647,10:52:50,6.26,775166,1237,卖盘
1648,10:52:53,6.26,512843,818,卖盘
1649,10:52:56,6.27,482093,769,买盘
1650,10:52:59,6.27,273361,436,买盘
1651,10:53:02,6.27,16929,27,买盘
1652,10:53:05,6.27,226974,362,买盘
1653,10:53:08,6.26,77059,123,卖盘
1654,10:53:11,6.27,261459,417,买盘
1655,10:53:14,6.27,451440,720,买盘
1656,10:53:17,6.27,433216,691,买盘
1657,10:53:20,6.26,93943,150,卖盘
1658,10:53:23,6.27,40128,64,买盘
1659,10:53:26,6.26,312740,499,卖盘
1660,10:53:29,6.26,157908,252,卖盘
1661,10:53:32,6.27,317218,506,买盘
1662,10:53:35,6.26,425236,679,卖盘
1663,10:53:38,6.26,433049,691,卖盘
1664,10:53:41,6.26,462856,739,卖盘
1665,10:53:44,6.26,88330,141,卖盘
1666,10:53:47,6.26,1408507,2247,卖盘
1667,10:53:50,6.27,418625,668,买盘
1668,10:53:53,6.26,1083441,1729,卖盘
1669,10:53:56,6.27,422465,674,买盘
1670,10:53:59,6.26,523347,835,卖盘
1671,10:54:02,6.26,125874,201,卖盘
1672,10:54:05,6.26,238882,381,卖盘
1673,10:54:08,6.27,62031,99,买盘
1674,10:54:11,6.26,333956,533,卖盘
1675,10:54:14,6.26,68243,109,卖盘
1676,10:54:17,6.27,246896,394,买盘
1677,10:54:20,6.27,30096,48,买盘
1678,10:54:23,6.27,249464,398,买盘
1679,10:54:26,6.26,212979,340,卖盘
1680,10:54:29,6.27,13167,21,买盘
1681,10:54:32,6.27,307198,490,买盘
1682,10:54:35,6.27,92024,147,买盘
1683,10:54:38,6.26,257661,411,卖盘
1684,10:54:41,6.26,220570,352,卖盘
1685,10:54:44,6.27,423048,675,买盘
1686,10:54:47,6.26,82632,132,卖盘
1687,10:54:50,6.27,220071,351,买盘
1688,10:54:53,6.26,100800,161,卖盘
1689,10:54:56,6.26,485655,775,卖盘
1690,10:54:59,6.26,374220,597,卖盘
1691,10:55:02,6.26,1676639,2678,卖盘
1692,10:55:05,6.26,818055,1305,卖盘
1693,10:55:08,6.27,75240,120,买盘
1694,10:55:11,6.26,310135,495,卖盘
1695,10:55:14,6.26,154637,247,卖盘
1696,10:55:17,6.26,207832,332,卖盘
1697,10:55:20,6.26,379219,605,卖盘
1698,10:55:23,6.27,28212,45,买盘
1699,10:55:26,6.26,284482,454,卖盘
1700,10:55:29,6.26,190503,304,卖盘
1701,10:55:32,6.26,514558,821,卖盘
1702,10:55:35,6.26,347225,554,卖盘
1703,10:55:38,6.26,519002,828,卖盘
1704,10:55:41,6.26,1650239,2636,卖盘
1705,10:55:44,6.27,1245464,1987,买盘
1706,10:55:47,6.26,229450,366,卖盘
1707,10:55:50,6.26,684337,1092,卖盘
1708,10:55:53,6.26,110808,177,卖盘
1709,10:55:56,6.26,657038,1048,卖盘
1710,10:55:59,6.26,76486,122,卖盘
1711,10:56:02,6.27,250735,400,买盘
1712,10:56:05,6.27,1469239,2347,买盘
1713,10:56:08,6.26,42593,68,卖盘
1714,10:56:11,6.27,673315,1074,买盘
1715,10:56:14,6.26,397181,634,卖盘
1716,10:56:17,6.27,191862,306,买盘
1717,10:56:20,6.27,236900,378,买盘
1718,10:56:23,6.26,271281,433,卖盘
1719,10:56:26,6.26,193706,309,卖盘
1720,10:56:29,6.26,287015,458,卖盘
1721,10:56:32,6.26,10388706,16595,卖盘
1722,10:56:35,6.26,286596,458,买盘
1723,10:56:38,6.26,537006,858,买盘
1724,10:56:41,6.26,525840,840,买盘
1725,10:56:44,6.26,652107,1042,买盘
1726,10:56:47,6.26,1878,3,买盘
1727,10:56:50,6.25,841738,1345,卖盘
1728,10:56:53,6.26,8764,14,买盘
1729,10:56:56,6.25,269128,430,卖盘
1730,10:56:59,6.25,61309,98,卖盘
1731,10:57:02,6.26,239130,382,买盘
1732,10:57:05,6.26,103238,165,买盘
1733,10:57:08,6.26,95738,153,买盘
1734,10:57:11,6.26,310349,496,买盘
1735,10:57:14,6.26,35018,56,买盘
1736,10:57:17,6.26,249573,399,买盘
1737,10:57:20,6.25,1435625,2297,卖盘
1738,10:57:23,6.25,1507199,2410,卖盘
1739,10:57:26,6.25,148127,237,卖盘
1740,10:57:29,6.26,8133,13,买盘
1741,10:57:32,6.25,533215,852,卖盘
1742,10:57:35,6.25,80031,128,卖盘
1743,10:57:38,6.25,785842,1257,卖盘
1744,10:57:41,6.25,67500,108,卖盘
1745,10:57:44,6.25,369241,590,卖盘
1746,10:57:50,6.25,365200,584,卖盘
1747,10:57:53,6.25,234748,375,卖盘
1748,10:57:56,6.26,311880,499,买盘
1749,10:57:59,6.25,385506,616,卖盘
1750,10:58:02,6.25,2500,4,卖盘
1751,10:58:05,6.25,383968,614,卖盘
1752,10:58:08,6.25,95629,153,卖盘
1753,10:58:11,6.25,3765625,6025,卖盘
1754,10:58:14,6.24,66791,107,卖盘
1755,10:58:17,6.25,69375,111,买盘
1756,10:58:20,6.25,229986,368,买盘
1757,10:58:23,6.25,63716,102,买盘
1758,10:58:26,6.25,261245,418,买盘
1759,10:58:29,6.25,31250,50,买盘
1760,10:58:32,6.24,194290,311,卖盘
1761,10:58:35,6.24,40560,65,卖盘
1762,10:58:38,6.24,25592,41,卖盘
1763,10:58:41,6.25,231822,371,买盘
1764,10:58:44,6.24,859855,1376,卖盘
1765,10:58:47,6.25,877943,1406,买盘
1766,10:58:53,6.25,221246,354,买盘
1767,10:58:56,6.25,68698,110,买盘
1768,10:58:59,6.25,276753,443,买盘
1769,10:59:02,6.25,113620,182,买盘
1770,10:59:05,6.25,201206,322,买盘
1771,10:59:08,6.24,100554,161,卖盘
1772,10:59:11,6.25,239994,384,买盘
1773,10:59:14,6.24,179730,288,卖盘
1774,10:59:17,6.25,333087,533,买盘
1775,10:59:20,6.24,23717,38,卖盘
1776,10:59:23,6.24,72452,116,卖盘
1777,10:59:26,6.24,238715,382,卖盘
1778,10:59:29,6.24,86209,138,卖盘
1779,10:59:32,6.24,426037,682,卖盘
1780,10:59:35,6.24,1872,3,卖盘
1781,10:59:38,6.25,1134960,1816,买盘
1782,10:59:41,6.24,136050,218,卖盘
1783,10:59:44,6.25,21875,35,买盘
1784,10:59:47,6.25,776678,1243,买盘
1785,10:59:50,6.25,270625,433,买盘
1786,10:59:53,6.25,523109,837,买盘
1787,10:59:56,6.25,174360,279,买盘
1788,10:59:59,6.24,360545,577,卖盘
1789,11:00:02,6.25,85573,137,买盘
1790,11:00:05,6.25,2305000,3688,买盘
1791,11:00:08,6.25,3042365,4867,卖盘
1792,11:00:11,6.25,2723254,4353,卖盘
1793,11:00:14,6.25,38125,61,买盘
1794,11:00:17,6.25,544250,871,买盘
1795,11:00:20,6.25,54342,87,买盘
1796,11:00:23,6.24,256203,410,卖盘
1797,11:00:26,6.24,1730539,2769,卖盘
1798,11:00:29,6.25,1250,2,买盘
1799,11:00:32,6.25,756875,1211,买盘
1800,11:00:35,6.24,81198,130,卖盘
1801,11:00:38,6.24,273643,438,卖盘
1802,11:00:41,6.25,3750,6,买盘
1803,11:00:44,6.25,195625,313,买盘
1804,11:00:47,6.24,60537,97,卖盘
1805,11:00:50,6.25,99218,159,买盘
1806,11:00:53,6.24,1484789,2379,卖盘
1807,11:00:56,6.24,3377729,5413,卖盘
1808,11:00:59,6.25,6443644,10322,买盘
1809,11:01:02,6.24,3670375,5882,卖盘
1810,11:01:05,6.24,3417993,5470,卖盘
1811,11:01:08,6.24,1618262,2596,卖盘
1812,11:01:11,6.24,826782,1325,买盘
1813,11:01:14,6.24,53040,85,买盘
1814,11:01:17,6.24,1375792,2208,买盘
1815,11:01:20,6.24,14352,23,买盘
1816,11:01:23,6.23,745333,1195,卖盘
1817,11:01:26,6.24,61152,98,买盘
1818,11:01:29,6.24,750048,1202,买盘
1819,11:01:32,6.23,295645,474,卖盘
1820,11:01:35,6.24,166021,266,买盘
1821,11:01:38,6.25,485617,777,买盘
1822,11:01:41,6.25,67500,108,买盘
1823,11:01:44,6.24,176070,282,卖盘
1824,11:01:47,6.25,34375,55,买盘
1825,11:01:50,6.25,3396557,5443,买盘
1826,11:01:53,6.23,1340888,2152,卖盘
1827,11:01:56,6.24,44928,72,中性盘
1828,11:01:59,6.24,641001,1026,卖盘
1829,11:02:02,6.24,132288,212,卖盘
1830,11:02:05,6.24,180960,290,买盘
1831,11:02:08,6.24,109824,176,卖盘
1832,11:02:11,6.23,972564,1561,卖盘
1833,11:02:14,6.24,17472,28,买盘
1834,11:02:17,6.24,703872,1128,买盘
1835,11:02:20,6.24,41775,67,买盘
1836,11:02:23,6.24,236495,379,买盘
1837,11:02:26,6.23,76006,122,卖盘
1838,11:02:29,6.23,101710,163,卖盘
1839,11:02:32,6.23,31773,51,卖盘
1840,11:02:35,6.24,165872,266,买盘
1841,11:02:38,6.24,104822,168,买盘
1842,11:02:41,6.24,387219,621,买盘
1843,11:02:44,6.24,139580,224,买盘
1844,11:02:47,6.23,316949,508,卖盘
1845,11:02:53,6.23,258141,414,卖盘
1846,11:02:56,6.24,766233,1228,买盘
1847,11:02:59,6.24,1028340,1648,买盘
1848,11:03:02,6.24,72384,116,买盘
1849,11:03:05,6.23,145978,234,卖盘
1850,11:03:08,6.24,453576,727,买盘
1851,11:03:11,6.24,687658,1102,买盘
1852,11:03:14,6.24,712896,1143,买盘
1853,11:03:17,6.24,346385,555,卖盘
1854,11:03:20,6.24,389442,624,买盘
1855,11:03:23,6.24,743801,1192,卖盘
1856,11:03:26,6.24,113024,181,卖盘
1857,11:03:29,6.25,428717,686,买盘
1858,11:03:32,6.24,192250,308,卖盘
1859,11:03:35,6.25,245425,393,买盘
1860,11:03:38,6.25,196008,314,买盘
1861,11:03:41,6.25,153705,246,买盘
1862,11:03:44,6.24,34320,55,卖盘
1863,11:03:47,6.24,28080,45,卖盘
1864,11:03:50,6.24,247172,396,卖盘
1865,11:03:53,6.23,1387074,2226,卖盘
1866,11:03:56,6.24,679924,1088,中性盘
1867,11:03:59,6.24,190949,306,卖盘
1868,11:04:02,6.24,1840847,2952,卖盘
1869,11:04:05,6.24,2647809,4249,卖盘
1870,11:04:08,6.24,1867252,2994,卖盘
1871,11:04:11,6.24,2183533,3494,卖盘
1872,11:04:14,6.24,1669568,2678,买盘
1873,11:04:17,6.24,320112,513,买盘
1874,11:04:20,6.24,1733855,2779,卖盘
1875,11:04:23,6.24,291959,468,买盘
1876,11:04:26,6.24,427117,684,卖盘
1877,11:04:29,6.23,179820,288,卖盘
1878,11:04:32,6.24,173531,278,买盘
1879,11:04:35,6.24,137904,221,买盘
1880,11:04:38,6.24,158476,254,买盘
1881,11:04:41,6.24,711608,1142,买盘
1882,11:04:44,6.23,64170,103,卖盘
1883,11:04:47,6.24,266448,427,买盘
1884,11:04:50,6.24,1248,2,买盘
1885,11:04:53,6.24,28663,46,买盘
1886,11:04:56,6.23,74222,119,卖盘
1887,11:04:59,6.23,35511,57,卖盘
1888,11:05:02,6.23,77342,124,卖盘
1889,11:05:05,6.23,140345,225,卖盘
1890,11:05:08,6.23,1246,2,卖盘
1891,11:05:11,6.24,152814,245,买盘
1892,11:05:14,6.24,125424,201,买盘
1893,11:05:17,6.23,118516,190,卖盘
1894,11:05:20,6.24,61055,98,买盘
1895,11:05:23,6.24,707811,1136,买盘
1896,11:05:26,6.23,21805,35,卖盘
1897,11:05:29,6.24,511288,820,买盘
1898,11:05:32,6.24,35568,57,买盘
1899,11:05:35,6.24,254376,408,买盘
1900,11:05:38,6.24,620256,994,买盘
1901,11:05:41,6.24,348782,559,买盘
1902,11:05:44,6.24,1759097,2819,买盘
1903,11:05:47,6.24,358227,574,卖盘
1904,11:05:50,6.24,910951,1458,卖盘
1905,11:05:53,6.25,46861,75,买盘
1906,11:05:56,6.25,178750,286,买盘
1907,11:05:59,6.25,83671,134,买盘
1908,11:06:02,6.24,751296,1204,卖盘
1909,11:06:05,6.24,295441,473,卖盘
1910,11:06:08,6.24,112320,180,卖盘
1911,11:06:11,6.24,881863,1413,卖盘
1912,11:06:14,6.24,40566,65,卖盘
1913,11:06:17,6.24,1180496,1891,卖盘
1914,11:06:20,6.24,376758,604,买盘
1915,11:06:23,6.24,492419,788,卖盘
1916,11:06:26,6.24,70512,113,卖盘
1917,11:06:29,6.24,117418,188,卖盘
1918,11:06:32,6.24,1248,2,卖盘
1919,11:06:35,6.24,122992,197,卖盘
1920,11:06:38,6.24,69317,111,卖盘
1921,11:06:41,6.24,141189,226,卖盘
1922,11:06:44,6.24,77411,124,卖盘
1923,11:06:47,6.25,81235,130,买盘
1924,11:06:50,6.25,78035,125,买盘
1925,11:06:53,6.24,173091,277,卖盘
1926,11:06:56,6.25,181192,290,买盘
1927,11:06:59,6.25,212457,340,买盘
1928,11:07:02,6.25,233693,374,买盘
1929,11:07:05,6.25,328680,526,买盘
1930,11:07:08,6.24,314924,504,卖盘
1931,11:07:11,6.24,23088,37,卖盘
1932,11:07:14,6.24,45552,73,卖盘
1933,11:07:17,6.24,56874,91,卖盘
1934,11:07:20,6.24,44928,72,卖盘
1935,11:07:23,6.25,3750,6,买盘
1936,11:07:26,6.24,75509,121,卖盘
1937,11:07:29,6.24,86230,138,卖盘
1938,11:07:32,6.24,24960,40,卖盘
1939,11:07:35,6.24,44928,72,卖盘
1940,11:07:38,6.24,39373,63,卖盘
1941,11:07:41,6.24,74256,119,卖盘
1942,11:07:44,6.24,228394,366,卖盘
1943,11:07:47,6.24,491884,788,卖盘
1944,11:07:50,6.24,45552,73,卖盘
1945,11:07:53,6.24,23717,38,卖盘
1946,11:07:56,6.25,412924,661,买盘
1947,11:07:59,6.24,66768,107,卖盘
1948,11:08:02,6.24,163662,262,卖盘
1949,11:08:05,6.24,31200,50,卖盘
1950,11:08:08,6.24,86112,138,卖盘
1951,11:08:11,6.24,156715,251,卖盘
1952,11:08:14,6.24,51168,82,卖盘
1953,11:08:17,6.24,101168,162,卖盘
1954,11:08:20,6.24,88608,142,卖盘
1955,11:08:23,6.24,401306,643,卖盘
1956,11:08:26,6.24,1537502,2464,卖盘
1957,11:08:29,6.24,126672,203,买盘
1958,11:08:32,6.24,773679,1240,买盘
1959,11:08:35,6.24,104077,167,买盘
1960,11:08:38,6.24,309504,496,买盘
1961,11:08:44,6.23,49840,80,卖盘
1962,11:08:47,6.23,98489,158,卖盘
1963,11:08:50,6.23,80990,130,卖盘
1964,11:08:53,6.24,91682,147,买盘
1965,11:08:56,6.24,1872,3,买盘
1966,11:08:59,6.23,62963,101,卖盘
1967,11:09:02,6.24,114757,184,买盘
1968,11:09:05,6.24,52345,84,买盘
1969,11:09:08,6.23,91059,146,卖盘
1970,11:09:11,6.24,57993,93,买盘
1971,11:09:14,6.24,81706,131,买盘
1972,11:09:20,6.24,95995,154,买盘
1973,11:09:23,6.24,89806,144,买盘
1974,11:09:26,6.23,51722,83,卖盘
1975,11:09:29,6.24,40559,65,买盘
1976,11:09:32,6.23,23674,38,卖盘
1977,11:09:35,6.24,113402,182,买盘
1978,11:09:38,6.24,63020,101,买盘
1979,11:09:41,6.24,59203,95,买盘
1980,11:09:44,6.23,34905,56,卖盘
1981,11:09:47,6.23,67360,108,卖盘
1982,11:09:50,6.23,50464,81,卖盘
1983,11:09:53,6.23,52962,85,卖盘
1984,11:09:56,6.23,87933,141,卖盘
1985,11:09:59,6.24,8728,14,买盘
1986,11:10:02,6.23,44856,72,卖盘
1987,11:10:05,6.23,131570,211,卖盘
1988,11:10:08,6.23,642589,1030,卖盘
1989,11:10:11,6.23,288263,462,卖盘
1990,11:10:14,6.24,154049,247,买盘
1991,11:10:17,6.24,143413,230,买盘
1992,11:10:20,6.23,105912,170,卖盘
1993,11:10:23,6.24,152168,244,买盘
1994,11:10:26,6.23,23051,37,卖盘
1995,11:10:29,6.23,93529,150,卖盘
1996,11:10:32,6.24,91104,146,买盘
1997,11:10:35,6.23,25543,41,卖盘
1998,11:10:38,6.24,64240,103,买盘
1999,11:10:41,6.24,21216,34,买盘
2000,11:10:44,6.23,132721,213,卖盘
2001,11:10:47,6.24,81744,131,买盘
2002,11:10:50,6.23,58620,94,卖盘
2003,11:10:53,6.23,56125,90,卖盘
2004,11:10:56,6.24,137236,220,买盘
2005,11:10:59,6.23,149044,239,卖盘
2006,11:11:02,6.24,173472,278,买盘
2007,11:11:05,6.24,12480,20,买盘
2008,11:11:08,6.24,653945,1048,买盘
2009,11:11:11,6.24,131534,211,买盘
2010,11:11:14,6.24,209664,336,买盘
2011,11:11:17,6.24,378762,607,买盘
2012,11:11:20,6.24,46176,74,买盘
2013,11:11:23,6.24,304024,487,买盘
2014,11:11:26,6.24,147337,236,中性盘
2015,11:11:29,6.24,360965,578,卖盘
2016,11:11:32,6.24,300823,482,卖盘
2017,11:11:35,6.24,250854,402,卖盘
2018,11:11:38,6.24,281849,451,卖盘
2019,11:11:41,6.24,84252,135,卖盘
2020,11:11:44,6.24,137352,220,卖盘
2021,11:11:47,6.24,29328,47,卖盘
2022,11:11:50,6.25,128710,206,买盘
2023,11:11:53,6.24,35568,57,卖盘
2024,11:11:56,6.25,82445,132,买盘
2025,11:11:59,6.24,39326,63,卖盘
2026,11:12:02,6.24,115458,185,卖盘
2027,11:12:05,6.25,137486,220,买盘
2028,11:12:08,6.25,585544,937,买盘
2029,11:12:11,6.24,282467,452,卖盘
2030,11:12:14,6.25,268599,430,买盘
2031,11:12:17,6.24,144329,231,卖盘
2032,11:12:20,6.24,33696,54,卖盘
2033,11:12:23,6.24,113671,182,卖盘
2034,11:12:26,6.25,82500,132,买盘
2035,11:12:29,6.24,34952,56,卖盘
2036,11:12:32,6.24,21216,34,卖盘
2037,11:12:35,6.24,90543,145,卖盘
2038,11:12:41,6.24,203038,325,卖盘
2039,11:12:44,6.24,151201,242,卖盘
2040,11:12:47,6.24,104213,167,卖盘
2041,11:12:50,6.25,89342,143,买盘
2042,11:12:53,6.25,10000,16,买盘
2043,11:12:56,6.24,55536,89,卖盘
2044,11:12:59,6.24,104285,167,卖盘
2045,11:13:02,6.24,44318,71,卖盘
2046,11:13:05,6.25,250918,402,买盘
2047,11:13:08,6.24,25587,41,卖盘
2048,11:13:11,6.24,21840,35,卖盘
2049,11:13:14,6.25,148048,237,买盘
2050,11:13:17,6.24,479232,768,卖盘
2051,11:13:20,6.25,269245,431,买盘
2052,11:13:23,6.25,26250,42,买盘
2053,11:13:26,6.24,65593,105,卖盘
2054,11:13:29,6.25,39967,64,买盘
2055,11:13:32,6.25,23716,38,买盘
2056,11:13:35,6.24,69374,111,卖盘
2057,11:13:38,6.24,74342,119,卖盘
2058,11:13:41,6.24,19968,32,卖盘
2059,11:13:44,6.24,52426,84,卖盘
2060,11:13:47,6.24,4996,8,卖盘
2061,11:13:50,6.24,112996,181,卖盘
2062,11:13:53,6.24,3744,6,卖盘
2063,11:13:56,6.24,252720,405,卖盘
2064,11:13:59,6.24,190499,305,卖盘
2065,11:14:02,6.25,15617,25,买盘
2066,11:14:05,6.24,226713,363,卖盘
2067,11:14:08,6.24,150590,241,卖盘
2068,11:14:11,6.24,210308,337,卖盘
2069,11:14:14,6.25,1072791,1719,买盘
2070,11:14:17,6.24,155376,249,卖盘
2071,11:14:20,6.25,1254241,2009,买盘
2072,11:14:23,6.24,260832,418,卖盘
2073,11:14:26,6.24,226514,363,卖盘
2074,11:14:29,6.24,617236,988,卖盘
2075,11:14:32,6.24,147264,236,卖盘
2076,11:14:35,6.25,198636,318,买盘
2077,11:14:38,6.24,139867,224,卖盘
2078,11:14:41,6.24,201797,323,卖盘
2079,11:14:44,6.24,93031,149,卖盘
2080,11:14:47,6.24,108692,174,卖盘
2081,11:14:50,6.24,81120,130,卖盘
2082,11:14:53,6.25,51874,83,买盘
2083,11:14:56,6.25,55592,89,买盘
2084,11:14:59,6.24,52459,84,卖盘
2085,11:15:02,6.24,223590,358,卖盘
2086,11:15:05,6.24,35568,57,卖盘
2087,11:15:08,6.24,164249,263,卖盘
2088,11:15:11,6.24,31839,51,卖盘
2089,11:15:14,6.25,112391,180,买盘
2090,11:15:17,6.25,51184,82,买盘
2091,11:15:20,6.25,69334,111,买盘
2092,11:15:23,6.24,122928,197,卖盘
2093,11:15:26,6.25,141097,226,买盘
2094,11:15:29,6.24,1016063,1628,卖盘
2095,11:15:32,6.24,182253,292,卖盘
2096,11:15:35,6.24,441774,707,卖盘
2097,11:15:38,6.24,97369,156,卖盘
2098,11:15:41,6.25,191137,306,买盘
2099,11:15:44,6.24,114220,183,卖盘
2100,11:15:47,6.24,148619,238,卖盘
2101,11:15:50,6.24,224297,359,卖盘
2102,11:15:53,6.24,131058,210,卖盘
2103,11:15:56,6.24,104951,168,卖盘
2104,11:15:59,6.24,104842,168,卖盘
2105,11:16:02,6.24,148585,238,卖盘
2106,11:16:05,6.24,63648,102,卖盘
2107,11:16:08,6.24,1068376,1712,卖盘
2108,11:16:11,6.24,146640,235,卖盘
2109,11:16:14,6.24,474857,760,卖盘
2110,11:16:17,6.25,79277,127,买盘
2111,11:16:20,6.24,2026238,3247,卖盘
2112,11:16:23,6.24,569108,912,卖盘
2113,11:16:26,6.24,1805331,2891,卖盘
2114,11:16:29,6.24,240257,385,卖盘
2115,11:16:32,6.24,368214,590,卖盘
2116,11:16:35,6.24,609234,975,卖盘
2117,11:16:38,6.25,285793,458,买盘
2118,11:16:41,6.24,239832,384,卖盘
2119,11:16:44,6.25,78001,125,买盘
2120,11:16:47,6.24,89336,143,卖盘
2121,11:16:50,6.24,64273,103,卖盘
2122,11:16:53,6.25,27491,44,买盘
2123,11:16:56,6.24,209175,335,卖盘
2124,11:16:59,6.24,53684,86,卖盘
2125,11:17:02,6.25,116183,186,买盘
2126,11:17:05,6.25,912947,1463,买盘
2127,11:17:08,6.25,577237,924,买盘
2128,11:17:11,6.25,277337,444,买盘
2129,11:17:14,6.25,114251,183,买盘
2130,11:17:17,6.24,660960,1058,卖盘
2131,11:17:20,6.24,88608,142,卖盘
2132,11:17:23,6.25,246797,395,买盘
2133,11:17:26,6.25,127955,205,买盘
2134,11:17:29,6.25,227979,365,买盘
2135,11:17:32,6.25,366709,587,买盘
2136,11:17:35,6.24,4373051,7008,卖盘
2137,11:17:38,6.24,2062424,3301,卖盘
2138,11:17:41,6.25,554755,889,买盘
2139,11:17:44,6.24,458561,734,卖盘
2140,11:17:47,6.24,1306692,2094,卖盘
2141,11:17:50,6.25,619200,991,买盘
2142,11:17:53,6.24,426816,684,卖盘
2143,11:17:56,6.24,61152,98,卖盘
2144,11:17:59,6.24,353540,566,卖盘
2145,11:18:02,6.24,1798193,2880,卖盘
2146,11:18:05,6.25,744871,1192,买盘
2147,11:18:08,6.24,1129956,1809,卖盘
2148,11:18:11,6.25,805384,1289,买盘
2149,11:18:14,6.24,693201,1110,卖盘
2150,11:18:17,6.24,178600,286,卖盘
2151,11:18:20,6.25,463074,741,买盘
2152,11:18:23,6.24,246482,395,卖盘
2153,11:18:26,6.24,203683,326,卖盘
2154,11:18:29,6.24,16653349,26688,卖盘
2155,11:18:32,6.24,4536156,7279,买盘
2156,11:18:35,6.24,173472,278,买盘
2157,11:18:38,6.24,5218894,8370,买盘
2158,11:18:41,6.24,434906,697,买盘
2159,11:18:44,6.23,1608663,2578,卖盘
2160,11:18:47,6.23,47364,76,卖盘
2161,11:18:50,6.23,1298081,2083,卖盘
2162,11:18:53,6.24,99070,159,买盘
2163,11:18:56,6.24,496080,795,买盘
2164,11:18:59,6.23,44860,72,卖盘
2165,11:19:02,6.24,147886,237,买盘
2166,11:19:05,6.23,71082,114,卖盘
2167,11:19:08,6.24,194593,312,买盘
2168,11:19:11,6.23,120894,194,卖盘
2169,11:19:14,6.23,199669,320,卖盘
2170,11:19:17,6.23,14329,23,卖盘
2171,11:19:20,6.24,182706,293,买盘
2172,11:19:23,6.23,281952,452,卖盘
2173,11:19:26,6.23,86029,138,卖盘
2174,11:19:29,6.24,181576,291,买盘
2175,11:19:32,6.23,115255,185,卖盘
2176,11:19:35,6.24,177806,285,买盘
2177,11:19:38,6.23,44856,72,卖盘
2178,11:19:41,6.23,69162,111,卖盘
2179,11:19:44,6.23,234583,376,卖盘
2180,11:19:47,6.23,66038,106,卖盘
2181,11:19:50,6.24,182208,292,买盘
2182,11:19:53,6.23,34265,55,卖盘
2183,11:19:56,6.23,432527,694,卖盘
2184,11:19:59,6.23,80367,129,卖盘
2185,11:20:02,6.23,379192,608,卖盘
2186,11:20:05,6.23,59185,95,卖盘
2187,11:20:11,6.23,303027,486,卖盘
2188,11:20:14,6.24,105360,169,买盘
2189,11:20:17,6.24,267696,429,买盘
2190,11:20:20,6.24,74192,119,买盘
2191,11:20:23,6.23,175285,281,卖盘
2192,11:20:26,6.23,178250,286,卖盘
2193,11:20:29,6.23,158871,255,卖盘
2194,11:20:32,6.24,326890,524,买盘
2195,11:20:35,6.23,34888,56,卖盘
2196,11:20:38,6.23,177808,285,卖盘
2197,11:20:41,6.23,87221,140,卖盘
2198,11:20:44,6.23,2051797,3293,卖盘
2199,11:20:47,6.23,157619,253,卖盘
2200,11:20:50,6.23,942599,1511,卖盘
2201,11:20:53,6.23,1246,2,卖盘
2202,11:20:56,6.23,1354048,2173,卖盘
2203,11:20:59,6.23,83492,134,卖盘
2204,11:21:02,6.23,1554050,2493,卖盘
2205,11:21:05,6.23,2026005,3252,卖盘
2206,11:21:08,6.23,1313163,2105,卖盘
2207,11:21:11,6.23,67907,109,卖盘
2208,11:21:14,6.23,14330,23,卖盘
2209,11:21:17,6.23,1207801,1938,卖盘
2210,11:21:20,6.24,120917,194,买盘
2211,11:21:23,6.23,530323,850,卖盘
2212,11:21:26,6.23,51709,83,卖盘
2213,11:21:29,6.24,153504,246,买盘
2214,11:21:32,6.24,118410,190,买盘
2215,11:21:35,6.23,205186,329,卖盘
2216,11:21:38,6.23,39872,64,卖盘
2217,11:21:41,6.23,282604,453,卖盘
2218,11:21:44,6.24,1134632,1821,买盘
2219,11:21:47,6.24,776751,1245,买盘
2220,11:21:50,6.24,234579,376,买盘
2221,11:21:53,6.24,1507552,2416,买盘
2222,11:21:56,6.24,94784,152,买盘
2223,11:21:59,6.24,676284,1084,买盘
2224,11:22:02,6.24,107867,173,买盘
2225,11:22:05,6.23,250784,402,卖盘
2226,11:22:08,6.23,1434266,2301,卖盘
2227,11:22:11,6.23,838896,1345,卖盘
2228,11:22:14,6.24,33696,54,买盘
2229,11:22:17,6.24,135246,217,买盘
2230,11:22:20,6.24,368675,591,买盘
2231,11:22:23,6.24,305634,490,买盘
2232,11:22:26,6.23,331811,532,卖盘
2233,11:22:29,6.23,82923,133,卖盘
2234,11:22:32,6.24,298834,479,买盘
2235,11:22:35,6.23,185654,298,卖盘
2236,11:22:38,6.23,237703,381,卖盘
2237,11:22:41,6.23,935746,1502,卖盘
2238,11:22:44,6.24,471690,756,买盘
2239,11:22:47,6.23,179431,288,卖盘
2240,11:22:50,6.23,283163,454,卖盘
2241,11:22:53,6.23,56070,90,卖盘
2242,11:22:56,6.23,332932,534,卖盘
2243,11:22:59,6.23,69153,111,卖盘
2244,11:23:02,6.24,292488,469,买盘
2245,11:23:05,6.23,1195542,1919,卖盘
2246,11:23:08,6.24,792116,1270,买盘
2247,11:23:11,6.23,142044,228,卖盘
2248,11:23:14,6.23,378543,607,卖盘
2249,11:23:17,6.23,14952,24,卖盘
2250,11:23:20,6.23,236379,379,卖盘
2251,11:23:23,6.23,39250,63,卖盘
2252,11:23:26,6.23,1063461,1707,卖盘
2253,11:23:29,6.23,763581,1224,卖盘
2254,11:23:32,6.23,35513,57,卖盘
2255,11:23:35,6.23,274394,440,卖盘
2256,11:23:38,6.23,10591,17,卖盘
2257,11:23:41,6.23,127168,204,卖盘
2258,11:23:44,6.23,52350,84,卖盘
2259,11:23:47,6.23,723928,1162,卖盘
2260,11:23:50,6.23,134568,216,卖盘
2261,11:23:53,6.23,33019,53,卖盘
2262,11:23:56,6.23,409138,656,卖盘
2263,11:23:59,6.23,83482,134,卖盘
2264,11:24:02,6.23,4647164,7471,买盘
2265,11:24:05,6.23,350904,564,买盘
2266,11:24:08,6.23,191796,308,买盘
2267,11:24:11,6.22,101386,163,卖盘
2268,11:24:14,6.23,193666,311,买盘
2269,11:24:17,6.22,207380,333,卖盘
2270,11:24:20,6.22,80243,129,卖盘
2271,11:24:23,6.23,119560,192,买盘
2272,11:24:26,6.22,74018,119,卖盘
2273,11:24:29,6.22,163758,263,卖盘
2274,11:24:32,6.22,1244,2,卖盘
2275,11:24:35,6.22,74640,120,卖盘
2276,11:24:38,6.22,167465,269,卖盘
2277,11:24:41,6.22,37943,61,卖盘
2278,11:24:44,6.23,145045,233,买盘
2279,11:24:47,6.22,118802,191,卖盘
2280,11:24:50,6.22,169956,273,卖盘
2281,11:24:53,6.22,13684,22,卖盘
2282,11:24:56,6.22,493344,793,卖盘
2283,11:24:59,6.23,220208,354,买盘
2284,11:25:02,6.22,116971,188,卖盘
2285,11:25:05,6.22,406685,653,卖盘
2286,11:25:08,6.22,70908,114,卖盘
2287,11:25:11,6.23,150050,241,买盘
2288,11:25:14,6.22,340042,546,卖盘
2289,11:25:17,6.22,195580,314,卖盘
2290,11:25:20,6.22,129392,208,卖盘
2291,11:25:23,6.22,7464,12,卖盘
2292,11:25:26,6.23,214767,345,买盘
2293,11:25:29,6.22,79649,128,卖盘
2294,11:25:32,6.22,249629,401,卖盘
2295,11:25:35,6.22,37942,61,卖盘
2296,11:25:38,6.22,2777230,4465,卖盘
2297,11:25:41,6.22,1490116,2393,卖盘
2298,11:25:44,6.22,8713,14,卖盘
2299,11:25:47,6.22,1075738,1729,卖盘
2300,11:25:50,6.23,85256,137,买盘
2301,11:25:53,6.23,406743,653,买盘
2302,11:25:56,6.23,148689,239,买盘
2303,11:25:59,6.23,158174,254,买盘
2304,11:26:02,6.22,81485,131,卖盘
2305,11:26:05,6.22,184894,297,卖盘
2306,11:26:08,6.22,217360,349,卖盘
2307,11:26:11,6.22,118201,190,卖盘
2308,11:26:14,6.22,249578,401,卖盘
2309,11:26:17,6.22,63457,102,卖盘
2310,11:26:20,6.23,374055,601,买盘
2311,11:26:26,6.22,263897,424,卖盘
2312,11:26:29,6.22,64688,104,卖盘
2313,11:26:32,6.22,292534,470,卖盘
2314,11:26:35,6.22,141822,228,卖盘
2315,11:26:38,6.22,1163393,1870,卖盘
2316,11:26:41,6.22,1108414,1782,卖盘
2317,11:26:44,6.23,1048033,1683,买盘
2318,11:26:47,6.22,182915,294,卖盘
2319,11:26:50,6.22,376624,605,卖盘
2320,11:26:53,6.23,83398,134,买盘
2321,11:26:56,6.23,387713,623,买盘
2322,11:26:59,6.22,192820,310,卖盘
2323,11:27:02,6.22,290187,466,卖盘
2324,11:27:05,6.22,241958,389,卖盘
2325,11:27:08,6.22,110775,178,卖盘
2326,11:27:11,6.23,260324,418,买盘
2327,11:27:14,6.22,161720,260,卖盘
2328,11:27:17,6.22,298174,479,卖盘
2329,11:27:20,6.22,93320,150,卖盘
2330,11:27:23,6.22,232827,374,卖盘
2331,11:27:26,6.22,328488,528,卖盘
2332,11:27:29,6.22,11330361,18216,卖盘
2333,11:27:32,6.21,146717,236,卖盘
2334,11:27:35,6.21,4935276,7947,卖盘
2335,11:27:38,6.21,2832257,4556,卖盘
2336,11:27:41,6.21,88811,143,卖盘
2337,11:27:44,6.22,558475,898,买盘
2338,11:27:47,6.21,58380,94,卖盘
2339,11:27:50,6.21,365769,589,卖盘
2340,11:27:53,6.22,314094,505,买盘
2341,11:27:56,6.22,4976,8,买盘
2342,11:27:59,6.22,8076,13,买盘
2343,11:28:02,6.21,1424079,2292,卖盘
2344,11:28:05,6.21,289636,466,卖盘
2345,11:28:08,6.21,679167,1092,卖盘
2346,11:28:11,6.22,57846,93,买盘
2347,11:28:14,6.22,186536,300,买盘
2348,11:28:17,6.21,113742,183,卖盘
2349,11:28:20,6.21,235032,378,卖盘
2350,11:28:23,6.21,64062,103,卖盘
2351,11:28:26,6.22,1196398,1926,买盘
2352,11:28:29,6.22,1031526,1661,买盘
2353,11:28:32,6.21,1340158,2156,卖盘
2354,11:28:35,6.21,42857,69,卖盘
2355,11:28:38,6.22,570633,918,买盘
2356,11:28:41,6.21,33534,54,卖盘
2357,11:28:44,6.22,274224,441,买盘
2358,11:28:47,6.22,1244,2,买盘
2359,11:28:50,6.22,197070,317,买盘
2360,11:28:53,6.22,64029,103,买盘
2361,11:28:56,6.22,235061,378,买盘
2362,11:28:59,6.21,60249,97,卖盘
2363,11:29:02,6.21,563741,907,卖盘
2364,11:29:05,6.21,467050,751,卖盘
2365,11:29:08,6.21,52790,85,卖盘
2366,11:29:11,6.22,414149,666,买盘
2367,11:29:14,6.22,31100,50,买盘
2368,11:29:17,6.21,1462756,2355,卖盘
2369,11:29:20,6.21,209289,337,卖盘
2370,11:29:23,6.22,668562,1075,买盘
2371,11:29:26,6.22,60333,97,买盘
2372,11:29:29,6.22,414232,666,买盘
2373,11:29:32,6.22,120045,193,买盘
2374,11:29:35,6.22,213341,343,买盘
2375,11:29:38,6.21,412976,664,卖盘
2376,11:29:41,6.22,11188,18,买盘
2377,11:29:44,6.22,406744,654,买盘
2378,11:29:47,6.21,361586,582,卖盘
2379,11:29:50,6.22,335830,540,买盘
2380,11:29:53,6.22,32959,53,买盘
2381,11:29:56,6.21,1114303,1794,卖盘
2382,11:29:59,6.22,39801,64,买盘
2383,13:00:02,6.22,789819,1271,买盘
2384,13:00:05,6.22,2229877,3586,买盘
2385,13:00:08,6.22,5603958,9015,买盘
2386,13:00:11,6.22,3328704,5354,买盘
2387,13:00:14,6.21,1001772,1612,卖盘
2388,13:00:17,6.22,3414483,5493,买盘
2389,13:00:20,6.21,791028,1273,卖盘
2390,13:00:23,6.21,1659544,2669,卖盘
2391,13:00:26,6.21,1161848,1869,卖盘
2392,13:00:29,6.21,1061511,1707,卖盘
2393,13:00:32,6.21,509288,820,卖盘
2394,13:00:35,6.22,592468,953,买盘
2395,13:00:38,6.21,154065,248,卖盘
2396,13:00:41,6.21,343762,553,卖盘
2397,13:00:44,6.21,27324,44,卖盘
2398,13:00:47,6.21,165314,266,卖盘
2399,13:00:50,6.21,401209,646,卖盘
2400,13:00:53,6.22,86970,140,买盘
2401,13:00:56,6.22,344345,554,买盘
2402,13:00:59,6.21,463266,746,卖盘
2403,13:01:02,6.22,1412865,2272,买盘
2404,13:01:05,6.22,21148,34,买盘
2405,13:01:08,6.21,555257,893,卖盘
2406,13:01:11,6.21,1415310,2279,卖盘
2407,13:01:14,6.21,788283,1268,卖盘
2408,13:01:17,6.21,63342,102,卖盘
2409,13:01:20,6.22,115683,186,买盘
2410,13:01:23,6.22,114986,185,买盘
2411,13:01:26,6.21,159141,256,卖盘
2412,13:01:29,6.21,3105,5,卖盘
2413,13:01:32,6.22,118632,191,买盘
2414,13:01:35,6.22,130602,210,买盘
2415,13:01:38,6.22,29189,47,买盘
2416,13:01:41,6.21,75821,122,卖盘
2417,13:01:44,6.21,319905,515,卖盘
2418,13:01:47,6.21,302443,487,卖盘
2419,13:01:50,6.22,227597,366,买盘
2420,13:01:53,6.21,9315,15,卖盘
2421,13:01:56,6.22,103230,166,买盘
2422,13:01:59,6.21,78362,126,卖盘
2423,13:02:02,6.21,575769,927,卖盘
2424,13:02:05,6.21,258115,415,卖盘
2425,13:02:08,6.21,491211,791,卖盘
2426,13:02:11,6.21,190943,307,卖盘
2427,13:02:14,6.22,75181,121,买盘
2428,13:02:17,6.21,77730,125,卖盘
2429,13:02:20,6.21,957841,1542,卖盘
2430,13:02:23,6.21,10568,17,卖盘
2431,13:02:26,6.22,376258,605,买盘
2432,13:02:29,6.22,719654,1157,买盘
2433,13:02:32,6.22,1144310,1842,买盘
2434,13:02:35,6.22,622,1,买盘
2435,13:02:38,6.22,368798,593,买盘
2436,13:02:41,6.21,25461,41,卖盘
2437,13:02:44,6.22,10574,17,买盘
2438,13:02:47,6.22,44162,71,买盘
2439,13:02:50,6.22,31100,50,买盘
2440,13:02:53,6.22,155500,250,买盘
2441,13:02:56,6.22,110712,178,买盘
2442,13:03:02,6.21,336461,541,卖盘
2443,13:03:05,6.22,129993,209,买盘
2444,13:03:08,6.21,1068790,1721,卖盘
2445,13:03:11,6.21,432167,695,卖盘
2446,13:03:14,6.22,6220,10,买盘
2447,13:03:17,6.22,85214,137,买盘
2448,13:03:20,6.22,55358,89,买盘
2449,13:03:23,6.21,912871,1470,卖盘
2450,13:03:26,6.22,35424,57,买盘
2451,13:03:29,6.21,381197,613,卖盘
2452,13:03:32,6.21,5589,9,卖盘
2453,13:03:35,6.22,118148,190,买盘
2454,13:03:38,6.21,1137140,1829,卖盘
2455,13:03:44,6.22,375066,603,买盘
2456,13:03:47,6.21,42849,69,卖盘
2457,13:03:53,6.21,24864,40,卖盘
2458,13:03:56,6.22,52248,84,买盘
2459,13:03:59,6.22,210236,338,买盘
2460,13:04:02,6.21,881820,1420,卖盘
2461,13:04:05,6.21,455294,732,卖盘
2462,13:04:08,6.22,84521,136,买盘
2463,13:04:11,6.22,245068,394,买盘
2464,13:04:14,6.22,1101860,1774,买盘
2465,13:04:17,6.21,557311,896,卖盘
2466,13:04:20,6.22,15550,25,买盘
2467,13:04:23,6.22,126802,204,买盘
2468,13:04:26,6.22,56602,91,买盘
2469,13:04:29,6.21,209277,337,卖盘
2470,13:04:32,6.22,121282,195,买盘
2471,13:04:35,6.21,27326,44,卖盘
2472,13:04:38,6.22,134323,216,买盘
2473,13:04:41,6.21,111248,179,卖盘
2474,13:04:44,6.22,60241,97,买盘
2475,13:04:47,6.22,62145,100,买盘
2476,13:04:50,6.22,1715914,2761,买盘
2477,13:04:53,6.22,40421,65,买盘
2478,13:04:56,6.21,621,1,卖盘
2479,13:04:59,6.22,42882,69,买盘
2480,13:05:02,6.21,69626,112,卖盘
2481,13:05:05,6.22,1844421,2970,买盘
2482,13:05:08,6.21,923043,1486,卖盘
2483,13:05:11,6.22,402418,647,买盘
2484,13:05:14,6.22,9330,15,买盘
2485,13:05:17,6.21,45386,73,卖盘
2486,13:05:20,6.22,72774,117,买盘
2487,13:05:23,6.21,36682,59,卖盘
2488,13:05:26,6.22,1244087,2003,买盘
2489,13:05:29,6.21,10567,17,卖盘
2490,13:05:32,6.22,445949,717,买盘
2491,13:05:35,6.21,1119074,1802,卖盘
2492,13:05:38,6.22,431037,693,买盘
2493,13:05:41,6.22,51626,83,买盘
2494,13:05:44,6.22,76495,123,买盘
2495,13:05:50,6.22,72669,117,买盘
2496,13:05:53,6.22,229318,369,买盘
2497,13:05:56,6.21,1015340,1635,卖盘
2498,13:05:59,6.22,424818,683,买盘
2499,13:06:02,6.22,31714,51,买盘
2500,13:06:05,6.21,30439,49,卖盘
2501,13:06:08,6.22,812954,1307,买盘
2502,13:06:11,6.22,49138,79,买盘
2503,13:06:14,6.21,360667,580,卖盘
2504,13:06:17,6.22,21119,34,买盘
2505,13:06:20,6.21,116920,188,卖盘
2506,13:06:23,6.22,63382,102,买盘
2507,13:06:26,6.21,859467,1384,卖盘
2508,13:06:29,6.22,425448,684,买盘
2509,13:06:32,6.22,73915,119,买盘
2510,13:06:35,6.22,74640,120,买盘
2511,13:06:38,6.22,3731,6,买盘
2512,13:06:41,6.22,28612,46,买盘
2513,13:06:44,6.21,2484,4,卖盘
2514,13:06:47,6.21,62721,101,卖盘
2515,13:06:50,6.22,466487,751,买盘
2516,13:06:53,6.22,1244,2,买盘
2517,13:06:56,6.22,1142301,1839,买盘
2518,13:06:59,6.22,142835,230,买盘
2519,13:07:02,6.22,627385,1009,买盘
2520,13:07:05,6.22,50316,81,买盘
2521,13:07:08,6.22,1117368,1799,买盘
2522,13:07:11,6.21,50950,82,卖盘
2523,13:07:14,6.22,153632,247,买盘
2524,13:07:17,6.22,472684,760,买盘
2525,13:07:20,6.22,13684,22,买盘
2526,13:07:23,6.22,1077755,1733,买盘
2527,13:07:26,6.22,68420,110,买盘
2528,13:07:29,6.22,492624,792,买盘
2529,13:07:32,6.22,129994,209,买盘
2530,13:07:35,6.22,531491,855,买盘
2531,13:07:38,6.22,194686,313,买盘
2532,13:07:41,6.22,157365,253,买盘
2533,13:07:44,6.22,305400,491,买盘
2534,13:07:47,6.22,152329,245,买盘
2535,13:07:50,6.21,198371,319,卖盘
2536,13:07:53,6.22,1530567,2463,买盘
2537,13:07:56,6.22,584043,939,买盘
2538,13:07:59,6.22,50382,81,买盘
2539,13:08:02,6.21,952233,1533,卖盘
2540,13:08:05,6.22,55933,90,买盘
2541,13:08:08,6.21,359496,578,卖盘
2542,13:08:11,6.22,19889,32,买盘
2543,13:08:14,6.22,72764,117,买盘
2544,13:08:17,6.21,27945,45,卖盘
2545,13:08:20,6.22,116306,187,买盘
2546,13:08:23,6.21,291286,469,卖盘
2547,13:08:26,6.22,72750,117,买盘
2548,13:08:29,6.22,207706,334,买盘
2549,13:08:32,6.21,226694,365,卖盘
2550,13:08:35,6.22,248585,400,买盘
2551,13:08:38,6.21,88846,143,卖盘
2552,13:08:41,6.22,108228,174,买盘
2553,13:08:44,6.21,2695761,4341,卖盘
2554,13:08:47,6.21,95656,154,卖盘
2555,13:08:50,6.22,1754638,2823,买盘
2556,13:08:53,6.22,24225,39,买盘
2557,13:08:56,6.21,314088,505,卖盘
2558,13:08:59,6.22,7464,12,买盘
2559,13:09:02,6.22,121275,195,买盘
2560,13:09:05,6.22,92666,149,买盘
2561,13:09:08,6.22,622,1,买盘
2562,13:09:11,6.22,14295,23,买盘
2563,13:09:14,6.22,133050,214,买盘
2564,13:09:17,6.22,82628,133,买盘
2565,13:09:20,6.22,102630,165,买盘
2566,13:09:23,6.22,16785,27,买盘
2567,13:09:26,6.21,83897,135,卖盘
2568,13:09:29,6.21,27965,45,卖盘
2569,13:09:32,6.21,1350222,2174,卖盘
2570,13:09:35,6.22,1442786,2322,买盘
2571,13:09:38,6.21,775637,1249,卖盘
2572,13:09:41,6.22,692835,1114,买盘
2573,13:09:44,6.21,242915,391,卖盘
2574,13:09:47,6.21,359973,579,卖盘
2575,13:09:50,6.22,49760,80,买盘
2576,13:09:53,6.22,2487,4,买盘
2577,13:09:56,6.22,169719,273,买盘
2578,13:09:59,6.22,622,1,买盘
2579,13:10:02,6.22,196459,316,买盘
2580,13:10:05,6.21,187542,302,卖盘
2581,13:10:08,6.22,143662,231,买盘
2582,13:10:11,6.21,1242,2,卖盘
2583,13:10:14,6.22,42858,69,买盘
2584,13:10:17,6.21,37261,60,卖盘
2585,13:10:20,6.22,6835,11,买盘
2586,13:10:23,6.22,55953,90,买盘
2587,13:10:26,6.21,4561868,7346,卖盘
2588,13:10:29,6.21,15151119,24394,卖盘
2589,13:10:32,6.21,752095,1211,卖盘
2590,13:10:35,6.21,533440,859,卖盘
2591,13:10:38,6.21,5067862,8148,卖盘
2592,13:10:44,6.22,87005,140,买盘
2593,13:10:47,6.22,81444,131,买盘
2594,13:10:50,6.22,76468,123,买盘
2595,13:10:53,6.21,85708,138,卖盘
2596,13:10:56,6.21,4968,8,卖盘
2597,13:10:59,6.22,809247,1303,买盘
2598,13:11:02,6.21,30429,49,卖盘
2599,13:11:05,6.22,536969,864,买盘
2600,13:11:08,6.21,27973,45,卖盘
2601,13:11:11,6.22,103874,167,买盘
2602,13:11:14,6.21,54053,87,卖盘
2603,13:11:17,6.21,747068,1203,卖盘
2604,13:11:20,6.21,520838,838,卖盘
2605,13:11:23,6.22,143032,230,买盘
2606,13:11:26,6.22,378775,609,买盘
2607,13:11:29,6.22,23600,38,买盘
2608,13:11:32,6.22,211475,340,买盘
2609,13:11:35,6.22,21143,34,买盘
2610,13:11:38,6.22,9938,16,买盘
2611,13:11:41,6.22,57835,93,买盘
2612,13:11:44,6.22,170853,275,买盘
2613,13:11:47,6.22,167204,269,买盘
2614,13:11:50,6.21,37263,60,卖盘
2615,13:11:53,6.21,1392988,2243,卖盘
2616,13:11:56,6.21,305554,492,卖盘
2617,13:11:59,6.21,335963,541,卖盘
2618,13:12:02,6.21,772344,1242,卖盘
2619,13:12:05,6.21,1246979,2008,卖盘
2620,13:12:08,6.21,491937,791,卖盘
2621,13:12:11,6.22,7454,12,买盘
2622,13:12:14,6.22,96900,156,买盘
2623,13:12:17,6.22,59696,96,买盘
2624,13:12:20,6.21,44719,72,卖盘
2625,13:12:23,6.22,80732,130,买盘
2626,13:12:26,6.21,121791,196,卖盘
2627,13:12:29,6.22,40367,65,买盘
2628,13:12:32,6.22,59090,95,买盘
2629,13:12:35,6.21,1243,2,卖盘
2630,13:12:38,6.22,27960,45,买盘
2631,13:12:41,6.22,78989,127,买盘
2632,13:12:44,6.22,965106,1554,买盘
2633,13:12:47,6.22,54655,88,买盘
2634,13:12:50,6.21,13670,22,卖盘
2635,13:12:53,6.22,54655,88,买盘
2636,13:12:56,6.22,64646,104,买盘
2637,13:12:59,6.22,31715,51,买盘
2638,13:13:02,6.22,32966,53,买盘
2639,13:13:05,6.21,19874,32,卖盘
2640,13:13:08,6.22,1229960,1980,买盘
2641,13:13:11,6.22,63374,102,买盘
2642,13:13:14,6.22,57224,92,买盘
2643,13:13:17,6.22,47878,77,买盘
2644,13:13:20,6.22,346454,557,买盘
2645,13:13:23,6.22,111164,179,买盘
2646,13:13:26,6.22,223814,360,买盘
2647,13:13:29,6.22,235031,378,买盘
2648,13:13:32,6.22,47891,77,买盘
2649,13:13:35,6.21,4985631,8028,卖盘
2650,13:13:38,6.22,873387,1406,买盘
2651,13:13:41,6.22,4328968,6966,买盘
2652,13:13:44,6.21,126065,203,卖盘
2653,13:13:47,6.21,995621,1601,卖盘
2654,13:13:50,6.22,199349,321,买盘
2655,13:13:53,6.22,154214,248,买盘
2656,13:13:56,6.21,1864,3,卖盘
2657,13:13:59,6.22,158400,255,买盘
2658,13:14:02,6.21,47198,76,卖盘
2659,13:14:05,6.22,1039675,1674,买盘
2660,13:14:08,6.22,52787,85,买盘
2661,13:14:11,6.21,1435132,2311,卖盘
2662,13:14:14,6.21,1122038,1807,买盘
2663,13:14:17,6.21,1512755,2436,买盘
2664,13:14:20,6.21,696133,1121,买盘
2665,13:14:23,6.21,61479,99,买盘
2666,13:14:26,6.2,935094,1508,卖盘
2667,13:14:29,6.21,314847,507,买盘
2668,13:14:32,6.21,41602,67,买盘
2669,13:14:35,6.21,1274903,2053,买盘
2670,13:14:38,6.21,95571,154,买盘
2671,13:14:41,6.21,493694,795,买盘
2672,13:14:44,6.21,94246,152,买盘
2673,13:14:47,6.21,243204,392,买盘
2674,13:14:50,6.21,127762,206,买盘
2675,13:14:53,6.2,190595,307,卖盘
2676,13:14:56,6.2,1051063,1695,卖盘
2677,13:14:59,6.21,45333,73,买盘
2678,13:15:02,6.21,424143,683,买盘
2679,13:15:05,6.21,11168,18,买盘
2680,13:15:08,6.2,135369,218,卖盘
2681,13:15:11,6.2,1157703,1867,卖盘
2682,13:15:14,6.21,32873,53,买盘
2683,13:15:17,6.21,103707,167,买盘
2684,13:15:20,6.21,457677,737,买盘
2685,13:15:23,6.21,11799,19,买盘
2686,13:15:26,6.21,309436,499,买盘
2687,13:15:29,6.21,249622,402,买盘
2688,13:15:32,6.21,136566,220,买盘
2689,13:15:35,6.21,182519,294,买盘
2690,13:15:38,6.21,54592,88,买盘
2691,13:15:41,6.2,85683,138,卖盘
2692,13:15:44,6.21,566693,914,买盘
2693,13:15:47,6.21,1049490,1690,买盘
2694,13:15:50,6.2,935616,1509,卖盘
2695,13:15:53,6.21,664410,1070,买盘
2696,13:15:56,6.21,7452,12,买盘
2697,13:15:59,6.21,6210,10,买盘
2698,13:16:02,6.21,173875,280,买盘
2699,13:16:05,6.21,47193,76,买盘
2700,13:16:08,6.21,80730,130,买盘
2701,13:16:11,6.21,142205,229,买盘
2702,13:16:14,6.2,80104,129,卖盘
2703,13:16:17,6.21,76324,123,买盘
2704,13:16:20,6.2,153231,247,卖盘
2705,13:16:23,6.21,84456,136,买盘
2706,13:16:26,6.21,99981,161,买盘
2707,13:16:29,6.21,330942,533,买盘
2708,13:16:32,6.21,74520,120,买盘
2709,13:16:35,6.21,123579,199,买盘
2710,13:16:38,6.2,225243,363,卖盘
2711,13:16:41,6.21,134084,216,买盘
2712,13:16:44,6.21,41546,67,买盘
2713,13:16:47,6.2,115377,186,卖盘
2714,13:16:50,6.21,217343,350,买盘
2715,13:16:53,6.2,956812,1543,卖盘
2716,13:16:56,6.21,407969,657,买盘
2717,13:16:59,6.21,4346,7,买盘
2718,13:17:02,6.2,870530,1402,卖盘
2719,13:17:05,6.21,126056,203,买盘
2720,13:17:08,6.21,90522,146,买盘
2721,13:17:11,6.21,458861,739,买盘
2722,13:17:14,6.21,115502,186,买盘
2723,13:17:17,6.2,298669,481,卖盘
2724,13:17:20,6.2,64568,104,卖盘
2725,13:17:23,6.2,194235,313,卖盘
2726,13:17:26,6.21,947431,1528,买盘
2727,13:17:29,6.21,471950,760,买盘
2728,13:17:32,6.21,65746,106,买盘
2729,13:17:35,6.21,29168,47,买盘
2730,13:17:38,6.21,255702,412,买盘
2731,13:17:41,6.21,10557,17,买盘
2732,13:17:44,6.21,323534,521,买盘
2733,13:17:47,6.21,389990,629,买盘
2734,13:17:50,6.21,245295,395,买盘
2735,13:17:53,6.21,7452,12,买盘
2736,13:17:56,6.21,10554,17,买盘
2737,13:17:59,6.2,448951,723,卖盘
2738,13:18:02,6.21,265147,427,买盘
2739,13:18:05,6.21,114756,185,买盘
2740,13:18:08,6.2,268878,433,卖盘
2741,13:18:11,6.21,149040,240,买盘
2742,13:18:14,6.21,921563,1484,买盘
2743,13:18:17,6.21,16752,27,买盘
2744,13:18:20,6.21,78245,126,买盘
2745,13:18:23,6.21,441424,711,买盘
2746,13:18:26,6.2,1156537,1865,卖盘
2747,13:18:29,6.21,497993,802,买盘
2748,13:18:32,6.21,224181,361,买盘
2749,13:18:35,6.21,382138,616,买盘
2750,13:18:38,6.21,109912,177,买盘
2751,13:18:41,6.21,135373,218,买盘
2752,13:18:44,6.21,193125,311,买盘
2753,13:18:47,6.21,746582,1204,买盘
2754,13:18:50,6.21,308623,497,买盘
2755,13:18:53,6.21,211075,340,买盘
2756,13:18:56,6.21,1860660,3001,买盘
2757,13:18:59,6.21,743898,1198,买盘
2758,13:19:02,6.21,16767,27,买盘
2759,13:19:05,6.21,132884,214,买盘
2760,13:19:08,6.21,311121,501,买盘
2761,13:19:11,6.21,177507,286,买盘
2762,13:19:14,6.2,147788,238,卖盘
2763,13:19:17,6.21,168912,272,买盘
2764,13:19:20,6.21,114829,185,买盘
2765,13:19:23,6.21,5584,9,买盘
2766,13:19:26,6.21,932071,1501,买盘
2767,13:19:29,6.21,1319899,2128,买盘
2768,13:19:32,6.21,17997,29,买盘
2769,13:19:35,6.21,11799,19,买盘
2770,13:19:38,6.21,412344,664,买盘
2771,13:19:41,6.21,129739,209,买盘
2772,13:19:44,6.21,169533,273,买盘
2773,13:19:47,6.21,44091,71,买盘
2774,13:19:50,6.21,144022,232,买盘
2775,13:19:53,6.21,194984,314,买盘
2776,13:19:56,6.21,57720,93,买盘
2777,13:19:59,6.21,140967,227,买盘
2778,13:20:02,6.21,19865,32,买盘
2779,13:20:05,6.21,193104,311,买盘
2780,13:20:08,6.21,98118,158,买盘
2781,13:20:11,6.21,80724,130,买盘
2782,13:20:14,6.21,164523,265,买盘
2783,13:20:17,6.21,208656,336,买盘
2784,13:20:20,6.2,131025,211,卖盘
2785,13:20:23,6.21,21731,35,买盘
2786,13:20:26,6.2,146477,236,卖盘
2787,13:20:29,6.21,28566,46,买盘
2788,13:20:32,6.21,62100,100,买盘
2789,13:20:35,6.21,60783,98,买盘
2790,13:20:38,6.21,1606041,2590,买盘
2791,13:20:41,6.21,66417,107,买盘
2792,13:20:44,6.21,801085,1290,买盘
2793,13:20:47,6.21,346461,558,买盘
2794,13:20:50,6.21,54606,88,买盘
2795,13:20:53,6.21,198079,319,买盘
2796,13:20:56,6.2,202853,327,卖盘
2797,13:20:59,6.21,221076,356,买盘
2798,13:21:02,6.21,427990,690,买盘
2799,13:21:05,6.21,112396,181,买盘
2800,13:21:08,6.21,337203,543,买盘
2801,13:21:11,6.21,8073,13,买盘
2802,13:21:14,6.2,1746023,2816,卖盘
2803,13:21:17,6.21,172599,278,买盘
2804,13:21:20,6.21,987239,1590,买盘
2805,13:21:23,6.21,5589,9,买盘
2806,13:21:26,6.21,185058,298,买盘
2807,13:21:29,6.21,26072,42,买盘
2808,13:21:32,6.21,139097,224,买盘
2809,13:21:35,6.21,200551,323,买盘
2810,13:21:38,6.21,93723,151,买盘
2811,13:21:41,6.21,448977,723,买盘
2812,13:21:44,6.21,19251,31,买盘
2813,13:21:47,6.21,349623,563,买盘
2814,13:21:50,6.21,345504,557,买盘
2815,13:21:53,6.21,15515,25,买盘
2816,13:21:56,6.21,370013,596,买盘
2817,13:21:59,6.21,140320,226,买盘
2818,13:22:02,6.2,383152,617,卖盘
2819,13:22:05,6.2,815879,1314,卖盘
2820,13:22:08,6.21,478783,771,买盘
2821,13:22:11,6.21,1391923,2245,买盘
2822,13:22:14,6.21,661986,1066,买盘
2823,13:22:17,6.21,167006,269,买盘
2824,13:22:20,6.21,27323,44,买盘
2825,13:22:23,6.21,477179,769,买盘
2826,13:22:26,6.21,9315,15,买盘
2827,13:22:29,6.2,194316,313,卖盘
2828,13:22:32,6.21,101221,163,买盘
2829,13:22:35,6.21,165802,267,买盘
2830,13:22:38,6.21,26082,42,买盘
2831,13:22:41,6.21,9935,16,买盘
2832,13:22:44,6.21,230976,372,买盘
2833,13:22:47,6.21,97496,157,买盘
2834,13:22:50,6.21,293733,473,买盘
2835,13:22:53,6.21,1045435,1686,买盘
2836,13:22:56,6.21,579364,933,买盘
2837,13:22:59,6.21,21107,34,买盘
2838,13:23:02,6.2,134703,217,卖盘
2839,13:23:05,6.21,203683,328,买盘
2840,13:23:08,6.2,4340,7,卖盘
2841,13:23:11,6.21,106189,171,买盘
2842,13:23:14,6.21,193111,311,买盘
2843,13:23:17,6.21,135365,218,买盘
2844,13:23:20,6.21,13041,21,买盘
2845,13:23:23,6.2,12407,20,卖盘
2846,13:23:26,6.21,1025581,1652,买盘
2847,13:23:29,6.21,175076,282,买盘
2848,13:23:32,6.21,109832,177,买盘
2849,13:23:35,6.21,1086482,1752,买盘
2850,13:23:38,6.21,116117,187,买盘
2851,13:23:41,6.21,277437,447,买盘
2852,13:23:44,6.21,960668,1549,买盘
2853,13:23:47,6.21,90009,145,买盘
2854,13:23:50,6.21,131647,212,买盘
2855,13:23:53,6.21,3666275,5912,买盘
2856,13:23:56,6.21,211140,340,买盘
2857,13:23:59,6.21,16146,26,买盘
2858,13:24:02,6.21,21735,35,买盘
2859,13:24:05,6.21,77004,124,买盘
2860,13:24:08,6.21,49634,80,买盘
2861,13:24:11,6.21,82593,133,买盘
2862,13:24:14,6.21,226044,364,买盘
2863,13:24:17,6.21,324927,524,买盘
2864,13:24:20,6.21,604975,975,买盘
2865,13:24:23,6.2,14273,23,卖盘
2866,13:24:26,6.21,419175,675,买盘
2867,13:24:29,6.21,83214,134,买盘
2868,13:24:32,6.21,421534,679,买盘
2869,13:24:35,6.21,140967,227,买盘
2870,13:24:38,6.21,90656,146,买盘
2871,13:24:41,6.21,268255,432,买盘
2872,13:24:44,6.21,1242,2,买盘
2873,13:24:47,6.21,963792,1552,买盘
2874,13:24:50,6.21,98118,158,买盘
2875,13:24:53,6.21,445839,718,买盘
2876,13:24:56,6.21,951108,1534,买盘
2877,13:24:59,6.21,114264,184,买盘
2878,13:25:02,6.21,570028,918,买盘
2879,13:25:05,6.21,86319,139,买盘
2880,13:25:08,6.21,185664,299,买盘
2881,13:25:11,6.21,145935,235,买盘
2882,13:25:14,6.2,182536,294,卖盘
2883,13:25:17,6.2,170126,274,卖盘
2884,13:25:20,6.21,14283,23,买盘
2885,13:25:23,6.21,275705,444,买盘
2886,13:25:26,6.21,16752,27,买盘
2887,13:25:29,6.21,197478,318,买盘
2888,13:25:32,6.21,300527,484,买盘
2889,13:25:35,6.2,1054961,1701,卖盘
2890,13:25:38,6.2,204837,330,卖盘
2891,13:25:41,6.21,18630,30,买盘
2892,13:25:44,6.2,524733,845,卖盘
2893,13:25:47,6.21,1168722,1882,买盘
2894,13:25:50,6.21,812268,1308,买盘
2895,13:25:53,6.2,620,1,卖盘
2896,13:25:56,6.21,189980,306,买盘
2897,13:25:59,6.21,161460,260,买盘
2898,13:26:02,6.21,106166,171,买盘
2899,13:26:05,6.21,1038912,1673,买盘
2900,13:26:08,6.21,8451189,13609,买盘
2901,13:26:11,6.22,4453285,7163,买盘
2902,13:26:14,6.21,340318,548,卖盘
2903,13:26:17,6.22,634994,1021,买盘
2904,13:26:20,6.22,524968,844,买盘
2905,13:26:23,6.22,230140,370,买盘
2906,13:26:26,6.22,65832,106,买盘
2907,13:26:29,6.21,201825,325,卖盘
2908,13:26:32,6.22,329660,530,买盘
2909,13:26:38,6.21,149172,240,卖盘
2910,13:26:41,6.21,958834,1544,卖盘
2911,13:26:44,6.22,495656,797,买盘
2912,13:26:47,6.22,132433,213,买盘
2913,13:26:50,6.22,54061,87,买盘
2914,13:26:53,6.22,263721,424,买盘
2915,13:26:56,6.22,622,1,买盘
2916,13:26:59,6.21,161596,260,卖盘
2917,13:27:02,6.22,72090,116,买盘
2918,13:27:05,6.21,494901,796,卖盘
2919,13:27:11,6.22,8086,13,买盘
2920,13:27:14,6.21,202770,326,卖盘
2921,13:27:17,6.22,70186,113,买盘
2922,13:27:20,6.22,150524,242,买盘
2923,13:27:23,6.22,110079,177,买盘
2924,13:27:26,6.21,1125600,1812,卖盘
2925,13:27:29,6.22,11194,18,买盘
2926,13:27:32,6.22,1167949,1880,买盘
2927,13:27:35,6.21,910603,1464,卖盘
2928,13:27:38,6.22,22391,36,买盘
2929,13:27:41,6.22,173498,279,买盘
2930,13:27:44,6.22,77128,124,买盘
2931,13:27:47,6.22,132432,213,买盘
2932,13:27:50,6.22,8086,13,买盘
2933,13:27:53,6.22,27368,44,买盘
2934,13:27:56,6.22,281116,452,买盘
2935,13:27:59,6.22,138084,222,买盘
2936,13:28:02,6.22,158610,255,买盘
2937,13:28:05,6.22,56597,91,买盘
2938,13:28:08,6.22,3731233,6008,买盘
2939,13:28:11,6.21,717265,1155,卖盘
2940,13:28:14,6.22,1250869,2014,买盘
2941,13:28:17,6.21,711565,1144,卖盘
2942,13:28:20,6.21,32914,53,卖盘
2943,13:28:23,6.21,99497,160,卖盘
2944,13:28:26,6.22,121215,195,买盘
2945,13:28:29,6.22,138041,222,买盘
2946,13:28:32,6.22,2488,4,买盘
2947,13:28:35,6.22,858629,1381,买盘
2948,13:28:38,6.21,40986,66,卖盘
2949,13:28:41,6.21,97013,156,卖盘
2950,13:28:44,6.21,1626387,2618,卖盘
2951,13:28:47,6.22,118801,191,买盘
2952,13:28:50,6.22,647904,1042,买盘
2953,13:28:53,6.21,95771,154,卖盘
2954,13:28:56,6.21,159794,257,卖盘
2955,13:28:59,6.22,4976,8,买盘
2956,13:29:02,6.21,83113,134,卖盘
2957,13:29:05,6.22,132478,213,买盘
2958,13:29:08,6.22,183490,295,买盘
2959,13:29:11,6.21,228702,368,卖盘
2960,13:29:14,6.21,58374,94,卖盘
2961,13:29:17,6.22,118802,191,买盘
2962,13:29:20,6.22,144283,232,买盘
2963,13:29:23,6.22,80238,129,买盘
2964,13:29:26,6.22,135596,218,买盘
2965,13:29:29,6.22,29835,48,买盘
2966,13:29:32,6.21,67795,109,卖盘
2967,13:29:35,6.22,70908,114,买盘
2968,13:29:38,6.21,606816,977,卖盘
2969,13:29:41,6.22,107595,173,买盘
2970,13:29:44,6.22,14306,23,买盘
2971,13:29:47,6.21,1494687,2406,卖盘
2972,13:29:50,6.21,29187,47,卖盘
2973,13:29:53,6.21,560410,901,卖盘
2974,13:29:56,6.22,103857,167,买盘
2975,13:29:59,6.21,108225,174,卖盘
2976,13:30:02,6.22,2488,4,买盘
2977,13:30:05,6.22,106983,172,买盘
2978,13:30:08,6.22,1309309,2105,买盘
2979,13:30:11,6.22,251909,405,买盘
2980,13:30:14,6.22,594632,956,买盘
2981,13:30:17,6.22,105083,169,买盘
2982,13:30:20,6.22,82721,133,买盘
2983,13:30:23,6.22,14296,23,买盘
2984,13:30:26,6.22,155473,250,买盘
2985,13:30:29,6.22,151671,244,买盘
2986,13:30:32,6.22,16784,27,买盘
2987,13:30:35,6.22,142438,229,买盘
2988,13:30:38,6.21,77016,124,卖盘
2989,13:30:41,6.22,215794,347,买盘
2990,13:30:44,6.21,50927,82,卖盘
2991,13:30:47,6.21,128747,207,卖盘
2992,13:30:50,6.21,152930,246,卖盘
2993,13:30:53,6.22,743285,1195,买盘
2994,13:30:56,6.22,436643,702,买盘
2995,13:30:59,6.22,113826,183,买盘
2996,13:31:02,6.22,98897,159,买盘
2997,13:31:05,6.21,215161,346,卖盘
2998,13:31:08,6.22,240714,387,买盘
2999,13:31:11,6.22,364492,586,买盘
3000,13:31:14,6.21,394945,635,卖盘
3001,13:31:17,6.21,68932,111,卖盘
3002,13:31:20,6.22,15550,25,买盘
3003,13:31:23,6.22,147414,237,买盘
3004,13:31:26,6.21,217688,350,卖盘
3005,13:31:29,6.22,130608,210,买盘
3006,13:31:32,6.22,58447,94,买盘
3007,13:31:35,6.22,72152,116,买盘
3008,13:31:38,6.22,37315,60,买盘
3009,13:31:41,6.22,46650,75,买盘
3010,13:31:44,6.22,164201,264,买盘
3011,13:31:47,6.21,152962,246,卖盘
3012,13:31:50,6.22,327014,526,买盘
3013,13:31:53,6.21,199661,321,卖盘
3014,13:31:56,6.21,323309,520,卖盘
3015,13:31:59,6.22,369061,594,买盘
3016,13:32:02,6.22,235725,379,买盘
3017,13:32:05,6.21,158981,256,卖盘
3018,13:32:08,6.22,917365,1475,买盘
3019,13:32:11,6.21,144889,233,卖盘
3020,13:32:14,6.22,7464,12,买盘
3021,13:32:17,6.22,351430,565,买盘
3022,13:32:20,6.22,167940,270,买盘
3023,13:32:23,6.22,87080,140,买盘
3024,13:32:26,6.21,86452,139,卖盘
3025,13:32:29,6.21,278868,449,卖盘
3026,13:32:32,6.22,266207,428,买盘
3027,13:32:35,6.21,22374,36,卖盘
3028,13:32:38,6.22,92015,148,买盘
3029,13:32:41,6.22,59651,96,买盘
3030,13:32:44,6.21,409856,659,卖盘
3031,13:32:47,6.22,283632,456,买盘
3032,13:32:50,6.22,4976,8,买盘
3033,13:32:53,6.22,78986,127,买盘
3034,13:32:56,6.21,69571,112,卖盘
3035,13:32:59,6.22,112564,181,买盘
3036,13:33:02,6.22,100140,161,买盘
3037,13:33:08,6.21,3726,6,卖盘
3038,13:33:11,6.21,97019,156,卖盘
3039,13:33:14,6.22,91434,147,买盘
3040,13:33:17,6.22,167318,269,买盘
3041,13:33:20,6.22,76506,123,买盘
3042,13:33:23,6.22,315968,508,买盘
3043,13:33:26,6.22,348031,560,买盘
3044,13:33:29,6.21,9324,15,卖盘
3045,13:33:32,6.22,100133,161,买盘
3046,13:33:35,6.21,20493,33,卖盘
3047,13:33:38,6.21,860220,1383,卖盘
3048,13:33:41,6.22,2239200,3600,买盘
3049,13:33:44,6.22,15116350,24302,买盘
3050,13:33:47,6.22,5389445,8652,卖盘
3051,13:33:50,6.22,129392,208,卖盘
3052,13:33:53,6.23,259115,416,买盘
3053,13:33:56,6.23,315861,507,买盘
3054,13:33:59,6.23,59808,96,买盘
3055,13:34:02,6.23,148897,239,买盘
3056,13:34:05,6.22,1866,3,卖盘
3057,13:34:08,6.23,51709,83,买盘
3058,13:34:11,6.23,100152,161,买盘
3059,13:34:14,6.22,21148,34,卖盘
3060,13:34:17,6.23,246085,395,买盘
3061,13:34:20,6.23,37380,60,买盘
3062,13:34:23,6.22,159478,256,卖盘
3063,13:34:26,6.22,144304,232,卖盘
3064,13:34:29,6.23,89089,143,买盘
3065,13:34:32,6.22,108398,174,卖盘
3066,13:34:35,6.23,52955,85,买盘
3067,13:34:38,6.22,48539,78,卖盘
3068,13:34:41,6.22,80238,129,卖盘
3069,13:34:44,6.22,186838,300,卖盘
3070,13:34:47,6.22,17416,28,卖盘
3071,13:34:50,6.22,74121,119,卖盘
3072,13:34:53,6.23,115255,185,买盘
3073,13:34:56,6.23,1793246,2883,买盘
3074,13:34:59,6.23,276400,444,买盘
3075,13:35:02,6.22,756941,1215,卖盘
3076,13:35:05,6.23,558180,896,买盘
3077,13:35:08,6.22,828525,1332,卖盘
3078,13:35:11,6.23,415476,667,买盘
3079,13:35:14,6.23,92194,148,买盘
3080,13:35:17,6.23,85351,137,买盘
3081,13:35:20,6.22,108391,174,卖盘
3082,13:35:23,6.22,599628,964,卖盘
3083,13:35:26,6.22,370679,595,卖盘
