,成交时间,成交价格,成交金额,成交量,性质
0,09:25:02,6.2,5216060,8413,卖盘
1,09:30:02,6.19,2900221,4678,卖盘
2,09:30:05,6.19,299345,483,卖盘
3,09:30:08,6.19,1167249,1883,卖盘
4,09:30:11,6.2,6097592,9835,买盘
5,09:30:14,6.2,1686593,2719,买盘
6,09:30:17,6.21,3479917,5607,买盘
7,09:30:20,6.2,729422,1176,卖盘
8,09:30:23,6.2,4946404,7966,卖盘
9,09:30:26,6.21,4360809,7024,买盘
10,09:30:29,6.2,6945891,11186,卖盘
11,09:30:32,6.21,1896256,3051,卖盘
12,09:30:35,6.21,1029135,1657,卖盘
13,09:30:38,6.21,4815576,7744,卖盘
14,09:30:41,6.22,3241268,5217,买盘
15,09:30:44,6.22,2570006,4136,买盘
16,09:30:47,6.22,3144408,5063,买盘
17,09:30:50,6.21,3066771,4931,卖盘
18,09:30:53,6.22,482574,777,买盘
19,09:30:56,6.21,983667,1582,卖盘
20,09:30:59,6.21,374381,602,卖盘
21,09:31:02,6.21,3702798,5961,卖盘
22,09:31:05,6.21,765174,1232,卖盘
23,09:31:08,6.2,2444337,3934,卖盘
24,09:31:11,6.21,609089,981,买盘
25,09:31:14,6.2,1144134,1844,卖盘
26,09:31:17,6.21,1309580,2109,买盘
27,09:31:20,6.21,327784,528,买盘
28,09:31:23,6.21,524633,845,买盘
29,09:31:26,6.21,187672,302,买盘
30,09:31:29,6.21,1599105,2573,卖盘
31,09:31:32,6.21,2243224,3611,卖盘
32,09:31:35,6.21,651199,1047,卖盘
33,09:31:38,6.22,2845448,4575,买盘
34,09:31:41,6.22,6711436,10788,买盘
35,09:31:44,6.23,6826621,10958,买盘
36,09:31:47,6.22,1516585,2435,卖盘
37,09:31:50,6.23,3268168,5246,买盘
38,09:31:53,6.23,5247603,8421,买盘
39,09:31:56,6.24,3560054,5707,买盘
40,09:31:59,6.24,12834010,20568,买盘
41,09:32:02,6.25,7811493,12522,买盘
42,09:32:05,6.24,12995014,20802,卖盘
43,09:32:08,6.24,5203621,8336,卖盘
44,09:32:11,6.24,7780165,12449,卖盘
45,09:32:14,6.24,1743642,2791,卖盘
46,09:32:17,6.24,4117507,6594,卖盘
47,09:32:20,6.24,7305762,11700,卖盘
48,09:32:23,6.24,637342,1021,卖盘
49,09:32:26,6.24,3465695,5548,卖盘
50,09:32:29,6.24,345221,553,卖盘
51,09:32:32,6.24,2907838,4657,卖盘
52,09:32:35,6.24,884279,1417,卖盘
53,09:32:38,6.24,586399,939,卖盘
54,09:32:41,6.24,2041304,3267,卖盘
55,09:32:44,6.24,448799,719,卖盘
56,09:32:47,6.24,1656194,2653,卖盘
57,09:32:50,6.25,961852,1541,买盘
58,09:32:53,6.24,1339477,2144,卖盘
59,09:32:56,6.24,1249308,2001,卖盘
60,09:32:59,6.24,1062148,1700,卖盘
61,09:33:02,6.24,1493271,2390,卖盘
62,09:33:05,6.25,1272372,2037,买盘
63,09:33:08,6.25,406920,652,买盘
64,09:33:11,6.24,1205687,1931,卖盘
65,09:33:14,6.24,411266,659,卖盘
66,09:33:17,6.24,3529565,5655,卖盘
67,09:33:20,6.24,421877,676,卖盘
68,09:33:23,6.24,1006512,1613,卖盘
69,09:33:26,6.25,4913404,7869,买盘
70,09:33:29,6.24,714502,1145,卖盘
71,09:33:32,6.25,2312957,3702,买盘
72,09:33:35,6.24,267166,428,卖盘
73,09:33:38,6.25,12384845,19816,买盘
74,09:33:41,6.26,1191936,1907,买盘
75,09:33:44,6.25,790838,1265,卖盘
76,09:33:47,6.25,1889482,3023,卖盘
77,09:33:50,6.25,908226,1451,卖盘
78,09:33:53,6.25,291917,467,卖盘
79,09:33:56,6.25,927321,1483,卖盘
80,09:33:59,6.25,496256,794,卖盘
81,09:34:02,6.26,1978739,3163,买盘
82,09:34:05,6.25,448844,718,卖盘
83,09:34:08,6.25,386265,618,卖盘
84,09:34:11,6.25,2113433,3381,卖盘
85,09:34:14,6.25,3603791,5766,卖盘
86,09:34:17,6.25,2945107,4713,买盘
87,09:34:20,6.25,66165,106,买盘
88,09:34:23,6.25,454303,727,买盘
89,09:34:26,6.24,63686,102,卖盘
90,09:34:29,6.25,182956,293,买盘
91,09:34:32,6.25,525483,841,买盘
92,09:34:35,6.24,1691664,2711,卖盘
93,09:34:38,6.25,1222162,1956,买盘
94,09:34:41,6.25,264679,424,买盘
95,09:34:44,6.24,513490,822,卖盘
96,09:34:47,6.24,431601,691,卖盘
97,09:34:50,6.24,221656,355,卖盘
98,09:34:53,6.24,1306096,2091,卖盘
99,09:34:56,6.24,616690,988,卖盘
100,09:34:59,6.24,844073,1351,卖盘
101,09:35:02,6.25,1586139,2541,买盘
102,09:35:05,6.25,1545539,2474,买盘
103,09:35:08,6.25,508218,814,买盘
104,09:35:11,6.25,173071,277,买盘
105,09:35:14,6.25,1914834,3064,买盘
106,09:35:17,6.25,13739488,21983,买盘
107,09:35:20,6.25,6659448,10639,卖盘
108,09:35:23,6.25,2509419,4015,卖盘
109,09:35:26,6.26,1591655,2543,买盘
110,09:35:29,6.25,1619429,2591,卖盘
111,09:35:32,6.25,10171350,16274,卖盘
112,09:35:35,6.25,1639919,2624,买盘
113,09:35:38,6.25,296279,474,卖盘
114,09:35:41,6.25,4501104,7201,卖盘
115,09:35:44,6.26,318139,509,买盘
116,09:35:47,6.25,220641,353,卖盘
117,09:35:50,6.25,83130,133,卖盘
118,09:35:53,6.25,190016,304,卖盘
119,09:35:56,6.25,322103,515,卖盘
120,09:35:59,6.25,368950,590,卖盘
121,09:36:02,6.25,1818932,2906,卖盘
122,09:36:05,6.25,3876588,6202,卖盘
123,09:36:08,6.26,2849996,4554,买盘
124,09:36:11,6.25,1192728,1908,卖盘
125,09:36:14,6.25,2843131,4549,卖盘
126,09:36:17,6.25,2056134,3286,卖盘
127,09:36:20,6.25,208250,333,卖盘
128,09:36:23,6.26,766991,1226,买盘
129,09:36:26,6.26,578135,925,买盘
130,09:36:29,6.25,279617,447,卖盘
131,09:36:32,6.26,338314,541,买盘
132,09:36:35,6.26,5183199,8290,买盘
133,09:36:38,6.25,2202638,3520,卖盘
134,09:36:41,6.25,252660,404,卖盘
135,09:36:44,6.25,697779,1115,卖盘
136,09:36:47,6.26,908153,1451,买盘
137,09:36:50,6.26,140768,225,买盘
138,09:36:53,6.26,2125141,3400,买盘
139,09:36:56,6.25,889623,1422,卖盘
140,09:36:59,6.25,186978,299,卖盘
141,09:37:02,6.26,389655,623,买盘
142,09:37:05,6.26,2291029,3660,买盘
143,09:37:08,6.26,889695,1422,买盘
144,09:37:11,6.26,570610,912,买盘
145,09:37:14,6.26,411055,657,买盘
146,09:37:17,6.26,483017,772,买盘
147,09:37:20,6.26,4980955,7957,买盘
148,09:37:23,6.26,563518,901,买盘
149,09:37:26,6.26,1532368,2448,买盘
150,09:37:29,6.26,20411929,32607,买盘
151,09:37:32,6.26,2889814,4615,买盘
152,09:37:35,6.26,340544,544,卖盘
153,09:37:38,6.26,391962,626,卖盘
154,09:37:41,6.27,1182964,1887,买盘
155,09:37:44,6.27,847943,1353,买盘
156,09:37:47,6.26,6618232,10571,卖盘
157,09:37:50,6.26,6037164,9644,卖盘
158,09:37:53,6.26,3807263,6073,卖盘
159,09:37:56,6.26,6948754,11101,卖盘
160,09:37:59,6.26,4019628,6415,卖盘
161,09:38:02,6.27,1050790,1677,买盘
162,09:38:05,6.27,1265605,2019,买盘
163,09:38:08,6.27,369709,590,买盘
164,09:38:11,6.27,2017261,3220,买盘
165,09:38:14,6.27,1917164,3058,买盘
166,09:38:17,6.27,3572856,5699,买盘
167,09:38:20,6.27,5593736,8922,买盘
168,09:38:23,6.27,4350624,6938,买盘
169,09:38:26,6.27,2349732,3742,卖盘
170,09:38:29,6.27,284751,454,卖盘
171,09:38:32,6.27,613146,977,卖盘
172,09:38:35,6.27,297273,474,卖盘
173,09:38:38,6.28,668439,1065,买盘
174,09:38:41,6.27,1062462,1693,卖盘
175,09:38:44,6.27,1570129,2504,卖盘
176,09:38:47,6.27,9509676,15167,卖盘
177,09:38:50,6.28,14959730,23842,买盘
178,09:38:53,6.27,9081607,14477,卖盘
179,09:38:56,6.28,495052,789,买盘
180,09:38:59,6.28,1151550,1834,买盘
181,09:39:02,6.27,6658748,10620,卖盘
182,09:39:05,6.27,2147247,3420,卖盘
183,09:39:08,6.27,773821,1234,卖盘
184,09:39:11,6.28,5597798,8914,买盘
185,09:39:14,6.28,7478445,11909,买盘
186,09:39:17,6.28,7412827,11804,买盘
187,09:39:20,6.28,1975687,3145,卖盘
188,09:39:23,6.28,8299013,13215,卖盘
189,09:39:26,6.28,563194,897,买盘
190,09:39:29,6.27,2072900,3301,卖盘
191,09:39:32,6.28,106058,169,买盘
192,09:39:35,6.28,3670117,5853,买盘
193,09:39:38,6.27,710564,1133,中性盘
194,09:39:41,6.28,3548958,5660,买盘
195,09:39:44,6.28,233252,372,买盘
196,09:39:47,6.27,2118500,3377,卖盘
197,09:39:50,6.28,914720,1458,买盘
198,09:39:53,6.27,845679,1347,卖盘
199,09:39:56,6.27,341766,545,卖盘
200,09:39:59,6.27,520236,829,卖盘
201,09:40:02,6.27,244119,389,卖盘
202,09:40:05,6.27,2587021,4126,卖盘
203,09:40:08,6.27,1753432,2797,买盘
204,09:40:11,6.26,292525,467,卖盘
205,09:40:14,6.27,1093105,1744,买盘
206,09:40:17,6.27,416708,665,买盘
207,09:40:20,6.27,1098377,1752,买盘
208,09:40:23,6.27,520887,831,买盘
209,09:40:26,6.27,829638,1324,买盘
210,09:40:29,6.27,531086,848,买盘
211,09:40:32,6.27,433187,691,买盘
212,09:40:35,6.27,973902,1554,买盘
213,09:40:38,6.27,556675,888,买盘
214,09:40:41,6.26,222937,356,卖盘
215,09:40:44,6.27,247645,395,买盘
216,09:40:47,6.27,182276,291,买盘
217,09:40:50,6.27,196211,313,买盘
218,09:40:53,6.26,133350,213,卖盘
219,09:40:56,6.26,3436384,5489,卖盘
220,09:40:59,6.26,178413,285,卖盘
221,09:41:02,6.27,1426697,2276,买盘
222,09:41:05,6.26,122721,196,卖盘
223,09:41:08,6.27,377877,603,买盘
224,09:41:11,6.26,982834,1570,卖盘
225,09:41:14,6.27,179743,287,买盘
226,09:41:17,6.27,1641400,2618,买盘
227,09:41:20,6.27,1650148,2632,买盘
228,09:41:23,6.26,2121901,3385,卖盘
229,09:41:26,6.27,1372884,2193,买盘
230,09:41:29,6.27,839482,1339,买盘
231,09:41:32,6.27,396773,633,买盘
232,09:41:35,6.26,663788,1060,卖盘
233,09:41:38,6.26,716878,1144,卖盘
234,09:41:41,6.26,225988,361,卖盘
235,09:41:44,6.26,605722,967,卖盘
236,09:41:47,6.27,127724,204,买盘
237,09:41:50,6.26,329023,525,卖盘
238,09:41:53,6.27,71458,114,买盘
239,09:41:56,6.26,255424,408,卖盘
240,09:41:59,6.26,320899,512,卖盘
241,09:42:02,6.26,376902,602,卖盘
242,09:42:05,6.26,392249,626,卖盘
243,09:42:08,6.26,131470,210,卖盘
244,09:42:11,6.26,1085781,1734,卖盘
245,09:42:14,6.26,589129,941,卖盘
246,09:42:17,6.26,4010782,6407,卖盘
247,09:42:20,6.26,1179979,1885,买盘
248,09:42:23,6.26,2400392,3834,买盘
249,09:42:26,6.26,1066923,1702,卖盘
250,09:42:29,6.27,250597,400,买盘
251,09:42:32,6.27,1018905,1626,买盘
252,09:42:35,6.26,453225,724,卖盘
253,09:42:38,6.26,525136,838,卖盘
254,09:42:41,6.26,277960,444,卖盘
255,09:42:44,6.26,399640,638,卖盘
256,09:42:47,6.26,277965,444,卖盘
257,09:42:50,6.26,4370758,6982,卖盘
258,09:42:53,6.26,770606,1231,卖盘
259,09:42:56,6.26,1701525,2715,卖盘
260,09:42:59,6.26,405648,648,卖盘
261,09:43:02,6.26,754371,1205,卖盘
262,09:43:05,6.26,1242668,1984,卖盘
263,09:43:08,6.26,168412,269,卖盘
264,09:43:11,6.26,585732,935,卖盘
265,09:43:14,6.26,215577,344,卖盘
266,09:43:17,6.26,586315,936,卖盘
267,09:43:20,6.26,106433,170,卖盘
268,09:43:23,6.26,384755,614,卖盘
269,09:43:26,6.27,284926,455,买盘
270,09:43:29,6.26,1793634,2862,卖盘
271,09:43:32,6.26,601879,961,卖盘
272,09:43:35,6.27,829201,1323,买盘
273,09:43:38,6.27,921418,1470,买盘
274,09:43:41,6.26,354200,565,卖盘
275,09:43:44,6.27,704040,1123,买盘
276,09:43:47,6.27,283296,452,买盘
277,09:43:50,6.27,730976,1166,买盘
278,09:43:53,6.27,373979,597,买盘
279,09:43:56,6.27,471190,752,买盘
280,09:43:59,6.26,350570,560,卖盘
281,09:44:02,6.26,635658,1015,卖盘
282,09:44:05,6.27,148527,237,买盘
283,09:44:08,6.26,703919,1124,卖盘
284,09:44:11,6.27,117714,188,买盘
285,09:44:14,6.27,447528,714,买盘
286,09:44:17,6.26,674288,1077,卖盘
287,09:44:20,6.26,182182,291,卖盘
288,09:44:23,6.26,2519581,4024,卖盘
289,09:44:26,6.26,497686,795,卖盘
290,09:44:29,6.26,1926779,3078,卖盘
291,09:44:32,6.25,627573,1003,卖盘
292,09:44:35,6.25,277063,443,卖盘
293,09:44:38,6.26,1930355,3083,买盘
294,09:44:41,6.26,131479,210,卖盘
295,09:44:44,6.26,1132361,1808,卖盘
296,09:44:47,6.27,822487,1312,买盘
297,09:44:50,6.27,760406,1214,买盘
298,09:44:53,6.27,535177,854,买盘
299,09:44:56,6.26,99035,158,卖盘
300,09:44:59,6.27,790008,1260,买盘
301,09:45:02,6.27,188526,301,买盘
302,09:45:05,6.26,2057870,3285,卖盘
303,09:45:08,6.27,815722,1301,买盘
304,09:45:11,6.27,1588100,2533,买盘
305,09:45:14,6.27,2301079,3674,买盘
306,09:45:17,6.27,1274649,2033,买盘
307,09:45:20,6.26,1002293,1599,卖盘
308,09:45:23,6.27,1122237,1790,买盘
309,09:45:26,6.26,281518,449,卖盘
310,09:45:29,6.27,14648233,23362,买盘
311,09:45:32,6.27,104760,167,卖盘
312,09:45:35,6.27,3884062,6185,卖盘
313,09:45:38,6.27,152369,243,卖盘
314,09:45:41,6.27,1700969,2712,卖盘
315,09:45:44,6.27,265875,424,卖盘
316,09:45:47,6.27,821304,1309,卖盘
317,09:45:50,6.28,1429000,2278,买盘
318,09:45:53,6.27,787575,1255,卖盘
319,09:45:56,6.27,2356804,3758,卖盘
320,09:45:59,6.27,695343,1109,买盘
321,09:46:02,6.27,623833,995,买盘
322,09:46:05,6.27,1501038,2394,买盘
323,09:46:08,6.27,216268,345,买盘
324,09:46:11,6.27,1159405,1849,买盘
325,09:46:14,6.27,311533,497,买盘
326,09:46:17,6.27,548244,874,买盘
327,09:46:20,6.27,80867,129,买盘
328,09:46:23,6.26,1293887,2064,卖盘
329,09:46:26,6.27,51413,82,买盘
330,09:46:29,6.27,105286,168,买盘
331,09:46:32,6.26,60123,96,卖盘
332,09:46:35,6.26,42586,68,卖盘
333,09:46:38,6.27,17556,28,买盘
334,09:46:41,6.26,23179,37,卖盘
335,09:46:44,6.26,51348,82,卖盘
336,09:46:47,6.26,171632,274,卖盘
337,09:46:50,6.27,441910,705,买盘
338,09:46:53,6.26,105183,168,卖盘
339,09:46:56,6.26,488863,780,卖盘
340,09:46:59,6.26,12244773,19561,卖盘
341,09:47:02,6.26,1160473,1854,买盘
342,09:47:05,6.26,158938,254,买盘
343,09:47:08,6.25,145090,232,卖盘
344,09:47:11,6.26,116942,187,买盘
345,09:47:14,6.25,171311,274,卖盘
346,09:47:17,6.26,73813,118,买盘
347,09:47:20,6.25,144401,231,卖盘
348,09:47:23,6.25,3126,5,卖盘
349,09:47:26,6.25,94471,151,卖盘
350,09:47:29,6.25,188750,302,卖盘
351,09:47:32,6.25,13840454,22145,卖盘
352,09:47:35,6.25,452323,724,买盘
353,09:47:38,6.25,606813,971,买盘
354,09:47:41,6.25,71179,114,买盘
355,09:47:44,6.24,661093,1058,卖盘
356,09:47:47,6.25,406505,651,买盘
357,09:47:50,6.24,674297,1079,卖盘
358,09:47:53,6.24,106754,171,卖盘
359,09:47:56,6.24,655202,1050,卖盘
360,09:47:59,6.24,191615,307,卖盘
361,09:48:02,6.24,136095,218,卖盘
362,09:48:05,6.24,1566876,2511,卖盘
363,09:48:08,6.24,1523808,2442,卖盘
364,09:48:11,6.24,1862815,2985,卖盘
365,09:48:14,6.24,963527,1544,卖盘
366,09:48:17,6.24,5851248,9377,卖盘
367,09:48:20,6.23,1908057,3059,卖盘
368,09:48:23,6.24,2401459,3849,买盘
369,09:48:26,6.24,304094,488,买盘
370,09:48:29,6.23,659761,1058,卖盘
371,09:48:32,6.24,1230315,1972,买盘
372,09:48:35,6.24,1276610,2046,买盘
373,09:48:38,6.23,108518,174,卖盘
374,09:48:41,6.23,443579,711,卖盘
375,09:48:44,6.23,110964,178,卖盘
376,09:48:47,6.24,537708,862,买盘
377,09:48:50,6.24,282539,453,买盘
378,09:48:53,6.24,85496,137,卖盘
379,09:48:56,6.24,112323,180,卖盘
380,09:48:59,6.24,386446,619,卖盘
381,09:49:02,6.24,411840,660,卖盘
382,09:49:05,6.24,106099,170,卖盘
383,09:49:08,6.24,1147356,1836,卖盘
384,09:49:11,6.24,422389,676,卖盘
385,09:49:14,6.24,140401,225,卖盘
386,09:49:17,6.25,532963,853,买盘
387,09:49:20,6.24,164736,264,卖盘
388,09:49:23,6.25,371159,594,买盘
389,09:49:26,6.25,783063,1253,买盘
390,09:49:29,6.25,1494990,2392,买盘
391,09:49:32,6.24,318083,509,卖盘
392,09:49:35,6.25,101865,163,买盘
393,09:49:38,6.25,108590,174,买盘
394,09:49:41,6.24,206069,330,卖盘
395,09:49:44,6.25,62495,100,买盘
396,09:49:47,6.25,209122,335,买盘
397,09:49:50,6.25,120587,193,买盘
398,09:49:53,6.24,191621,307,卖盘
399,09:49:56,6.25,137957,221,买盘
400,09:49:59,6.25,48739,78,买盘
401,09:50:02,6.24,136134,218,卖盘
402,09:50:05,6.25,62500,100,买盘
403,09:50:08,6.24,425524,681,卖盘
404,09:50:11,6.25,61815,99,买盘
405,09:50:14,6.25,236840,379,买盘
406,09:50:17,6.25,8740,14,买盘
407,09:50:20,6.25,530326,849,买盘
408,09:50:23,6.24,440694,706,卖盘
409,09:50:26,6.24,404529,648,卖盘
410,09:50:29,6.24,126048,202,卖盘
411,09:50:32,6.25,559909,897,买盘
412,09:50:35,6.25,611622,980,买盘
413,09:50:38,6.24,334504,536,卖盘
414,09:50:41,6.25,390350,625,买盘
415,09:50:44,6.25,470520,754,买盘
416,09:50:47,6.25,13105,21,买盘
417,09:50:50,6.25,93073,149,买盘
418,09:50:53,6.25,25606,41,买盘
419,09:50:56,6.25,59905,96,买盘
420,09:50:59,6.24,375769,602,卖盘
421,09:51:02,6.24,151632,243,卖盘
422,09:51:05,6.24,347568,557,卖盘
423,09:51:08,6.24,514147,823,卖盘
424,09:51:11,6.24,118607,190,卖盘
425,09:51:14,6.24,1198602,1920,卖盘
426,09:51:17,6.25,53046,85,买盘
427,09:51:20,6.24,2275025,3645,卖盘
428,09:51:23,6.25,660197,1058,买盘
429,09:51:26,6.24,114226,183,卖盘
430,09:51:29,6.25,11250,18,买盘
431,09:51:32,6.24,187202,300,卖盘
432,09:51:35,6.24,115472,185,卖盘
433,09:51:38,6.24,15601,25,卖盘
434,09:51:41,6.24,122324,196,卖盘
435,09:51:44,6.25,126756,203,买盘
436,09:51:47,6.24,1069536,1714,卖盘
437,09:51:50,6.24,18109,29,卖盘
438,09:51:53,6.24,106106,170,卖盘
439,09:51:56,6.25,42473,68,买盘
440,09:51:59,6.24,62443,100,卖盘
441,09:52:02,6.25,228487,366,买盘
442,09:52:05,6.25,67500,108,买盘
443,09:52:08,6.24,157248,252,卖盘
444,09:52:11,6.24,678315,1087,卖盘
445,09:52:14,6.24,103600,166,卖盘
446,09:52:17,6.25,136123,218,买盘
447,09:52:20,6.24,1349649,2161,卖盘
448,09:52:23,6.24,449904,721,卖盘
449,09:52:26,6.24,2001541,3207,卖盘
450,09:52:29,6.23,271869,436,卖盘
451,09:52:32,6.24,1493802,2396,买盘
452,09:52:35,6.23,116532,187,卖盘
453,09:52:38,6.23,112871,181,卖盘
454,09:52:41,6.24,33664,54,买盘
455,09:52:44,6.24,24930,40,买盘
456,09:52:47,6.24,316980,508,买盘
457,09:52:50,6.23,59187,95,卖盘
458,09:52:53,6.24,54226,87,买盘
459,09:52:56,6.23,223146,358,卖盘
460,09:52:59,6.24,681408,1092,买盘
461,09:53:02,6.23,69206,111,卖盘
462,09:53:05,6.24,24960,40,买盘
463,09:53:08,6.23,199485,320,卖盘
464,09:53:11,6.24,29942,48,买盘
465,09:53:14,6.23,49222,79,卖盘
466,09:53:17,6.24,371968,597,买盘
467,09:53:20,6.23,448006,719,卖盘
468,09:53:23,6.23,26166,42,卖盘
469,09:53:26,6.23,244471,392,卖盘
470,09:53:29,6.24,193158,310,买盘
471,09:53:32,6.23,230521,370,卖盘
472,09:53:35,6.23,431133,692,卖盘
473,09:53:38,6.23,309984,497,卖盘
474,09:53:41,6.23,82859,133,卖盘
475,09:53:44,6.23,153268,246,卖盘
476,09:53:47,6.23,220576,354,卖盘
477,09:53:50,6.24,193195,310,买盘
478,09:53:53,6.23,180674,290,卖盘
479,09:53:56,6.23,664741,1067,卖盘
480,09:53:59,6.23,360101,578,卖盘
481,09:54:02,6.23,1221101,1960,卖盘
482,09:54:05,6.23,297794,478,卖盘
483,09:54:08,6.23,422963,678,卖盘
484,09:54:11,6.24,176933,284,买盘
485,09:54:14,6.24,545079,874,买盘
486,09:54:17,6.24,52398,84,买盘
487,09:54:20,6.23,74164,119,卖盘
488,09:54:23,6.23,67295,108,卖盘
489,09:54:26,6.24,11232,18,买盘
490,09:54:29,6.24,69781,112,买盘
491,09:54:32,6.23,304362,488,卖盘
492,09:54:35,6.23,85979,138,卖盘
493,09:54:38,6.23,173211,278,卖盘
494,09:54:41,6.23,387100,621,卖盘
495,09:54:44,6.23,163379,262,卖盘
496,09:54:47,6.23,257028,412,卖盘
497,09:54:50,6.23,219381,352,卖盘
498,09:54:53,6.23,50474,81,卖盘
499,09:54:56,6.23,92888,149,卖盘
500,09:54:59,6.24,108503,174,买盘
501,09:55:02,6.23,118372,190,卖盘
502,09:55:05,6.23,183787,295,卖盘
503,09:55:08,6.23,357092,573,卖盘
504,09:55:11,6.23,441093,708,卖盘
505,09:55:14,6.24,99068,159,买盘
506,09:55:17,6.23,158893,255,卖盘
507,09:55:20,6.24,52985,85,买盘
508,09:55:23,6.23,94098,151,卖盘
509,09:55:26,6.23,260454,418,卖盘
510,09:55:29,6.23,376923,605,卖盘
511,09:55:32,6.23,443650,712,卖盘
512,09:55:35,6.23,510082,818,卖盘
513,09:55:38,6.23,165146,265,卖盘
514,09:55:41,6.24,226777,364,买盘
515,09:55:44,6.24,476596,765,买盘
516,09:55:47,6.23,282250,453,卖盘
517,09:55:50,6.23,152732,245,卖盘
518,09:55:53,6.23,67284,108,卖盘
519,09:55:56,6.24,7498552,12017,买盘
520,09:55:59,6.25,11785516,18887,买盘
521,09:56:02,6.25,473263,758,买盘
522,09:56:05,6.24,506560,811,卖盘
523,09:56:08,6.24,79293,127,卖盘
524,09:56:11,6.25,517255,828,买盘
525,09:56:14,6.24,103593,166,卖盘
526,09:56:17,6.24,462916,741,卖盘
527,09:56:20,6.24,81129,130,卖盘
528,09:56:23,6.24,234060,375,卖盘
529,09:56:26,6.24,37453,60,卖盘
530,09:56:29,6.25,122326,196,买盘
531,09:56:32,6.25,146019,234,买盘
532,09:56:35,6.25,51243,82,买盘
533,09:56:38,6.24,94226,151,卖盘
534,09:56:41,6.24,165360,265,卖盘
535,09:56:44,6.24,399565,640,卖盘
536,09:56:47,6.24,6303043,10101,卖盘
537,09:56:50,6.23,1459693,2341,卖盘
538,09:56:53,6.24,344533,553,买盘
539,09:56:56,6.23,114682,184,卖盘
540,09:56:59,6.24,158878,255,买盘
541,09:57:02,6.24,264257,424,买盘
542,09:57:05,6.23,166407,267,卖盘
543,09:57:08,6.23,375783,603,卖盘
544,09:57:11,6.24,180680,290,买盘
545,09:57:14,6.24,76685,123,买盘
546,09:57:17,6.23,426886,685,卖盘
547,09:57:20,6.24,38064,61,买盘
548,09:57:23,6.23,23078,37,卖盘
549,09:57:26,6.24,9360,15,买盘
550,09:57:29,6.24,523410,839,买盘
551,09:57:32,6.24,122246,196,买盘
552,09:57:35,6.24,379984,609,买盘
553,09:57:38,6.24,352434,565,买盘
554,09:57:41,6.24,1931904,3096,买盘
555,09:57:44,6.24,71168,114,买盘
556,09:57:47,6.24,117388,188,卖盘
557,09:57:50,6.25,395031,633,买盘
558,09:57:53,6.24,128721,206,卖盘
559,09:58:02,6.24,194064,311,卖盘
560,09:58:05,6.24,23729,38,卖盘
561,09:58:08,6.24,181584,291,卖盘
562,09:58:11,6.24,141648,227,卖盘
563,09:58:14,6.24,296400,475,卖盘
564,09:58:17,6.24,1094456,1754,卖盘
565,09:58:20,6.23,282024,452,卖盘
566,09:58:23,6.24,147694,237,买盘
567,09:58:26,6.24,355036,569,买盘
568,09:58:29,6.24,55536,89,买盘
569,09:58:32,6.24,322608,517,买盘
570,09:58:35,6.24,34924,56,买盘
571,09:58:38,6.23,71739,115,卖盘
572,09:58:41,6.24,23071,37,买盘
573,09:58:44,6.23,25583,41,卖盘
574,09:58:47,6.23,144632,232,卖盘
575,09:58:50,6.24,28078,45,买盘
576,09:58:53,6.24,1872,3,买盘
577,09:58:56,6.24,176943,284,买盘
578,09:58:59,6.23,95949,154,卖盘
579,09:59:02,6.24,122898,197,买盘
580,09:59:05,6.24,86670,139,买盘
581,09:59:08,6.24,112818,181,买盘
582,09:59:11,6.24,306572,492,买盘
583,09:59:14,6.24,951639,1526,买盘
584,09:59:17,6.23,398823,640,卖盘
585,09:59:20,6.24,611122,980,买盘
586,09:59:23,6.23,142692,229,卖盘
587,09:59:26,6.24,155197,249,买盘
588,09:59:29,6.23,288492,463,卖盘
589,09:59:32,6.23,89764,144,卖盘
590,09:59:35,6.24,76060,122,买盘
591,09:59:38,6.24,30552,49,买盘
592,09:59:41,6.23,3118,5,卖盘
593,09:59:44,6.24,55534,89,买盘
594,09:59:47,6.24,43660,70,买盘
595,09:59:50,6.24,77991,125,买盘
596,09:59:53,6.24,21829,35,买盘
597,09:59:56,6.24,58641,94,买盘
598,09:59:59,6.24,133347,214,买盘
599,10:00:02,6.23,442766,710,卖盘
600,10:00:05,6.23,318401,511,卖盘
601,10:00:08,6.23,526547,845,卖盘
602,10:00:11,6.23,234880,377,卖盘
603,10:00:14,6.23,196524,315,卖盘
604,10:00:17,6.23,424895,681,卖盘
605,10:00:20,6.23,34908,56,卖盘
606,10:00:23,6.23,49908,80,卖盘
607,10:00:26,6.23,97283,156,卖盘
608,10:00:29,6.23,84115,135,卖盘
609,10:00:32,6.23,7809315,12535,卖盘
610,10:00:35,6.23,4829151,7751,卖盘
611,10:00:38,6.24,577545,927,买盘
612,10:00:41,6.24,390434,626,买盘
613,10:00:44,6.23,1383328,2217,卖盘
614,10:00:47,6.23,29281,47,卖盘
615,10:00:50,6.23,411691,660,卖盘
616,10:00:53,6.24,72927,117,买盘
617,10:00:56,6.23,566212,908,卖盘
618,10:00:59,6.23,99705,160,卖盘
619,10:01:02,6.23,31785,51,卖盘
620,10:01:05,6.23,86597,139,卖盘
621,10:01:08,6.24,26206,42,买盘
622,10:01:11,6.23,467873,751,卖盘
623,10:01:14,6.23,1869,3,卖盘
624,10:01:17,6.23,46761,75,卖盘
625,10:01:20,6.23,214965,345,卖盘
626,10:01:23,6.23,156422,251,卖盘
627,10:01:26,6.23,194379,312,卖盘
628,10:01:29,6.23,92272,148,卖盘
629,10:01:32,6.23,193770,311,卖盘
630,10:01:35,6.23,482840,775,卖盘
631,10:01:38,6.24,51729,83,买盘
632,10:01:41,6.23,91602,147,卖盘
633,10:01:44,6.23,73564,118,卖盘
634,10:01:47,6.24,52339,84,买盘
635,10:01:50,6.23,76090,122,卖盘
636,10:01:53,6.23,47971,77,卖盘
637,10:01:56,6.23,34265,55,卖盘
638,10:01:59,6.23,399546,641,卖盘
639,10:02:02,6.23,176325,283,卖盘
640,10:02:05,6.23,2653407,4259,卖盘
641,10:02:08,6.24,321551,516,买盘
642,10:02:11,6.24,598904,961,买盘
643,10:02:14,6.24,460402,738,买盘
644,10:02:17,6.23,347654,558,卖盘
645,10:02:20,6.23,571825,917,卖盘
646,10:02:23,6.23,84748,136,卖盘
647,10:02:26,6.24,1349605,2163,买盘
648,10:02:29,6.24,299766,481,买盘
649,10:02:32,6.23,72905,117,卖盘
650,10:02:35,6.23,494116,792,卖盘
651,10:02:38,6.23,109787,176,卖盘
652,10:02:41,6.23,160740,258,卖盘
653,10:02:44,6.23,692180,1111,卖盘
654,10:02:47,6.24,657349,1055,买盘
655,10:02:50,6.23,152697,245,卖盘
656,10:02:53,6.24,227487,365,买盘
657,10:02:56,6.23,79779,128,卖盘
658,10:02:59,6.24,162024,260,买盘
659,10:03:02,6.23,122113,196,卖盘
660,10:03:05,6.23,198838,319,卖盘
661,10:03:08,6.24,51744,83,买盘
662,10:03:11,6.23,147651,237,卖盘
663,10:03:14,6.23,35513,57,卖盘
664,10:03:17,6.24,346925,556,买盘
665,10:03:20,6.23,24923,40,卖盘
666,10:03:23,6.23,373074,598,卖盘
667,10:03:26,6.24,182832,293,买盘
668,10:03:29,6.24,303838,487,买盘
669,10:03:32,6.24,193326,310,买盘
670,10:03:35,6.24,51712,83,买盘
671,10:03:38,6.24,413552,663,买盘
672,10:03:41,6.23,22438,36,卖盘
673,10:03:44,6.23,121541,195,卖盘
674,10:03:47,6.24,44878,72,买盘
675,10:03:50,6.24,3120,5,买盘
676,10:03:53,6.24,61122,98,买盘
677,10:03:56,6.24,6240,10,买盘
678,10:03:59,6.23,46746,75,卖盘
679,10:04:02,6.23,378810,608,卖盘
680,10:04:05,6.23,152012,244,卖盘
681,10:04:08,6.24,133340,214,买盘
682,10:04:11,6.23,361983,581,卖盘
683,10:04:14,6.23,19315,31,卖盘
684,10:04:17,6.24,318837,511,买盘
685,10:04:20,6.23,35538,57,卖盘
686,10:04:23,6.23,354407,568,卖盘
687,10:04:26,6.24,7482,12,买盘
688,10:04:29,6.23,243801,391,卖盘
689,10:04:32,6.23,74834,120,卖盘
690,10:04:38,6.23,184430,296,卖盘
691,10:04:41,6.23,164694,264,卖盘
692,10:04:44,6.23,60480,97,卖盘
693,10:04:47,6.23,13083,21,卖盘
694,10:04:50,6.23,17444,28,卖盘
695,10:04:53,6.24,61117,98,买盘
696,10:04:56,6.23,18072,29,卖盘
697,10:04:59,6.23,53643,86,卖盘
698,10:05:02,6.24,66121,106,买盘
699,10:05:05,6.24,29952,48,买盘
700,10:05:08,6.24,719606,1155,买盘
701,10:05:11,6.23,134598,216,卖盘
702,10:05:14,6.24,286648,460,买盘
703,10:05:17,6.24,95472,153,买盘
704,10:05:20,6.24,172026,276,买盘
705,10:05:23,6.24,431789,692,买盘
706,10:05:26,6.24,421150,675,买盘
707,10:05:29,6.23,501603,804,卖盘
708,10:05:32,6.24,140363,225,买盘
709,10:05:35,6.23,341287,547,卖盘
710,10:05:38,6.24,18720,30,买盘
711,10:05:41,6.24,112301,180,买盘
712,10:05:44,6.24,311818,500,买盘
713,10:05:47,6.24,300090,481,买盘
714,10:05:50,6.24,520341,834,买盘
715,10:05:53,6.24,9305712,14913,买盘
716,10:05:56,6.24,225463,361,卖盘
717,10:05:59,6.24,14976,24,卖盘
718,10:06:02,6.24,84240,135,卖盘
719,10:06:05,6.24,21840,35,卖盘
720,10:06:08,6.24,906288,1452,卖盘
721,10:06:11,6.24,219153,351,卖盘
722,10:06:14,6.25,667834,1070,买盘
723,10:06:17,6.24,49297,79,卖盘
724,10:06:20,6.24,181827,291,卖盘
725,10:06:23,6.24,171775,275,卖盘
726,10:06:26,6.25,311250,498,买盘
727,10:06:29,6.25,154335,247,买盘
728,10:06:32,6.24,402447,644,卖盘
729,10:06:35,6.24,111072,178,卖盘
730,10:06:38,6.25,600161,961,买盘
731,10:06:41,6.25,53739,86,买盘
732,10:06:44,6.25,377554,605,买盘
733,10:06:47,6.25,49375,79,买盘
734,10:06:50,6.25,68105,109,买盘
735,10:06:53,6.25,151225,242,买盘
736,10:06:56,6.25,125589,201,买盘
737,10:07:02,6.25,11870,19,买盘
738,10:07:05,6.25,141712,227,买盘
739,10:07:08,6.25,17500,28,买盘
740,10:07:11,6.24,13731,22,卖盘
741,10:07:14,6.24,131245,210,卖盘
742,10:07:17,6.25,18125,29,买盘
743,10:07:20,6.24,11248,18,卖盘
744,10:07:23,6.24,6240,10,卖盘
745,10:07:26,6.25,1875,3,买盘
746,10:07:29,6.24,1873,3,卖盘
747,10:07:32,6.25,306827,491,买盘
748,10:07:35,6.25,138550,222,买盘
749,10:07:38,6.25,312500,500,买盘
750,10:07:41,6.24,14991,24,卖盘
751,10:07:44,6.25,55620,89,买盘
752,10:07:47,6.25,63749,102,买盘
753,10:07:50,6.25,55000,88,买盘
754,10:07:53,6.25,30625,49,买盘
755,10:07:56,6.25,118619,190,买盘
756,10:07:59,6.24,114193,183,卖盘
757,10:08:02,6.24,110475,177,卖盘
758,10:08:05,6.24,152256,244,卖盘
759,10:08:08,6.25,38702,62,买盘
760,10:08:11,6.24,278964,447,卖盘
761,10:08:14,6.24,1248,2,卖盘
762,10:08:17,6.25,134981,216,买盘
763,10:08:20,6.25,214796,344,买盘
764,10:08:23,6.24,24980,40,卖盘
765,10:08:26,6.24,98592,158,卖盘
766,10:08:29,6.25,8125,13,买盘
767,10:08:32,6.24,203508,326,卖盘
768,10:08:35,6.25,3125,5,买盘
769,10:08:38,6.25,26226,42,买盘
770,10:08:41,6.25,11237,18,买盘
771,10:08:44,6.25,17500,28,买盘
772,10:08:47,6.25,52458,84,买盘
773,10:08:50,6.25,10000,16,买盘
774,10:08:53,6.25,25620,41,买盘
775,10:08:56,6.25,33727,54,买盘
776,10:08:59,6.25,18750,30,买盘
777,10:09:02,6.25,874366,1400,买盘
778,10:09:05,6.25,148750,238,买盘
779,10:09:08,6.24,94332,151,卖盘
780,10:09:11,6.25,618398,991,买盘
781,10:09:14,6.25,64992,104,买盘
782,10:09:17,6.25,72491,116,买盘
783,10:09:20,6.24,118669,190,卖盘
784,10:09:23,6.24,256466,411,卖盘
785,10:09:26,6.25,1875,3,买盘
786,10:09:29,6.24,365617,585,卖盘
787,10:09:32,6.25,5000,8,买盘
788,10:09:35,6.25,348125,557,买盘
789,10:09:38,6.25,51875,83,买盘
790,10:09:41,6.25,59998,96,买盘
791,10:09:44,6.25,57428,92,买盘
792,10:09:47,6.24,11856,19,卖盘
793,10:09:50,6.25,15625,25,买盘
794,10:09:53,6.24,19972,32,卖盘
795,10:09:56,6.24,64332,103,卖盘
796,10:09:59,6.24,19973,32,卖盘
797,10:10:02,6.24,3525600,5650,卖盘
798,10:10:05,6.24,8403408,13467,卖盘
799,10:10:08,6.24,1974641,3164,卖盘
800,10:10:11,6.25,304144,487,买盘
801,10:10:14,6.24,61219,98,卖盘
802,10:10:17,6.24,127958,205,卖盘
803,10:10:20,6.24,280806,450,卖盘
804,10:10:23,6.24,1767159,2832,卖盘
805,10:10:26,6.23,774170,1242,卖盘
806,10:10:29,6.24,63024,101,买盘
807,10:10:32,6.24,23712,38,买盘
808,10:10:35,6.24,51734,83,买盘
809,10:10:38,6.23,3118,5,卖盘
810,10:10:41,6.23,397993,638,卖盘
811,10:10:44,6.24,21831,35,买盘
812,10:10:47,6.24,442866,710,买盘
813,10:10:50,6.23,28689,46,卖盘
814,10:10:53,6.24,259317,416,买盘
815,10:10:56,6.24,31200,50,买盘
816,10:10:59,6.24,31200,50,买盘
817,10:11:02,6.24,47412,76,买盘
818,10:11:05,6.24,180316,289,买盘
819,10:11:08,6.24,624,1,买盘
820,10:11:11,6.24,39300,63,买盘
821,10:11:14,6.24,6240,10,买盘
822,10:11:17,6.24,7488,12,买盘
823,10:11:20,6.23,79744,128,卖盘
824,10:11:23,6.24,26197,42,买盘
825,10:11:26,6.23,176321,283,卖盘
826,10:11:29,6.23,243839,391,卖盘
827,10:11:32,6.23,17444,28,卖盘
828,10:11:35,6.24,203303,326,买盘
829,10:11:38,6.24,63556,102,买盘
830,10:11:41,6.24,64896,104,买盘
831,10:11:44,6.23,74830,120,卖盘
832,10:11:47,6.23,208415,334,卖盘
833,10:11:50,6.23,790545,1268,卖盘
834,10:11:53,6.23,12461,20,卖盘
835,10:11:56,6.23,218399,350,卖盘
836,10:11:59,6.24,8736,14,买盘
837,10:12:02,6.23,387600,622,卖盘
838,10:12:05,6.24,130209,209,买盘
839,10:12:08,6.24,14956,24,买盘
840,10:12:11,6.24,34296,55,买盘
841,10:12:14,6.23,244224,392,卖盘
842,10:12:17,6.23,9352,15,卖盘
843,10:12:20,6.24,36142,58,买盘
844,10:12:23,6.23,2495,4,卖盘
845,10:12:26,6.24,53585,86,买盘
846,10:12:29,6.23,42987,69,卖盘
847,10:12:32,6.24,133950,215,买盘
848,10:12:35,6.23,7477,12,卖盘
849,10:12:38,6.23,77983,125,卖盘
850,10:12:41,6.24,57408,92,买盘
851,10:12:44,6.24,91668,147,买盘
852,10:12:47,6.23,6231,10,卖盘
853,10:12:50,6.24,32443,52,买盘
854,10:12:53,6.23,1246,2,卖盘
855,10:12:56,6.23,33048,53,卖盘
856,10:12:59,6.23,6854,11,卖盘
857,10:13:02,6.23,195723,314,卖盘
858,10:13:05,6.24,27454,44,买盘
859,10:13:08,6.23,135292,217,卖盘
860,10:13:11,6.23,128461,206,卖盘
861,10:13:14,6.23,5607,9,卖盘
862,10:13:17,6.23,242366,389,卖盘
863,10:13:20,6.23,14962,24,卖盘
864,10:13:23,6.24,4364,7,买盘
865,10:13:26,6.23,996805,1600,卖盘
866,10:13:29,6.23,2017905,3239,卖盘
867,10:13:32,6.23,59190,95,卖盘
868,10:13:35,6.24,624,1,买盘
869,10:13:38,6.23,233790,375,卖盘
870,10:13:41,6.24,36771,59,买盘
871,10:13:44,6.24,56784,91,买盘
872,10:13:47,6.24,3117,5,买盘
873,10:13:50,6.23,12460,20,卖盘
874,10:13:53,6.24,40500,65,买盘
875,10:13:56,6.24,8100,13,买盘
876,10:13:59,6.23,54891,88,卖盘
877,10:14:02,6.24,112818,181,买盘
878,10:14:05,6.24,624,1,买盘
879,10:14:08,6.23,142044,228,卖盘
880,10:14:11,6.24,41184,66,买盘
881,10:14:14,6.23,11851,19,卖盘
882,10:14:17,6.24,38657,62,买盘
883,10:14:20,6.23,4984,8,卖盘
884,10:14:23,6.23,8100,13,卖盘
885,10:14:26,6.24,253598,407,买盘
886,10:14:29,6.24,25584,41,买盘
887,10:14:32,6.24,30539,49,买盘
888,10:14:35,6.24,14955,24,买盘
889,10:14:38,6.23,18079,29,卖盘
890,10:14:41,6.23,24312,39,卖盘
891,10:14:44,6.23,26793,43,卖盘
892,10:14:47,6.23,4984,8,卖盘
893,10:14:50,6.24,38011,61,买盘
894,10:14:53,6.23,812437,1304,卖盘
895,10:14:56,6.24,32427,52,买盘
896,10:14:59,6.24,3120,5,买盘
897,10:15:02,6.23,1121486,1800,卖盘
898,10:15:05,6.23,19588769,31448,卖盘
899,10:15:08,6.22,534499,858,卖盘
900,10:15:11,6.23,407374,654,买盘
901,10:15:14,6.22,163687,263,卖盘
902,10:15:17,6.22,41690,67,卖盘
903,10:15:20,6.22,53494,86,卖盘
904,10:15:23,6.22,201621,324,卖盘
905,10:15:26,6.22,295459,475,卖盘
906,10:15:29,6.22,156122,251,卖盘
907,10:15:32,6.23,37344,60,买盘
908,10:15:35,6.22,23636,38,卖盘
909,10:15:38,6.23,21805,35,买盘
910,10:15:41,6.22,311892,501,卖盘
911,10:15:44,6.22,957286,1539,卖盘
912,10:15:47,6.23,61010,98,买盘
913,10:15:50,6.23,19284,31,买盘
914,10:15:53,6.23,53519,86,买盘
915,10:15:56,6.23,3738,6,买盘
916,10:15:59,6.22,136843,220,卖盘
917,10:16:02,6.22,92788,149,卖盘
918,10:16:05,6.22,16810,27,卖盘
919,10:16:08,6.22,109625,176,卖盘
920,10:16:11,6.23,41713,67,买盘
921,10:16:14,6.22,40433,65,卖盘
922,10:16:17,6.22,3732,6,卖盘
923,10:16:20,6.22,97102,156,卖盘
924,10:16:26,6.22,80860,130,卖盘
925,10:16:29,6.22,90863,146,卖盘
926,10:16:32,6.22,32344,52,卖盘
927,10:16:35,6.22,303011,487,卖盘
928,10:16:38,6.22,161721,260,卖盘
929,10:16:41,6.23,401259,645,买盘
930,10:16:44,6.22,434338,698,卖盘
931,10:16:47,6.22,3737,6,卖盘
932,10:16:50,6.22,26149,42,卖盘
933,10:16:53,6.22,23670,38,卖盘
934,10:16:56,6.22,1244,2,卖盘
935,10:16:59,6.23,2490,4,买盘
936,10:17:02,6.23,316684,509,买盘
937,10:17:05,6.22,177892,286,卖盘
938,10:17:08,6.22,201140,323,卖盘
939,10:17:11,6.22,41674,67,卖盘
940,10:17:14,6.22,20526,33,卖盘
941,10:17:17,6.22,503208,809,卖盘
942,10:17:20,6.22,6842,11,卖盘
943,10:17:23,6.23,317322,510,买盘
944,10:17:26,6.23,397955,639,买盘
945,10:17:29,6.22,62872,101,卖盘
946,10:17:32,6.23,21174,34,买盘
947,10:17:35,6.22,80866,130,卖盘
948,10:17:38,6.22,13694,22,卖盘
949,10:17:41,6.22,130678,210,卖盘
950,10:17:44,6.22,35471,57,卖盘
951,10:17:47,6.22,49818,80,卖盘
952,10:17:50,6.22,3110,5,卖盘
953,10:17:53,6.23,24896,40,买盘
954,10:17:56,6.22,13074,21,卖盘
955,10:17:59,6.23,66661,107,买盘
956,10:18:02,6.23,136255,219,买盘
957,10:18:05,6.22,34840,56,卖盘
958,10:18:08,6.23,140576,226,买盘
959,10:18:11,6.23,722147,1161,买盘
960,10:18:14,6.23,61623,99,买盘
961,10:18:17,6.22,467777,752,卖盘
962,10:18:20,6.23,51014,82,买盘
963,10:18:23,6.23,153098,246,买盘
964,10:18:26,6.22,70286,113,卖盘
965,10:18:29,6.22,3111283,5002,卖盘
966,10:18:32,6.22,23586245,37920,卖盘
967,10:18:35,6.22,277343,446,买盘
968,10:18:38,6.22,211895,341,买盘
969,10:18:41,6.22,52238,84,买盘
970,10:18:44,6.21,39143,63,卖盘
971,10:18:47,6.21,270818,436,卖盘
972,10:18:50,6.22,51582,83,买盘
973,10:18:53,6.21,208678,336,卖盘
974,10:18:56,6.21,90792,146,卖盘
975,10:18:59,6.22,32311,52,买盘
976,10:19:02,6.21,262230,422,卖盘
977,10:19:05,6.21,83216,134,卖盘
978,10:19:08,6.21,135395,218,卖盘
979,10:19:11,6.21,99515,160,卖盘
980,10:19:14,6.22,65891,106,买盘
981,10:19:17,6.21,20494,33,卖盘
982,10:19:20,6.21,55970,90,卖盘
983,10:19:23,6.21,191539,308,卖盘
984,10:19:26,6.21,328019,528,卖盘
985,10:19:29,6.22,159715,257,买盘
986,10:19:32,6.21,42860,69,卖盘
987,10:19:35,6.21,322084,518,卖盘
988,10:19:38,6.22,185160,298,买盘
989,10:19:41,6.22,226924,365,买盘
990,10:19:44,6.22,208224,335,买盘
991,10:19:47,6.22,3429865,5515,买盘
992,10:19:50,6.22,1085786,1746,买盘
993,10:19:53,6.22,460500,741,买盘
994,10:19:56,6.21,261463,421,卖盘
995,10:19:59,6.22,169606,273,买盘
996,10:20:02,6.21,731052,1177,卖盘
997,10:20:05,6.22,18660,30,买盘
998,10:20:08,6.22,1044672,1682,买盘
999,10:20:11,6.21,952614,1534,卖盘
1000,10:20:14,6.21,1014815,1634,卖盘
1001,10:20:17,6.21,985576,1587,卖盘
1002,10:20:20,6.22,758916,1222,买盘
1003,10:20:23,6.22,92017,148,买盘
1004,10:20:26,6.22,82031,132,买盘
1005,10:20:29,6.22,92643,149,买盘
1006,10:20:32,6.21,160434,258,卖盘
1007,10:20:35,6.22,27957,45,买盘
1008,10:20:38,6.21,68938,111,卖盘
1009,10:20:41,6.22,189667,305,买盘
1010,10:20:44,6.21,20493,33,卖盘
1011,10:20:47,6.21,21735,35,卖盘
1012,10:20:50,6.21,621,1,卖盘
1013,10:20:53,6.21,24220,39,卖盘
1014,10:20:56,6.21,17388,28,卖盘
1015,10:20:59,6.21,132396,213,卖盘
1016,10:21:02,6.21,154750,249,卖盘
1017,10:21:05,6.21,316740,510,卖盘
1018,10:21:08,6.22,40392,65,买盘
1019,10:21:11,6.21,32292,52,卖盘
1020,10:21:14,6.22,271701,437,买盘
1021,10:21:17,6.21,29808,48,卖盘
1022,10:21:20,6.21,129177,208,卖盘
1023,10:21:23,6.21,19872,32,卖盘
1024,10:21:26,6.21,27344,44,卖盘
1025,10:21:29,6.22,124202,200,买盘
1026,10:21:32,6.22,172762,278,买盘
1027,10:21:35,6.21,101847,164,卖盘
1028,10:21:38,6.22,289060,465,买盘
1029,10:21:41,6.22,37887,61,买盘
1030,10:21:44,6.21,147881,238,卖盘
1031,10:21:47,6.21,19872,32,卖盘
1032,10:21:50,6.21,88182,142,卖盘
1033,10:21:53,6.22,153399,247,买盘
1034,10:21:56,6.22,3110,5,买盘
1035,10:21:59,6.21,111169,179,卖盘
1036,10:22:02,6.22,141101,227,买盘
1037,10:22:05,6.21,109918,177,卖盘
1038,10:22:08,6.22,117413,189,买盘
1039,10:22:11,6.22,94409,152,买盘
1040,10:22:14,6.21,1644418,2648,卖盘
1041,10:22:17,6.21,17341419,27925,卖盘
1042,10:22:20,6.21,1227149,1979,买盘
1043,10:22:23,6.21,1375878,2218,买盘
1044,10:22:26,6.21,803130,1295,买盘
1045,10:22:29,6.21,455858,735,买盘
1046,10:22:32,6.21,57050,92,买盘
1047,10:22:35,6.21,188618,304,买盘
1048,10:22:38,6.21,715922,1153,买盘
1049,10:22:41,6.2,6535069,10540,卖盘
1050,10:22:44,6.21,1118236,1803,买盘
1051,10:22:47,6.21,553983,893,买盘
1052,10:22:50,6.2,341647,551,卖盘
1053,10:22:53,6.2,84330,136,卖盘
1054,10:22:56,6.2,334038,538,卖盘
1055,10:22:59,6.2,81222,131,卖盘
1056,10:23:02,6.2,80686,130,卖盘
1057,10:23:05,6.2,147585,238,卖盘
1058,10:23:08,6.2,152645,246,卖盘
1059,10:23:11,6.2,334283,539,卖盘
1060,10:23:14,6.2,641127,1034,卖盘
1061,10:23:17,6.2,569782,919,卖盘
1062,10:23:20,6.2,171126,276,卖盘
1063,10:23:23,6.2,71391,115,卖盘
1064,10:23:26,6.2,154393,249,卖盘
1065,10:23:29,6.2,18600,30,卖盘
1066,10:23:32,6.21,78826,127,买盘
1067,10:23:35,6.21,144475,233,买盘
1068,10:23:38,6.2,68304,110,卖盘
1069,10:23:41,6.21,50285,81,买盘
1070,10:23:44,6.21,313523,505,买盘
1071,10:23:47,6.2,595160,959,卖盘
1072,10:23:50,6.21,525248,846,买盘
1073,10:23:53,6.21,243270,392,买盘
1074,10:23:56,6.21,39123,63,买盘
1075,10:23:59,6.2,26660,43,卖盘
1076,10:24:02,6.21,315734,509,买盘
1077,10:24:05,6.21,230836,372,买盘
1078,10:24:08,6.21,165746,267,买盘
1079,10:24:11,6.2,208569,336,卖盘
1080,10:24:14,6.21,86844,140,买盘
1081,10:24:17,6.21,13657,22,买盘
1082,10:24:20,6.21,30427,49,买盘
1083,10:24:23,6.21,147607,238,买盘
1084,10:24:26,6.21,43455,70,买盘
1085,10:24:29,6.2,438291,706,卖盘
1086,10:24:32,6.21,356342,574,买盘
1087,10:24:35,6.2,240018,387,卖盘
1088,10:24:38,6.21,69551,112,买盘
1089,10:24:41,6.21,99859,161,买盘
1090,10:24:44,6.21,226587,365,买盘
1091,10:24:47,6.21,197394,318,买盘
1092,10:24:50,6.21,149534,241,买盘
1093,10:24:53,6.2,37843,61,卖盘
1094,10:24:56,6.21,538238,867,买盘
1095,10:24:59,6.21,491769,792,买盘
1096,10:25:02,6.21,627539,1011,买盘
1097,10:25:05,6.21,269254,434,买盘
1098,10:25:08,6.2,451292,727,卖盘
1099,10:25:11,6.21,86842,140,买盘
1100,10:25:14,6.21,273089,440,买盘
1101,10:25:17,6.21,3726,6,买盘
1102,10:25:20,6.2,187462,302,卖盘
1103,10:25:23,6.21,68931,111,买盘
1104,10:25:26,6.21,110474,178,买盘
1105,10:25:29,6.21,21110,34,买盘
1106,10:25:32,6.21,80710,130,买盘
1107,10:25:35,6.21,109131,176,买盘
1108,10:25:38,6.21,116674,188,买盘
1109,10:25:41,6.21,31021,50,买盘
1110,10:25:44,6.21,22351,36,买盘
1111,10:25:47,6.21,6210,10,买盘
1112,10:25:50,6.21,28565,46,买盘
1113,10:25:53,6.21,106114,171,买盘
1114,10:25:56,6.21,36638,59,买盘
1115,10:25:59,6.21,1863,3,买盘
1116,10:26:02,6.2,191138,308,卖盘
1117,10:26:05,6.2,796021,1283,卖盘
1118,10:26:08,6.21,205344,331,买盘
1119,10:26:11,6.2,24802,40,卖盘
1120,10:26:14,6.21,146970,237,买盘
1121,10:26:17,6.2,115961,187,卖盘
1122,10:26:20,6.21,50269,81,买盘
1123,10:26:23,6.2,3271741,5277,卖盘
1124,10:26:26,6.2,520180,839,卖盘
1125,10:26:29,6.2,140745,227,卖盘
1126,10:26:32,6.2,403253,650,卖盘
1127,10:26:35,6.2,140120,226,卖盘
1128,10:26:38,6.2,70694,114,卖盘
1129,10:26:41,6.2,8693,14,卖盘
1130,10:26:44,6.2,47128,76,卖盘
1131,10:26:47,6.2,251731,406,卖盘
1132,10:26:50,6.2,82574,133,卖盘
1133,10:26:53,6.2,45261,73,卖盘
1134,10:26:56,6.21,117886,190,买盘
1135,10:26:59,6.2,68200,110,卖盘
1136,10:27:02,6.2,166230,268,卖盘
1137,10:27:05,6.21,101737,164,买盘
1138,10:27:08,6.2,1117895,1803,卖盘
1139,10:27:11,6.2,108514,175,卖盘
1140,10:27:14,6.2,1406175,2268,卖盘
1141,10:27:17,6.21,281481,454,买盘
1142,10:27:20,6.2,73165,118,卖盘
1143,10:27:23,6.2,398692,643,卖盘
1144,10:27:26,6.2,114127,184,卖盘
1145,10:27:29,6.21,62640,101,买盘
1146,10:27:32,6.2,509584,821,卖盘
1147,10:27:35,6.21,75687,122,买盘
1148,10:27:38,6.21,368253,593,买盘
1149,10:27:41,6.21,73782,119,买盘
1150,10:27:47,6.21,118430,191,买盘
1151,10:27:50,6.2,52088,84,卖盘
1152,10:27:53,6.21,42225,68,买盘
1153,10:27:56,6.21,9936,16,买盘
1154,10:27:59,6.21,3726,6,买盘
1155,10:28:02,6.2,496802,801,卖盘
1156,10:28:05,6.21,58967,95,买盘
1157,10:28:08,6.2,75020,121,卖盘
1158,10:28:11,6.21,78184,126,买盘
1159,10:28:14,6.2,44645,72,卖盘
1160,10:28:17,6.21,131632,212,买盘
1161,10:28:20,6.2,181234,292,卖盘
1162,10:28:23,6.21,89424,144,买盘
1163,10:28:26,6.21,91195,147,买盘
1164,10:28:29,6.2,34752,56,卖盘
1165,10:28:32,6.2,241804,390,卖盘
1166,10:28:35,6.2,161201,260,卖盘
1167,10:28:38,6.2,250026,403,卖盘
1168,10:28:41,6.2,6827,11,卖盘
1169,10:28:44,6.21,70104,113,买盘
1170,10:28:47,6.21,216409,349,买盘
1171,10:28:50,6.2,141368,228,卖盘
1172,10:28:53,6.2,287704,464,卖盘
1173,10:28:56,6.2,97371,157,卖盘
1174,10:28:59,6.21,13031,21,买盘
1175,10:29:02,6.2,456975,737,卖盘
1176,10:29:05,6.21,137690,222,买盘
1177,10:29:08,6.2,173201,279,卖盘
1178,10:29:11,6.2,394936,636,卖盘
1179,10:29:14,6.2,148803,240,卖盘
1180,10:29:17,6.2,396755,639,卖盘
1181,10:29:20,6.2,47757,77,卖盘
1182,10:29:23,6.2,2481,4,卖盘
1183,10:29:26,6.2,86234,139,卖盘
1184,10:29:29,6.2,45891,74,卖盘
1185,10:29:32,6.2,132684,214,卖盘
1186,10:29:35,6.2,33485,54,卖盘
1187,10:29:38,6.21,114731,185,买盘
1188,10:29:41,6.21,44071,71,买盘
1189,10:29:44,6.21,96807,156,买盘
1190,10:29:47,6.2,225881,364,卖盘
1191,10:29:50,6.19,24645432,39751,卖盘
1192,10:29:53,6.2,647055,1045,买盘
1193,10:29:56,6.2,1014045,1638,买盘
1194,10:29:59,6.2,1154789,1865,买盘
1195,10:30:02,6.2,969993,1567,买盘
1196,10:30:05,6.2,660502,1067,买盘
1197,10:30:08,6.2,231607,374,买盘
1198,10:30:11,6.2,89179,144,买盘
1199,10:30:14,6.2,165334,267,买盘
1200,10:30:17,6.19,141267,228,卖盘
1201,10:30:20,6.19,132587,214,卖盘
1202,10:30:23,6.2,361398,583,买盘
1203,10:30:26,6.19,61282,99,卖盘
1204,10:30:29,6.2,6820,11,买盘
1205,10:30:32,6.19,2362774,3817,卖盘
1206,10:30:35,6.19,2568756,4149,卖盘
1207,10:30:38,6.2,740965,1197,买盘
1208,10:30:41,6.2,568780,918,买盘
1209,10:30:44,6.2,1390315,2246,买盘
1210,10:30:47,6.19,307178,496,卖盘
1211,10:30:50,6.2,161064,260,买盘
1212,10:30:53,6.19,143608,232,卖盘
1213,10:30:56,6.19,76808,124,卖盘
1214,10:30:59,6.19,13019,21,卖盘
1215,10:31:02,6.19,32198,52,卖盘
1216,10:31:05,6.2,132060,213,买盘
1217,10:31:08,6.19,59424,96,卖盘
1218,10:31:11,6.19,166587,269,卖盘
1219,10:31:14,6.19,92899,150,卖盘
1220,10:31:17,6.19,86660,140,卖盘
1221,10:31:20,6.19,267445,432,卖盘
1222,10:31:23,6.19,171526,277,卖盘
1223,10:31:26,6.2,153545,248,买盘
1224,10:31:29,6.19,17963,29,卖盘
1225,10:31:32,6.19,111478,180,卖盘
1226,10:31:35,6.19,134357,217,卖盘
1227,10:31:38,6.19,89851,145,卖盘
1228,10:31:41,6.19,78004,126,卖盘
1229,10:31:44,6.2,272395,440,买盘
1230,10:31:47,6.19,197462,319,卖盘
1231,10:31:50,6.19,15877676,25653,卖盘
1232,10:31:53,6.18,1250283,2023,卖盘
1233,10:31:56,6.18,1217425,1969,卖盘
1234,10:31:59,6.19,267063,432,买盘
1235,10:32:02,6.18,688461,1114,卖盘
1236,10:32:05,6.18,642139,1038,卖盘
1237,10:32:08,6.19,298049,482,买盘
1238,10:32:11,6.18,545076,881,卖盘
1239,10:32:14,6.19,131690,213,买盘
1240,10:32:17,6.18,6806,11,卖盘
1241,10:32:20,6.18,26574,43,卖盘
1242,10:32:23,6.18,336825,545,卖盘
1243,10:32:26,6.19,281645,455,买盘
1244,10:32:29,6.18,138452,224,卖盘
1245,10:32:32,6.18,188491,305,卖盘
1246,10:32:35,6.19,31569,51,买盘
1247,10:32:38,6.19,10507,17,买盘
1248,10:32:41,6.18,61182,99,卖盘
1249,10:32:44,6.19,61229,99,买盘
1250,10:32:50,6.19,51942,84,买盘
1251,10:32:53,6.18,55624,90,卖盘
1252,10:32:56,6.18,92772,150,卖盘
1253,10:32:59,6.18,58717,95,卖盘
1254,10:33:02,6.19,137840,223,买盘
1255,10:33:05,6.18,14834,24,卖盘
1256,10:33:08,6.18,240570,389,卖盘
1257,10:33:11,6.18,250371,405,卖盘
1258,10:33:14,6.18,4944,8,卖盘
1259,10:33:17,6.18,4136915,6694,卖盘
1260,10:33:20,6.18,6590392,10664,卖盘
1261,10:33:23,6.18,1436877,2325,卖盘
1262,10:33:26,6.18,665667,1077,卖盘
1263,10:33:29,6.18,401112,649,卖盘
1264,10:33:32,6.18,256498,415,卖盘
1265,10:33:35,6.18,92082,149,卖盘
1266,10:33:38,6.19,42660,69,买盘
1267,10:33:41,6.18,32155,52,卖盘
1268,10:33:44,6.18,802974,1299,卖盘
1269,10:33:47,6.18,163162,264,卖盘
1270,10:33:50,6.18,24732,40,卖盘
1271,10:33:53,6.18,181708,294,卖盘
1272,10:33:56,6.18,80959,131,卖盘
1273,10:33:59,6.18,59946,97,卖盘
1274,10:34:02,6.18,56238,91,卖盘
1275,10:34:05,6.18,158387,256,卖盘
1276,10:34:08,6.18,176189,285,卖盘
1277,10:34:11,6.18,100867,163,卖盘
1278,10:34:14,6.18,61809,100,卖盘
1279,10:34:17,6.19,120529,195,买盘
1280,10:34:20,6.19,19185,31,买盘
1281,10:34:23,6.18,38362,62,卖盘
1282,10:34:26,6.19,89676,145,买盘
1283,10:34:29,6.18,105733,171,卖盘
1284,10:34:32,6.18,154553,250,卖盘
1285,10:34:35,6.18,285740,462,卖盘
1286,10:34:38,6.18,166864,270,卖盘
1287,10:34:41,6.18,2474,4,卖盘
1288,10:34:44,6.19,94659,153,买盘
1289,10:34:47,6.19,451157,729,买盘
1290,10:34:50,6.18,119917,194,卖盘
1291,10:34:53,6.18,89088,144,卖盘
1292,10:34:56,6.18,134169,217,卖盘
1293,10:34:59,6.18,88485,143,卖盘
1294,10:35:02,6.18,61826,100,卖盘
1295,10:35:05,6.19,112489,182,买盘
1296,10:35:08,6.19,265959,430,买盘
1297,10:35:11,6.18,481975,779,卖盘
1298,10:35:14,6.18,275726,446,卖盘
1299,10:35:17,6.18,278915,451,卖盘
1300,10:35:20,6.19,112563,182,买盘
1301,10:35:23,6.19,89117,144,买盘
1302,10:35:26,6.18,100136,162,卖盘
1303,10:35:29,6.19,53815,87,买盘
1304,10:35:32,6.18,9270,15,卖盘
1305,10:35:35,6.18,1341728,2171,卖盘
1306,10:35:38,6.18,241020,390,卖盘
1307,10:35:41,6.19,121747,197,买盘
1308,10:35:47,6.18,190989,309,卖盘
1309,10:35:50,6.18,54399,88,卖盘
1310,10:35:53,6.18,105721,171,卖盘
1311,10:35:56,6.18,131134,212,卖盘
1312,10:35:59,6.19,120703,195,买盘
1313,10:36:02,6.19,247266,400,买盘
1314,10:36:05,6.18,14832,24,卖盘
1315,10:36:08,6.18,618,1,卖盘
1316,10:36:11,6.19,3095,5,买盘
1317,10:36:14,6.18,81601,132,卖盘
1318,10:36:17,6.18,127953,207,卖盘
1319,10:36:20,6.19,27843,45,买盘
1320,10:36:23,6.18,9270,15,卖盘
1321,10:36:29,6.18,335369,542,卖盘
1322,10:36:32,6.18,77920,126,卖盘
1323,10:36:35,6.18,166860,270,卖盘
1324,10:36:38,6.18,105678,171,卖盘
1325,10:36:41,6.18,142758,231,卖盘
1326,10:36:44,6.18,119908,194,卖盘
1327,10:36:47,6.18,51922,84,卖盘
1328,10:36:50,6.18,21043,34,卖盘
1329,10:36:53,6.19,57562,93,买盘
1330,10:36:56,6.18,73642,119,卖盘
1331,10:36:59,6.18,190344,308,卖盘
1332,10:37:02,6.18,176822,286,卖盘
1333,10:37:05,6.19,189248,306,买盘
1334,10:37:08,6.19,139213,225,买盘
1335,10:37:11,6.19,6190,10,买盘
1336,10:37:14,6.18,189892,307,卖盘
1337,10:37:17,6.19,42046,68,买盘
1338,10:37:20,6.18,141582,229,卖盘
1339,10:37:23,6.19,108248,175,买盘
1340,10:37:26,6.18,55028,89,卖盘
1341,10:37:29,6.18,216502,350,卖盘
1342,10:37:32,6.18,344062,556,卖盘
1343,10:37:35,6.18,269575,436,卖盘
1344,10:37:38,6.18,23484,38,卖盘
1345,10:37:41,6.19,61189,99,买盘
1346,10:37:44,6.19,4952,8,买盘
1347,10:37:47,6.19,66780,108,买盘
1348,10:37:50,6.18,144784,234,卖盘
1349,10:37:53,6.18,25340,41,卖盘
1350,10:37:56,6.18,69856,113,卖盘
1351,10:37:59,6.18,102588,166,卖盘
1352,10:38:02,6.19,131800,213,买盘
1353,10:38:05,6.19,115679,187,买盘
1354,10:38:08,6.18,11138,18,卖盘
1355,10:38:11,6.18,33410,54,卖盘
1356,10:38:14,6.18,71095,115,卖盘
1357,10:38:17,6.18,80429,130,卖盘
1358,10:38:20,6.18,155846,252,卖盘
1359,10:38:23,6.18,176748,286,卖盘
1360,10:38:26,6.18,147765,239,卖盘
1361,10:38:29,6.18,168096,272,卖盘
1362,10:38:32,6.18,188022,304,卖盘
1363,10:38:35,6.18,298501,483,卖盘
1364,10:38:38,6.18,192198,311,卖盘
1365,10:38:41,6.18,85916,139,卖盘
1366,10:38:44,6.19,11125,18,买盘
1367,10:38:47,6.18,84094,136,卖盘
1368,10:38:50,6.18,262677,425,卖盘
1369,10:38:53,6.19,93951,152,买盘
1370,10:38:56,6.19,12373,20,买盘
1371,10:38:59,6.19,402939,652,买盘
1372,10:39:02,6.18,328169,531,卖盘
1373,10:39:05,6.18,19132328,30960,卖盘
1374,10:39:08,6.18,1424836,2308,买盘
1375,10:39:11,6.18,1042911,1690,买盘
1376,10:39:14,6.18,1486908,2409,买盘
1377,10:39:17,6.18,969796,1571,买盘
1378,10:39:20,6.17,179606,291,卖盘
1379,10:39:23,6.18,672283,1089,买盘
1380,10:39:26,6.18,192636,312,买盘
1381,10:39:29,6.18,1192592,1930,买盘
1382,10:39:32,6.18,1403809,2274,买盘
1383,10:39:35,6.18,3678422,5953,买盘
1384,10:39:38,6.18,1716042,2778,卖盘
1385,10:39:41,6.18,841300,1363,卖盘
1386,10:39:44,6.18,1068193,1730,买盘
1387,10:39:47,6.17,487461,790,卖盘
1388,10:39:50,6.17,124107,201,卖盘
1389,10:39:53,6.18,24717,40,买盘
1390,10:39:56,6.17,114248,185,卖盘
1391,10:39:59,6.18,21007,34,买盘
1392,10:40:02,6.18,16067,26,买盘
1393,10:40:05,6.18,1236,2,买盘
1394,10:40:08,6.18,61088,99,买盘
1395,10:40:11,6.18,159219,258,买盘
1396,10:40:14,6.17,19131,31,卖盘
1397,10:40:20,6.17,395393,640,卖盘
1398,10:40:23,6.17,27771,45,卖盘
1399,10:40:26,6.18,71639,116,买盘
1400,10:40:29,6.17,61700,100,卖盘
1401,10:40:32,6.18,108603,176,买盘
1402,10:40:35,6.18,592333,960,买盘
1403,10:40:38,6.17,74683,121,卖盘
1404,10:40:41,6.18,30900,50,买盘
1405,10:40:44,6.18,127737,207,买盘
1406,10:40:47,6.17,45662,74,卖盘
1407,10:40:50,6.18,97565,158,买盘
1408,10:40:53,6.18,652787,1058,买盘
1409,10:40:56,6.17,111677,181,卖盘
1410,10:40:59,6.17,189622,307,卖盘
1411,10:41:02,6.17,122223,198,卖盘
1412,10:41:05,6.18,160457,260,买盘
1413,10:41:08,6.17,95683,155,卖盘
1414,10:41:11,6.17,14808,24,卖盘
1415,10:41:14,6.18,7415,12,买盘
1416,10:41:17,6.18,252672,409,买盘
1417,10:41:20,6.18,240897,390,买盘
1418,10:41:23,6.18,87050,141,买盘
1419,10:41:26,6.18,32136,52,买盘
1420,10:41:29,6.17,53691,87,卖盘
1421,10:41:32,6.18,219338,355,买盘
1422,10:41:35,6.17,194602,315,卖盘
1423,10:41:38,6.18,165440,268,买盘
1424,10:41:41,6.17,21595,35,卖盘
1425,10:41:44,6.18,90169,146,买盘
1426,10:41:47,6.18,15449,25,买盘
1427,10:41:50,6.18,1854,3,买盘
1428,10:41:53,6.18,8649,14,买盘
1429,10:41:56,6.18,58710,95,买盘
1430,10:41:59,6.18,519060,840,买盘
1431,10:42:02,6.17,96278,156,卖盘
1432,10:42:05,6.18,261414,423,买盘
1433,10:42:08,6.18,70376,114,买盘
1434,10:42:11,6.18,46350,75,买盘
1435,10:42:14,6.18,101299,164,买盘
1436,10:42:17,6.18,93838,152,买盘
1437,10:42:20,6.17,33330,54,卖盘
1438,10:42:23,6.18,99968,162,买盘
1439,10:42:26,6.18,67980,110,买盘
1440,10:42:29,6.18,142060,230,买盘
1441,10:42:32,6.18,254943,413,买盘
1442,10:42:35,6.18,183913,298,买盘
1443,10:42:38,6.17,137130,222,卖盘
1444,10:42:41,6.18,32115,52,买盘
1445,10:42:44,6.17,96947,157,卖盘
1446,10:42:47,6.17,80240,130,卖盘
1447,10:42:50,6.17,47536,77,卖盘
1448,10:42:53,6.18,43848,71,买盘
1449,10:42:56,6.18,120936,196,买盘
1450,10:42:59,6.17,142700,231,卖盘
1451,10:43:02,6.17,20361,33,卖盘
1452,10:43:05,6.17,343081,556,卖盘
1453,10:43:08,6.17,96302,156,卖盘
1454,10:43:11,6.17,857648,1390,卖盘
1455,10:43:14,6.18,789205,1279,买盘
1456,10:43:17,6.17,315905,512,卖盘
1457,10:43:20,6.17,80229,130,卖盘
1458,10:43:23,6.18,44484,72,买盘
1459,10:43:26,6.18,85265,138,买盘
1460,10:43:29,6.17,323379,524,卖盘
1461,10:43:32,6.17,114162,185,卖盘
1462,10:43:35,6.18,214129,347,买盘
1463,10:43:38,6.17,69124,112,卖盘
1464,10:43:41,6.17,37020,60,卖盘
1465,10:43:44,6.18,50669,82,买盘
1466,10:43:47,6.18,75363,122,买盘
1467,10:43:50,6.17,64789,105,卖盘
1468,10:43:53,6.18,147080,238,买盘
1469,10:43:56,6.18,61796,100,买盘
1470,10:43:59,6.17,266833,432,卖盘
1471,10:44:02,6.17,46892,76,卖盘
1472,10:44:05,6.17,66100,107,卖盘
1473,10:44:08,6.17,31472,51,卖盘
1474,10:44:11,6.18,20362,33,买盘
1475,10:44:14,6.17,31498,51,卖盘
1476,10:44:17,6.17,51216,83,卖盘
1477,10:44:20,6.18,77126,125,买盘
1478,10:44:23,6.17,28392,46,卖盘
1479,10:44:26,6.17,465294,754,卖盘
1480,10:44:29,6.17,64170,104,卖盘
1481,10:44:32,6.17,55535,90,卖盘
1482,10:44:35,6.18,230249,373,买盘
1483,10:44:38,6.17,53687,87,卖盘
1484,10:44:41,6.17,106134,172,卖盘
1485,10:44:44,6.17,35180,57,卖盘
1486,10:44:47,6.18,49988,81,买盘
1487,10:44:50,6.17,6788,11,卖盘
1488,10:44:53,6.17,285107,462,卖盘
1489,10:44:56,6.18,45044,73,买盘
1490,10:44:59,6.17,23447,38,卖盘
1491,10:45:02,6.18,88372,143,买盘
1492,10:45:05,6.17,253006,410,卖盘
1493,10:45:08,6.17,63566,103,卖盘
1494,10:45:11,6.17,82688,134,卖盘
1495,10:45:14,6.18,54967,89,买盘
1496,10:45:17,6.17,140677,228,卖盘
1497,10:45:20,6.18,90748,147,买盘
1498,10:45:23,6.17,323308,524,卖盘
1499,10:45:26,6.18,170975,277,买盘
1500,10:45:29,6.17,280745,455,卖盘
1501,10:45:32,6.17,117897,191,卖盘
1502,10:45:35,6.17,687940,1114,卖盘
1503,10:45:38,6.18,158619,257,买盘
1504,10:45:41,6.17,199958,324,卖盘
1505,10:45:44,6.17,101805,165,卖盘
1506,10:45:47,6.18,251803,408,买盘
1507,10:45:50,6.17,237559,385,卖盘
1508,10:45:53,6.17,143154,232,卖盘
1509,10:45:56,6.17,92555,150,卖盘
1510,10:45:59,6.17,24685,40,卖盘
1511,10:46:02,6.17,1288297,2088,卖盘
1512,10:46:05,6.17,815119,1321,卖盘
1513,10:46:08,6.17,10269967,16645,卖盘
1514,10:46:11,6.17,8848397,14341,卖盘
1515,10:46:14,6.17,1271192,2063,买盘
1516,10:46:17,6.17,1073314,1742,买盘
1517,10:46:20,6.17,467581,759,买盘
1518,10:46:23,6.17,624337,1013,买盘
1519,10:46:26,6.17,114619,186,买盘
1520,10:46:29,6.17,156643,254,买盘
1521,10:46:32,6.17,171913,279,买盘
1522,10:46:35,6.17,310210,503,买盘
1523,10:46:38,6.16,181135,294,卖盘
1524,10:46:41,6.17,256516,416,买盘
1525,10:46:44,6.16,76418,124,卖盘
1526,10:46:47,6.17,23446,38,买盘
1527,10:46:50,6.17,93097,151,买盘
1528,10:46:53,6.16,170640,277,卖盘
1529,10:46:56,6.16,19116,31,卖盘
1530,10:46:59,6.16,154008,250,卖盘
1531,10:47:02,6.17,540868,878,买盘
1532,10:47:05,6.17,865637,1405,买盘
1533,10:47:08,6.16,303138,492,卖盘
1534,10:47:11,6.17,49281,80,买盘
1535,10:47:14,6.17,248488,403,买盘
1536,10:47:17,6.17,181129,294,买盘
1537,10:47:20,6.16,362845,589,卖盘
1538,10:47:23,6.17,114029,185,买盘
1539,10:47:26,6.16,643136,1044,卖盘
1540,10:47:29,6.16,2959576,4797,卖盘
1541,10:47:32,6.17,583511,947,买盘
1542,10:47:35,6.16,77012,125,卖盘
1543,10:47:38,6.16,81312,132,卖盘
1544,10:47:41,6.17,113520,184,买盘
1545,10:47:44,6.17,193664,314,买盘
1546,10:47:47,6.17,749975,1216,买盘
1547,10:47:50,6.17,5302324,8594,买盘
1548,10:47:53,6.17,815059,1321,卖盘
1549,10:47:56,6.17,895884,1452,卖盘
1550,10:47:59,6.17,367117,595,卖盘
1551,10:48:02,6.18,165990,269,买盘
1552,10:48:05,6.17,500184,810,卖盘
1553,10:48:08,6.17,7406,12,卖盘
1554,10:48:11,6.17,176462,286,卖盘
1555,10:48:14,6.18,83928,136,买盘
1556,10:48:17,6.18,138850,225,买盘
1557,10:48:20,6.17,98731,160,卖盘
1558,10:48:23,6.18,18530,30,买盘
1559,10:48:26,6.18,99483,161,买盘
1560,10:48:29,6.17,62957,102,卖盘
1561,10:48:32,6.18,167212,271,买盘
1562,10:48:35,6.17,27188,44,卖盘
1563,10:48:38,6.17,69154,112,卖盘
1564,10:48:41,6.18,9884,16,买盘
1565,10:48:44,6.18,45110,73,买盘
1566,10:48:47,6.18,18523,30,买盘
1567,10:48:50,6.18,19760,32,买盘
1568,10:48:53,6.18,45732,74,买盘
1569,10:48:56,6.18,64212,104,买盘
1570,10:48:59,6.18,53086,86,买盘
1571,10:49:02,6.17,287829,466,卖盘
1572,10:49:05,6.18,142694,231,买盘
1573,10:49:08,6.17,24715,40,卖盘
1574,10:49:11,6.18,71006,115,买盘
1575,10:49:14,6.18,25952,42,买盘
1576,10:49:17,6.18,9888,16,买盘
1577,10:49:20,6.18,61765,100,买盘
1578,10:49:23,6.18,12360,20,买盘
1579,10:49:26,6.18,35205,57,买盘
1580,10:49:29,6.18,67281,109,买盘
1581,10:49:32,6.18,264931,429,买盘
1582,10:49:35,6.18,48140,78,买盘
1583,10:49:38,6.18,156198,253,买盘
1584,10:49:41,6.18,392954,636,买盘
1585,10:49:44,6.17,94487,153,卖盘
1586,10:49:47,6.17,90749,147,卖盘
1587,10:49:50,6.18,104995,170,买盘
1588,10:49:53,6.18,29664,48,买盘
1589,10:49:56,6.18,33359,54,买盘
1590,10:49:59,6.18,87698,142,买盘
1591,10:50:02,6.18,167904,272,买盘
1592,10:50:08,6.18,53090,86,买盘
1593,10:50:11,6.17,40772,66,卖盘
1594,10:50:14,6.18,113712,184,买盘
1595,10:50:17,6.18,13596,22,买盘
1596,10:50:20,6.18,656874,1063,买盘
1597,10:50:23,6.18,166702,270,买盘
1598,10:50:26,6.18,41350,67,买盘
1599,10:50:29,6.18,90783,147,买盘
1600,10:50:32,6.17,128362,208,卖盘
1601,10:50:35,6.18,137599,223,买盘
1602,10:50:38,6.17,57396,93,卖盘
1603,10:50:41,6.18,40170,65,买盘
1604,10:50:44,6.18,47583,77,买盘
1605,10:50:47,6.18,63654,103,买盘
1606,10:50:50,6.18,12360,20,买盘
1607,10:50:53,6.17,41957,68,卖盘
1608,10:50:56,6.17,41351,67,卖盘
1609,10:50:59,6.17,790920,1280,卖盘
1610,10:51:02,6.17,179547,291,卖盘
1611,10:51:05,6.18,157980,256,买盘
1612,10:51:08,6.17,64798,105,卖盘
1613,10:51:11,6.17,265730,430,卖盘
1614,10:51:14,6.17,221527,359,卖盘
1615,10:51:17,6.17,49360,80,卖盘
1616,10:51:20,6.18,25916,42,买盘
1617,10:51:23,6.17,249890,405,卖盘
1618,10:51:26,6.18,2801940,4534,买盘
1619,10:51:29,6.18,390569,633,买盘
1620,10:51:32,6.17,433764,703,卖盘
1621,10:51:35,6.18,205055,332,买盘
1622,10:51:38,6.17,223354,362,卖盘
1623,10:51:41,6.17,93248,151,卖盘
1624,10:51:44,6.17,30248,49,卖盘
1625,10:51:47,6.18,144479,234,买盘
1626,10:51:50,6.17,40722,66,卖盘
1627,10:51:53,6.17,74145,120,卖盘
1628,10:51:56,6.18,202702,328,买盘
1629,10:51:59,6.17,71622,116,卖盘
1630,10:52:02,6.18,147477,239,买盘
1631,10:52:05,6.17,315287,511,卖盘
1632,10:52:08,6.17,44424,72,卖盘
1633,10:52:11,6.18,87638,142,买盘
1634,10:52:14,6.17,12967,21,卖盘
1635,10:52:17,6.17,70338,114,卖盘
1636,10:52:20,6.18,2472,4,买盘
1637,10:52:26,6.18,618,1,买盘
1638,10:52:29,6.18,31518,51,买盘
1639,10:52:32,6.18,33990,55,买盘
1640,10:52:35,6.18,32133,52,买盘
1641,10:52:38,6.18,33363,54,买盘
1642,10:52:41,6.17,151256,245,卖盘
1643,10:52:44,6.17,10489,17,卖盘
1644,10:52:47,6.17,41964,68,卖盘
1645,10:52:50,6.18,9258,15,买盘
1646,10:52:53,6.18,2472,4,买盘
1647,10:52:56,6.18,29019,47,买盘
1648,10:52:59,6.17,12349,20,卖盘
1649,10:53:02,6.17,346755,562,卖盘
1650,10:53:05,6.18,201143,326,买盘
1651,10:53:08,6.17,98103,159,卖盘
1652,10:53:11,6.17,42010,68,卖盘
1653,10:53:14,6.18,289105,468,买盘
1654,10:53:17,6.18,12360,20,买盘
1655,10:53:20,6.18,124748,202,买盘
1656,10:53:23,6.18,37060,60,买盘
1657,10:53:26,6.17,90102,146,卖盘
1658,10:53:29,6.18,53696,87,买盘
1659,10:53:32,6.18,150573,244,买盘
1660,10:53:35,6.18,115387,187,买盘
1661,10:53:38,6.17,117246,190,卖盘
1662,10:53:41,6.17,19754,32,卖盘
1663,10:53:44,6.18,102432,166,买盘
1664,10:53:47,6.18,223364,362,买盘
1665,10:53:50,6.18,124695,202,买盘
1666,10:53:53,6.18,24084,39,买盘
1667,10:53:56,6.18,95778,155,买盘
1668,10:53:59,6.17,148702,241,卖盘
1669,10:54:02,6.18,428825,695,买盘
1670,10:54:05,6.17,178357,289,卖盘
1671,10:54:08,6.18,106127,172,买盘
1672,10:54:11,6.17,4938,8,卖盘
1673,10:54:14,6.17,8024,13,卖盘
1674,10:54:17,6.18,125344,203,买盘
1675,10:54:20,6.18,12343,20,买盘
1676,10:54:23,6.17,51214,83,卖盘
1677,10:54:26,6.18,108669,176,买盘
1678,10:54:29,6.17,40105,65,卖盘
1679,10:54:32,6.17,9872,16,卖盘
1680,10:54:35,6.17,17289,28,卖盘
1681,10:54:38,6.18,22228,36,买盘
1682,10:54:41,6.18,6180,10,买盘
1683,10:54:44,6.17,40722,66,卖盘
1684,10:54:47,6.17,101850,165,卖盘
1685,10:54:50,6.18,43816,71,买盘
1686,10:54:53,6.17,111166,180,卖盘
1687,10:54:56,6.18,81574,132,买盘
1688,10:54:59,6.17,223356,362,卖盘
1689,10:55:02,6.17,25914,42,卖盘
1690,10:55:05,6.18,21001,34,买盘
1691,10:55:08,6.18,5562,9,买盘
1692,10:55:11,6.18,49997,81,买盘
1693,10:55:14,6.18,182078,295,买盘
1694,10:55:17,6.18,17909,29,买盘
1695,10:55:20,6.17,48144,78,卖盘
1696,10:55:23,6.17,93209,151,卖盘
1697,10:55:26,6.18,119107,193,买盘
1698,10:55:29,6.18,56179,91,买盘
1699,10:55:32,6.18,14832,24,买盘
1700,10:55:35,6.18,62418,101,买盘
1701,10:55:38,6.17,19744,32,卖盘
1702,10:55:41,6.18,61800,100,买盘
1703,10:55:44,6.18,125394,203,买盘
1704,10:55:47,6.17,122170,198,卖盘
1705,10:55:50,6.18,199327,323,买盘
1706,10:55:53,6.18,76531,124,买盘
1707,10:55:56,6.18,515215,835,买盘
1708,10:55:59,6.17,103039,167,卖盘
1709,10:56:02,6.18,279861,453,买盘
1710,10:56:05,6.17,75896,123,卖盘
1711,10:56:08,6.17,23474,38,卖盘
1712,10:56:11,6.17,140059,227,卖盘
1713,10:56:14,6.18,58067,94,买盘
1714,10:56:17,6.17,141383,229,卖盘
1715,10:56:20,6.17,14820,24,卖盘
1716,10:56:23,6.17,38254,62,卖盘
1717,10:56:26,6.17,138825,225,卖盘
1718,10:56:29,6.17,23452,38,卖盘
1719,10:56:32,6.18,151350,245,买盘
1720,10:56:35,6.18,87037,141,买盘
1721,10:56:38,6.17,9875,16,卖盘
1722,10:56:41,6.17,32086,52,卖盘
1723,10:56:44,6.18,116184,188,买盘
1724,10:56:47,6.17,154975,251,卖盘
1725,10:56:50,6.17,11111,18,卖盘
1726,10:56:53,6.17,224589,364,卖盘
1727,10:56:56,6.18,37080,60,买盘
1728,10:56:59,6.17,94410,153,卖盘
1729,10:57:02,6.17,8021,13,卖盘
1730,10:57:05,6.17,51211,83,卖盘
1731,10:57:08,6.17,13594,22,卖盘
1732,10:57:11,6.17,67312,109,卖盘
1733,10:57:14,6.17,77747,126,卖盘
1734,10:57:17,6.18,92048,149,买盘
1735,10:57:20,6.18,42582,69,买盘
1736,10:57:23,6.17,141293,229,卖盘
1737,10:57:26,6.17,119106,193,卖盘
1738,10:57:29,6.17,21007,34,卖盘
1739,10:57:32,6.17,104890,170,卖盘
1740,10:57:35,6.18,20394,33,买盘
1741,10:57:38,6.17,40722,66,卖盘
1742,10:57:41,6.18,172194,279,买盘
1743,10:57:44,6.17,10498,17,卖盘
1744,10:57:47,6.17,190236,308,卖盘
1745,10:57:50,6.17,249269,404,卖盘
1746,10:57:53,6.18,58002,94,买盘
1747,10:57:56,6.17,276416,448,卖盘
1748,10:57:59,6.18,353828,573,买盘
1749,10:58:02,6.17,191887,311,卖盘
1750,10:58:05,6.17,2123097,3441,卖盘
1751,10:58:08,6.17,8540514,13842,卖盘
1752,10:58:11,6.17,11739092,19026,卖盘
1753,10:58:14,6.17,1381384,2242,买盘
1754,10:58:17,6.17,1023919,1662,买盘
1755,10:58:20,6.17,604824,981,买盘
1756,10:58:23,6.17,451472,732,买盘
1757,10:58:26,6.17,408610,663,买盘
1758,10:58:29,6.16,147943,240,卖盘
1759,10:58:32,6.17,1017943,1652,买盘
1760,10:58:35,6.17,203440,330,买盘
1761,10:58:38,6.17,80716,131,买盘
1762,10:58:41,6.17,237375,385,买盘
1763,10:58:44,6.16,223609,363,卖盘
1764,10:58:47,6.16,156608,254,卖盘
1765,10:58:50,6.16,363467,590,卖盘
1766,10:58:53,6.16,1627502,2642,卖盘
1767,10:58:56,6.16,1777825,2886,卖盘
1768,10:58:59,6.16,1371832,2227,卖盘
1769,10:59:02,6.16,363441,590,卖盘
1770,10:59:05,6.16,568568,923,卖盘
1771,10:59:08,6.16,148473,241,卖盘
1772,10:59:11,6.16,66531,108,卖盘
1773,10:59:14,6.17,30817,50,买盘
1774,10:59:17,6.16,94302,153,卖盘
1775,10:59:20,6.17,24046,39,买盘
1776,10:59:23,6.17,32058,52,买盘
1777,10:59:26,6.16,21560,35,卖盘
1778,10:59:29,6.16,231650,376,卖盘
1779,10:59:32,6.16,155966,253,卖盘
1780,10:59:35,6.16,411525,668,卖盘
1781,10:59:38,6.17,95489,155,买盘
1782,10:59:41,6.17,303715,493,买盘
1783,10:59:44,6.17,38826,63,买盘
1784,10:59:47,6.16,1409227,2286,卖盘
1785,10:59:50,6.17,582804,946,买盘
1786,10:59:53,6.16,137423,223,卖盘
1787,10:59:56,6.16,113387,184,卖盘
1788,11:00:02,6.16,127520,207,卖盘
1789,11:00:05,6.16,37578,61,卖盘
1790,11:00:08,6.16,425040,690,卖盘
1791,11:00:11,6.16,96112,156,卖盘
1792,11:00:14,6.16,158312,257,卖盘
1793,11:00:17,6.16,62216,101,卖盘
1794,11:00:20,6.16,134954,219,卖盘
1795,11:00:23,6.16,220548,358,卖盘
1796,11:00:26,6.16,1336110,2169,卖盘
1797,11:00:29,6.17,336969,547,买盘
1798,11:00:32,6.16,143528,233,卖盘
1799,11:00:35,6.16,86887,141,卖盘
1800,11:00:38,6.17,186738,303,买盘
1801,11:00:41,6.17,87614,142,买盘
1802,11:00:44,6.16,94960,154,卖盘
1803,11:00:47,6.16,61608,100,卖盘
1804,11:00:50,6.17,589623,957,买盘
1805,11:00:53,6.16,365304,593,卖盘
1806,11:00:56,6.17,134358,218,买盘
1807,11:00:59,6.16,30816,50,卖盘
1808,11:01:02,6.17,216839,352,买盘
1809,11:01:05,6.17,122107,198,买盘
1810,11:01:08,6.16,93632,152,卖盘
1811,11:01:11,6.16,340648,553,卖盘
1812,11:01:14,6.16,158314,257,卖盘
1813,11:01:17,6.16,78848,128,卖盘
1814,11:01:20,6.16,107184,174,卖盘
1815,11:01:23,6.16,33880,55,卖盘
1816,11:01:26,6.16,27720,45,卖盘
1817,11:01:29,6.16,55450,90,卖盘
1818,11:01:32,6.16,75172,122,卖盘
1819,11:01:35,6.16,205792,334,卖盘
1820,11:01:38,6.17,25297,41,买盘
1821,11:01:41,6.17,94249,153,买盘
1822,11:01:44,6.17,63491,103,买盘
1823,11:01:47,6.17,685148,1112,买盘
1824,11:01:50,6.16,70854,115,卖盘
1825,11:01:53,6.16,19096,31,卖盘
1826,11:01:56,6.17,49329,80,买盘
1827,11:01:59,6.16,131824,214,卖盘
1828,11:02:02,6.17,122595,199,买盘
1829,11:02:05,6.17,104108,169,买盘
1830,11:02:08,6.17,54213,88,买盘
1831,11:02:11,6.17,98101,159,买盘
1832,11:02:14,6.17,64685,105,买盘
1833,11:02:17,6.16,154616,251,卖盘
1834,11:02:20,6.17,63485,103,买盘
1835,11:02:23,6.17,24671,40,买盘
1836,11:02:26,6.16,7392,12,卖盘
1837,11:02:29,6.16,9254,15,卖盘
1838,11:02:32,6.16,30800,50,卖盘
1839,11:02:35,6.16,94897,154,卖盘
1840,11:02:38,6.16,19721,32,卖盘
1841,11:02:41,6.17,14173,23,买盘
1842,11:02:44,6.17,341882,555,买盘
1843,11:02:47,6.17,177583,288,买盘
1844,11:02:50,6.16,168211,273,卖盘
1845,11:02:53,6.17,18510,30,买盘
1846,11:02:56,6.16,109753,178,卖盘
1847,11:02:59,6.16,2226282,3614,卖盘
1848,11:03:02,6.16,1098525,1783,卖盘
1849,11:03:05,6.16,740512,1202,卖盘
1850,11:03:08,6.16,170632,277,卖盘
1851,11:03:11,6.16,23211230,37683,卖盘
1852,11:03:14,6.16,1126320,1831,买盘
1853,11:03:17,6.15,1191403,1937,卖盘
1854,11:03:20,6.16,1155267,1878,买盘
1855,11:03:23,6.16,422603,687,买盘
1856,11:03:26,6.16,79964,130,买盘
1857,11:03:29,6.16,114496,186,买盘
1858,11:03:32,6.16,57223,93,买盘
1859,11:03:35,6.16,15399,25,买盘
1860,11:03:38,6.16,158728,258,买盘
1861,11:03:41,6.16,78232,127,买盘
1862,11:03:44,6.16,388192,631,买盘
1863,11:03:47,6.16,244319,397,买盘
1864,11:03:50,6.15,3398502,5526,卖盘
1865,11:03:53,6.15,665472,1082,卖盘
1866,11:03:56,6.16,196876,320,买盘
1867,11:03:59,6.16,588885,957,买盘
1868,11:04:02,6.15,155012,252,卖盘
1869,11:04:05,6.15,1663606,2705,卖盘
1870,11:04:08,6.15,404778,658,卖盘
1871,11:04:11,6.16,475858,773,买盘
1872,11:04:14,6.16,168648,274,买盘
1873,11:04:17,6.16,76268,124,买盘
1874,11:04:20,6.16,81255,132,买盘
1875,11:04:23,6.16,76327,124,买盘
1876,11:04:26,6.16,242959,395,买盘
1877,11:04:29,6.15,112561,183,卖盘
1878,11:04:32,6.15,73204,119,卖盘
1879,11:04:35,6.15,11071,18,卖盘
1880,11:04:38,6.15,105832,172,卖盘
1881,11:04:41,6.15,378303,615,卖盘
1882,11:04:44,6.15,49815,81,卖盘
1883,11:04:47,6.15,175381,285,卖盘
1884,11:04:50,6.15,104550,170,卖盘
1885,11:04:53,6.16,51739,84,买盘
1886,11:04:56,6.15,24607,40,卖盘
1887,11:04:59,6.15,270662,440,卖盘
1888,11:05:02,6.15,408440,664,卖盘
1889,11:05:05,6.15,3279815,5333,卖盘
1890,11:05:08,6.15,8741135,14213,卖盘
1891,11:05:11,6.15,29759754,48390,卖盘
1892,11:05:14,6.14,2794686,4550,卖盘
1893,11:05:17,6.15,1821120,2964,买盘
1894,11:05:20,6.14,2841162,4627,卖盘
1895,11:05:23,6.14,5274361,8590,卖盘
1896,11:05:26,6.14,5883387,9582,卖盘
1897,11:05:29,6.14,6676868,10883,卖盘
1898,11:05:32,6.14,1164314,1899,买盘
1899,11:05:35,6.14,1265627,2064,买盘
1900,11:05:38,6.14,1025057,1672,买盘
1901,11:05:41,6.14,1752035,2858,买盘
1902,11:05:44,6.13,2026736,3306,卖盘
1903,11:05:47,6.14,541664,883,买盘
1904,11:05:50,6.14,503853,821,买盘
1905,11:05:53,6.13,960684,1567,卖盘
1906,11:05:56,6.13,215791,352,卖盘
1907,11:05:59,6.14,255831,417,买盘
1908,11:06:02,6.13,1492706,2435,卖盘
1909,11:06:05,6.14,1176087,1918,买盘
1910,11:06:08,6.14,1266904,2066,买盘
1911,11:06:11,6.13,391732,639,卖盘
1912,11:06:14,6.13,900553,1469,卖盘
1913,11:06:17,6.13,444808,725,卖盘
1914,11:06:20,6.14,376184,613,买盘
1915,11:06:23,6.14,655467,1068,买盘
1916,11:06:26,6.13,498836,813,卖盘
1917,11:06:29,6.14,589380,960,买盘
1918,11:06:32,6.14,609452,993,买盘
1919,11:06:35,6.14,3777661,6153,买盘
1920,11:06:38,6.14,4571844,7446,买盘
1921,11:06:41,6.14,943718,1537,卖盘
1922,11:06:44,6.14,4384377,7131,卖盘
1923,11:06:47,6.15,194761,317,买盘
1924,11:06:50,6.15,1108235,1804,买盘
1925,11:06:53,6.14,247454,403,卖盘
1926,11:06:56,6.14,579754,943,卖盘
1927,11:06:59,6.14,219818,358,卖盘
1928,11:07:02,6.14,360471,587,卖盘
1929,11:07:05,6.15,456785,743,买盘
1930,11:07:08,6.14,186666,304,卖盘
1931,11:07:11,6.14,251359,409,卖盘
1932,11:07:14,6.15,4078497,6642,买盘
1933,11:07:17,6.15,285019,464,买盘
1934,11:07:20,6.15,1589714,2589,买盘
1935,11:07:23,6.15,90909,148,买盘
1936,11:07:26,6.15,1047733,1704,买盘
1937,11:07:29,6.15,900778,1467,买盘
1938,11:07:32,6.15,619122,1007,买盘
1939,11:07:35,6.14,148027,241,卖盘
1940,11:07:38,6.14,361328,588,卖盘
1941,11:07:41,6.14,123414,201,卖盘
1942,11:07:47,6.14,272293,443,卖盘
1943,11:07:50,6.14,85986,140,卖盘
1944,11:07:53,6.15,358321,583,买盘
1945,11:07:56,6.15,1144128,1862,买盘
1946,11:07:59,6.14,861855,1402,卖盘
1947,11:08:02,6.14,128326,209,卖盘
1948,11:08:05,6.14,33161,54,卖盘
1949,11:08:08,6.15,293238,477,买盘
1950,11:08:11,6.14,233430,380,卖盘
1951,11:08:14,6.14,330003,537,卖盘
1952,11:08:17,6.15,119780,195,买盘
1953,11:08:20,6.15,199208,324,买盘
1954,11:08:23,6.14,36840,60,卖盘
1955,11:08:26,6.15,153000,249,买盘
1956,11:08:29,6.15,164603,268,买盘
1957,11:08:32,6.14,258739,421,卖盘
1958,11:08:35,6.14,154214,251,卖盘
1959,11:08:38,6.14,885017,1441,卖盘
1960,11:08:41,6.15,388663,633,买盘
1961,11:08:44,6.14,594575,967,卖盘
1962,11:08:47,6.15,116063,189,买盘
1963,11:08:50,6.15,76756,125,买盘
1964,11:08:53,6.15,213957,348,买盘
1965,11:08:56,6.15,138278,225,买盘
1966,11:08:59,6.14,172118,280,卖盘
1967,11:09:02,6.15,63876,104,买盘
1968,11:09:05,6.15,194286,316,买盘
1969,11:09:08,6.14,20263,33,卖盘
1970,11:09:11,6.15,162913,265,买盘
1971,11:09:14,6.15,274873,447,买盘
1972,11:09:17,6.15,60816,99,买盘
1973,11:09:20,6.15,189357,308,买盘
1974,11:09:23,6.15,152935,249,买盘
1975,11:09:26,6.14,317794,517,卖盘
1976,11:09:29,6.14,9824,16,卖盘
1977,11:09:32,6.15,148032,241,买盘
1978,11:09:35,6.14,475100,773,卖盘
1979,11:09:38,6.15,132655,216,买盘
1980,11:09:41,6.14,284636,463,卖盘
1981,11:09:44,6.15,108756,177,买盘
1982,11:09:47,6.14,162293,264,卖盘
1983,11:09:50,6.14,508418,828,卖盘
1984,11:09:53,6.15,9225,15,买盘
1985,11:09:56,6.15,419888,683,买盘
1986,11:09:59,6.15,57726,94,买盘
1987,11:10:02,6.15,220721,359,买盘
1988,11:10:05,6.15,132078,215,买盘
1989,11:10:08,6.15,178316,290,买盘
1990,11:10:11,6.15,22140,36,买盘
1991,11:10:14,6.15,185599,302,买盘
1992,11:10:17,6.15,170955,278,买盘
1993,11:10:20,6.15,559676,911,买盘
1994,11:10:23,6.14,89684,146,卖盘
1995,11:10:26,6.15,315420,513,买盘
1996,11:10:29,6.15,163425,266,买盘
1997,11:10:32,6.15,236706,385,买盘
1998,11:10:35,6.15,219472,357,买盘
1999,11:10:38,6.15,44247,72,买盘
2000,11:10:41,6.15,913171,1485,买盘
2001,11:10:44,6.14,131442,214,卖盘
2002,11:10:47,6.15,461250,750,买盘
2003,11:10:50,6.15,163469,266,买盘
2004,11:10:53,6.15,190035,309,买盘
2005,11:10:56,6.14,182536,297,卖盘
2006,11:10:59,6.15,168510,274,买盘
2007,11:11:02,6.15,183173,298,买盘
2008,11:11:05,6.15,293912,478,买盘
2009,11:11:08,6.14,87863,143,卖盘
2010,11:11:11,6.15,168475,274,买盘
2011,11:11:14,6.15,44859,73,买盘
2012,11:11:17,6.15,162870,265,买盘
2013,11:11:20,6.14,2306239,3756,卖盘
2014,11:11:23,6.14,186688,304,卖盘
2015,11:11:26,6.15,1339224,2178,买盘
2016,11:11:29,6.15,96444,157,买盘
2017,11:11:32,6.14,219502,357,卖盘
2018,11:11:35,6.14,195473,318,卖盘
2019,11:11:38,6.15,142065,231,买盘
2020,11:11:41,6.14,60172,98,卖盘
2021,11:11:44,6.15,615,1,买盘
2022,11:11:47,6.15,94674,154,买盘
2023,11:11:50,6.14,174007,283,卖盘
2024,11:11:53,6.15,244703,398,买盘
2025,11:11:56,6.15,70611,115,买盘
2026,11:11:59,6.14,172108,280,卖盘
2027,11:12:02,6.14,36890,60,卖盘
2028,11:12:05,6.15,130296,212,买盘
2029,11:12:08,6.14,1268529,2066,卖盘
2030,11:12:11,6.15,859497,1398,买盘
2031,11:12:14,6.14,1038927,1692,卖盘
2032,11:12:17,6.14,14415235,23476,卖盘
2033,11:12:20,6.14,7689377,12531,卖盘
2034,11:12:23,6.14,6975843,11345,卖盘
2035,11:12:26,6.15,724555,1180,买盘
2036,11:12:29,6.15,4390579,7141,买盘
2037,11:12:32,6.14,1772652,2887,卖盘
2038,11:12:35,6.15,46678,76,买盘
2039,11:12:38,6.14,1355008,2204,卖盘
2040,11:12:41,6.14,742348,1209,卖盘
2041,11:12:44,6.15,511560,832,买盘
2042,11:12:47,6.15,158462,258,买盘
2043,11:12:50,6.15,204010,332,买盘
2044,11:12:53,6.15,236694,385,买盘
2045,11:12:56,6.14,959699,1563,卖盘
2046,11:12:59,6.14,588298,957,卖盘
2047,11:13:02,6.14,1019866,1661,卖盘
2048,11:13:05,6.15,159046,259,买盘
2049,11:13:08,6.14,678851,1104,卖盘
2050,11:13:11,6.14,55261,90,卖盘
2051,11:13:14,6.15,113112,184,买盘
2052,11:13:17,6.14,62021,101,卖盘
2053,11:13:20,6.14,71924,117,卖盘
2054,11:13:23,6.14,15364,25,卖盘
2055,11:13:26,6.14,13526,22,卖盘
2056,11:13:29,6.15,58392,95,买盘
2057,11:13:32,6.15,52243,85,买盘
2058,11:13:35,6.15,775596,1263,买盘
2059,11:13:38,6.15,19065,31,买盘
2060,11:13:41,6.15,364661,593,买盘
2061,11:13:44,6.14,41144,67,卖盘
2062,11:13:47,6.14,54057,88,卖盘
2063,11:13:50,6.15,69495,113,买盘
2064,11:13:53,6.15,30103,49,买盘
2065,11:13:56,6.15,49815,81,买盘
2066,11:13:59,6.15,374405,609,买盘
2067,11:14:02,6.15,238005,387,买盘
2068,11:14:05,6.15,65802,107,买盘
2069,11:14:08,6.14,82320,134,卖盘
2070,11:14:11,6.15,169645,276,买盘
2071,11:14:14,6.15,104511,170,买盘
2072,11:14:17,6.15,107593,175,买盘
2073,11:14:20,6.15,14145,23,买盘
2074,11:14:23,6.15,85452,139,买盘
2075,11:14:26,6.14,210859,343,卖盘
2076,11:14:29,6.14,294122,479,卖盘
2077,11:14:32,6.15,546085,888,买盘
2078,11:14:35,6.15,1760017,2862,买盘
2079,11:14:38,6.15,1256725,2044,买盘
2080,11:14:41,6.15,34440,56,买盘
2081,11:14:44,6.15,194338,316,买盘
2082,11:14:47,6.15,186088,303,买盘
2083,11:14:50,6.15,2020694,3291,买盘
2084,11:14:53,6.15,985200,1602,买盘
2085,11:14:56,6.15,39350,64,买盘
2086,11:14:59,6.15,154260,251,买盘
2087,11:15:02,6.15,7998619,13027,买盘
2088,11:15:05,6.14,202909,330,卖盘
2089,11:15:08,6.15,3087830,5029,买盘
2090,11:15:11,6.15,3005612,4895,买盘
2091,11:15:14,6.14,2868333,4664,卖盘
2092,11:15:17,6.15,8610,14,买盘
2093,11:15:20,6.14,138989,226,卖盘
2094,11:15:23,6.14,30704,50,卖盘
2095,11:15:26,6.15,190632,310,买盘
2096,11:15:29,6.15,121577,198,买盘
2097,11:15:32,6.14,33792,55,卖盘
2098,11:15:35,6.15,220781,359,买盘
2099,11:15:38,6.14,47900,78,卖盘
2100,11:15:41,6.14,149413,243,卖盘
2101,11:15:44,6.15,6764,11,买盘
2102,11:15:47,6.15,174013,283,买盘
2103,11:15:50,6.14,23958,39,卖盘
2104,11:15:53,6.15,33791,55,买盘
2105,11:15:56,6.15,180161,293,买盘
2106,11:15:59,6.15,67650,110,买盘
2107,11:16:02,6.15,150028,244,买盘
2108,11:16:05,6.14,33794,55,卖盘
2109,11:16:08,6.15,109469,178,买盘
2110,11:16:11,6.14,90886,148,卖盘
2111,11:16:14,6.14,171920,280,卖盘
2112,11:16:17,6.15,263791,429,买盘
2113,11:16:20,6.15,60824,99,买盘
2114,11:16:23,6.14,159236,259,卖盘
2115,11:16:26,6.15,615,1,买盘
2116,11:16:29,6.14,164716,268,卖盘
2117,11:16:32,6.15,30102,49,买盘
2118,11:16:35,6.15,127887,208,买盘
2119,11:16:38,6.14,25183,41,卖盘
2120,11:16:41,6.15,113160,184,买盘
2121,11:16:44,6.15,27026,44,买盘
2122,11:16:47,6.15,106375,173,买盘
2123,11:16:50,6.14,26412,43,卖盘
2124,11:16:53,6.15,131559,214,买盘
2125,11:16:56,6.14,269930,439,卖盘
2126,11:16:59,6.14,28874,47,卖盘
2127,11:17:02,6.15,285327,464,买盘
2128,11:17:08,6.15,111244,181,买盘
2129,11:17:11,6.14,4298,7,卖盘
2130,11:17:14,6.14,165377,269,卖盘
2131,11:17:17,6.15,24597,40,买盘
2132,11:17:20,6.14,87894,143,卖盘
2133,11:17:23,6.15,153750,250,买盘
2134,11:17:26,6.14,55903,91,卖盘
2135,11:17:29,6.15,226935,369,买盘
2136,11:17:32,6.14,52207,85,卖盘
2137,11:17:35,6.15,175275,285,买盘
2138,11:17:38,6.14,32562,53,卖盘
2139,11:17:41,6.15,124225,202,买盘
2140,11:17:44,6.15,109952,179,买盘
2141,11:17:47,6.15,150060,244,买盘
2142,11:17:50,6.14,19648,32,卖盘
2143,11:17:53,6.15,114387,186,买盘
2144,11:17:56,6.14,50365,82,卖盘
2145,11:17:59,6.15,46670,76,买盘
2146,11:18:02,6.15,200458,326,买盘
2147,11:18:05,6.14,140816,229,卖盘
2148,11:18:08,6.14,229930,374,卖盘
2149,11:18:11,6.15,11070,18,买盘
2150,11:18:14,6.15,130983,213,买盘
2151,11:18:17,6.15,63882,104,买盘
2152,11:18:20,6.15,45477,74,买盘
2153,11:18:23,6.15,196185,319,买盘
2154,11:18:26,6.15,38098,62,买盘
2155,11:18:29,6.15,144524,235,买盘
2156,11:18:32,6.15,159795,260,买盘
2157,11:18:35,6.15,7290824,11855,买盘
2158,11:18:38,6.15,4041165,6571,卖盘
2159,11:18:41,6.16,619646,1008,买盘
2160,11:18:44,6.15,5412937,8788,卖盘
2161,11:18:47,6.15,126700,206,卖盘
2162,11:18:50,6.16,519495,844,买盘
2163,11:18:53,6.15,42441,69,卖盘
2164,11:18:56,6.16,488404,793,买盘
2165,11:18:59,6.15,29541,48,卖盘
2166,11:19:02,6.15,144579,235,卖盘
2167,11:19:05,6.15,966019,1570,卖盘
2168,11:19:08,6.15,166740,271,卖盘
2169,11:19:11,6.15,995168,1617,卖盘
2170,11:19:14,6.15,2075139,3374,卖盘
2171,11:19:17,6.15,1429217,2325,买盘
2172,11:19:20,6.15,800600,1302,卖盘
2173,11:19:23,6.15,26455,43,卖盘
2174,11:19:26,6.15,682287,1108,卖盘
2175,11:19:29,6.15,253381,412,卖盘
2176,11:19:32,6.16,261780,425,买盘
2177,11:19:35,6.15,101475,165,卖盘
2178,11:19:38,6.15,244962,398,卖盘
2179,11:19:41,6.15,38745,63,卖盘
2180,11:19:44,6.15,109586,178,卖盘
2181,11:19:47,6.16,345476,561,买盘
2182,11:19:50,6.15,19694,32,卖盘
2183,11:19:53,6.16,219194,356,买盘
2184,11:19:56,6.16,243269,395,买盘
2185,11:19:59,6.16,231616,376,买盘
2186,11:20:02,6.16,171214,278,买盘
2187,11:20:05,6.16,126101,205,买盘
2188,11:20:08,6.15,325033,528,卖盘
2189,11:20:11,6.15,60922,99,卖盘
2190,11:20:14,6.16,102839,167,买盘
2191,11:20:20,6.16,23991,39,买盘
2192,11:20:23,6.16,73216,119,买盘
2193,11:20:26,6.16,33230,54,买盘
2194,11:20:29,6.15,84987,138,卖盘
2195,11:20:32,6.16,94833,154,买盘
2196,11:20:35,6.16,118821,193,买盘
2197,11:20:38,6.16,131176,213,买盘
2198,11:20:41,6.16,20328,33,买盘
2199,11:20:44,6.16,198862,323,买盘
2200,11:20:47,6.16,67681,110,买盘
2201,11:20:50,6.16,83680,136,买盘
2202,11:20:53,6.15,159523,259,卖盘
2203,11:20:56,6.15,87358,142,卖盘
2204,11:20:59,6.15,78191,127,卖盘
2205,11:21:02,6.15,30150,49,卖盘
2206,11:21:05,6.16,118159,192,买盘
2207,11:21:08,6.15,107070,174,卖盘
2208,11:21:11,6.15,107643,175,卖盘
2209,11:21:14,6.15,299356,486,卖盘
2210,11:21:17,6.15,118713,193,卖盘
2211,11:21:20,6.15,152136,247,卖盘
2212,11:21:23,6.15,93525,152,卖盘
2213,11:21:26,6.16,77607,126,买盘
2214,11:21:29,6.16,12320,20,买盘
2215,11:21:32,6.15,60273,98,卖盘
2216,11:21:35,6.16,91125,148,买盘
2217,11:21:38,6.15,42451,69,卖盘
2218,11:21:41,6.16,48664,79,买盘
2219,11:21:44,6.15,38130,62,卖盘
2220,11:21:47,6.16,86822,141,买盘
2221,11:21:53,6.16,86189,140,买盘
2222,11:21:59,6.16,1837654,2988,买盘
2223,11:22:02,6.16,310626,505,买盘
2224,11:22:05,6.16,75050,122,买盘
2225,11:22:08,6.15,237713,386,卖盘
2226,11:22:11,6.15,668505,1087,卖盘
2227,11:22:14,6.16,440901,716,买盘
2228,11:22:17,6.16,120584,196,买盘
2229,11:22:20,6.15,71350,116,卖盘
2230,11:22:23,6.16,181063,294,买盘
2231,11:22:26,6.16,264669,430,买盘
2232,11:22:29,6.16,240755,391,买盘
2233,11:22:32,6.15,94114,153,卖盘
2234,11:22:35,6.16,201335,327,买盘
2235,11:22:38,6.15,90437,147,卖盘
2236,11:22:41,6.16,100406,163,买盘
2237,11:22:44,6.15,36918,60,卖盘
2238,11:22:47,6.16,86169,140,买盘
2239,11:22:50,6.16,51684,84,买盘
2240,11:22:53,6.16,59136,96,买盘
2241,11:22:56,6.16,35688,58,买盘
2242,11:22:59,6.15,117515,191,卖盘
2243,11:23:02,6.15,10464,17,卖盘
2244,11:23:05,6.16,688014,1117,买盘
2245,11:23:08,6.15,166157,270,卖盘
2246,11:23:11,6.15,93497,152,卖盘
2247,11:23:14,6.16,217887,354,买盘
2248,11:23:17,6.15,9855,16,卖盘
2249,11:23:20,6.16,107150,174,买盘
2250,11:23:23,6.16,43671,71,买盘
2251,11:23:26,6.15,21526,35,卖盘
2252,11:23:29,6.16,86856,141,买盘
2253,11:23:32,6.16,22159,36,买盘
2254,11:23:35,6.15,129217,210,卖盘
2255,11:23:38,6.15,73879,120,卖盘
2256,11:23:41,6.16,123167,200,买盘
2257,11:23:44,6.15,38130,62,卖盘
2258,11:23:47,6.16,72655,118,买盘
2259,11:23:50,6.16,134902,219,买盘
2260,11:23:53,6.15,19680,32,卖盘
2261,11:23:56,6.15,166872,271,卖盘
2262,11:23:59,6.15,55365,90,卖盘
2263,11:24:02,6.16,203182,330,买盘
2264,11:24:05,6.16,29521,48,买盘
2265,11:24:08,6.16,41825,68,买盘
2266,11:24:11,6.16,163208,265,买盘
2267,11:24:14,6.16,40026,65,买盘
2268,11:24:17,6.16,140344,228,买盘
2269,11:24:20,6.16,38147,62,买盘
2270,11:24:23,6.16,113960,185,买盘
2271,11:24:26,6.16,82448,134,买盘
2272,11:24:29,6.16,132440,215,买盘
2273,11:24:32,6.15,28919,47,卖盘
2274,11:24:35,6.15,131717,214,卖盘
2275,11:24:38,6.16,17863,29,买盘
2276,11:24:41,6.16,145959,237,买盘
2277,11:24:44,6.15,442204,719,卖盘
2278,11:24:47,6.16,278382,452,买盘
2279,11:24:50,6.16,107664,175,买盘
2280,11:24:53,6.15,200661,326,卖盘
2281,11:24:56,6.16,297154,483,买盘
2282,11:24:59,6.15,286964,466,卖盘
2283,11:25:02,6.16,28918,47,买盘
2284,11:25:05,6.16,94864,154,买盘
2285,11:25:08,6.15,1547955,2517,卖盘
2286,11:25:11,6.16,951330,1545,买盘
2287,11:25:14,6.15,30135,49,卖盘
2288,11:25:17,6.16,235182,382,买盘
2289,11:25:20,6.15,33225,54,卖盘
2290,11:25:23,6.16,97310,158,买盘
2291,11:25:26,6.15,1651280,2685,卖盘
2292,11:25:29,6.15,947059,1538,卖盘
2293,11:25:32,6.15,98425,160,卖盘
2294,11:25:35,6.16,156464,254,买盘
2295,11:25:38,6.15,37532,61,卖盘
2296,11:25:41,6.16,46815,76,买盘
2297,11:25:44,6.16,40006,65,买盘
2298,11:25:47,6.16,57899,94,买盘
2299,11:25:50,6.16,85504,139,买盘
2300,11:25:53,6.16,72071,117,买盘
2301,11:25:56,6.16,49863,81,买盘
2302,11:25:59,6.16,184766,300,买盘
2303,11:26:02,6.16,172854,281,买盘
2304,11:26:05,6.15,267185,434,卖盘
2305,11:26:08,6.15,192595,313,卖盘
2306,11:26:11,6.16,168784,274,买盘
2307,11:26:14,6.15,79335,129,卖盘
2308,11:26:17,6.16,11704,19,买盘
2309,11:26:20,6.16,2054082,3339,买盘
2310,11:26:23,6.15,25248,41,卖盘
2311,11:26:26,6.16,85514,139,买盘
2312,11:26:29,6.15,172278,280,卖盘
2313,11:26:32,6.16,169395,275,买盘
2314,11:26:35,6.15,67035,109,卖盘
2315,11:26:38,6.16,75052,122,买盘
2316,11:26:41,6.15,201310,327,卖盘
2317,11:26:44,6.15,93526,152,卖盘
2318,11:26:47,6.15,135491,220,卖盘
2319,11:26:50,6.16,227256,369,买盘
2320,11:26:53,6.15,7753921,12608,卖盘
2321,11:26:56,6.15,533643,869,买盘
2322,11:26:59,6.15,44280,72,买盘
2323,11:27:02,6.15,517091,841,买盘
2324,11:27:05,6.14,412649,672,卖盘
2325,11:27:08,6.15,438494,713,买盘
2326,11:27:11,6.14,1715526,2794,卖盘
2327,11:27:14,6.14,76223,124,卖盘
2328,11:27:17,6.15,1035563,1684,买盘
2329,11:27:20,6.14,9220,15,卖盘
2330,11:27:23,6.15,317708,517,买盘
2331,11:27:26,6.14,732815,1192,卖盘
2332,11:27:29,6.15,497528,809,买盘
2333,11:27:32,6.14,1439265,2344,卖盘
2334,11:27:35,6.15,117388,191,买盘
2335,11:27:38,6.15,854162,1389,买盘
2336,11:27:41,6.15,106310,173,买盘
2337,11:27:44,6.15,218321,355,买盘
2338,11:27:47,6.14,1049355,1709,卖盘
2339,11:27:50,6.14,1244049,2023,卖盘
2340,11:27:53,6.14,70631,115,卖盘
2341,11:27:56,6.14,15986,26,卖盘
2342,11:27:59,6.15,460018,748,买盘
2343,11:28:02,6.14,71877,117,卖盘
2344,11:28:05,6.15,180753,294,买盘
2345,11:28:08,6.15,36285,59,买盘
2346,11:28:11,6.15,178965,291,买盘
2347,11:28:14,6.15,64544,105,买盘
2348,11:28:17,6.14,141885,231,卖盘
2349,11:28:20,6.15,225705,367,买盘
2350,11:28:23,6.15,60830,99,买盘
2351,11:28:26,6.15,271160,441,买盘
2352,11:28:29,6.15,57747,94,买盘
2353,11:28:32,6.14,301140,490,卖盘
2354,11:28:35,6.14,48528,79,卖盘
2355,11:28:38,6.15,33795,55,买盘
2356,11:28:41,6.14,318993,519,卖盘
2357,11:28:44,6.15,65104,106,买盘
2358,11:28:47,6.15,477635,777,买盘
2359,11:28:50,6.14,123443,201,卖盘
2360,11:28:53,6.14,300099,488,卖盘
2361,11:28:56,6.14,1390795,2265,卖盘
2362,11:28:59,6.14,123419,201,卖盘
2363,11:29:02,6.14,809894,1317,卖盘
2364,11:29:05,6.14,73695,120,卖盘
2365,11:29:08,6.15,939043,1529,买盘
2366,11:29:11,6.14,91510,149,卖盘
2367,11:29:14,6.15,603249,981,买盘
2368,11:29:17,6.14,49741,81,卖盘
2369,11:29:20,6.14,11678,19,卖盘
2370,11:29:23,6.15,230623,375,买盘
2371,11:29:26,6.15,705329,1147,买盘
2372,11:29:29,6.15,986297,1604,买盘
2373,11:29:32,6.14,84764,138,卖盘
2374,11:29:35,6.15,462354,752,买盘
2375,11:29:38,6.14,276055,449,卖盘
2376,11:29:41,6.14,84179,137,卖盘
2377,11:29:44,6.15,332711,541,买盘
2378,11:29:47,6.14,44832,73,卖盘
2379,11:29:50,6.15,135298,220,买盘
2380,11:29:53,6.15,178350,290,买盘
2381,11:29:56,6.15,162975,265,买盘
2382,11:29:59,6.15,373826,608,买盘
2383,13:00:02,6.14,10656699,17354,卖盘
2384,13:00:05,6.14,5712457,9292,卖盘
2385,13:00:08,6.15,5360126,8718,买盘
2386,13:00:11,6.15,7760163,12607,卖盘
2387,13:00:14,6.16,47392,77,买盘
2388,13:00:17,6.15,3121084,5075,卖盘
2389,13:00:20,6.15,281055,457,卖盘
2390,13:00:23,6.15,590736,959,卖盘
2391,13:00:26,6.16,56625,92,买盘
2392,13:00:29,6.16,53561,87,买盘
2393,13:00:32,6.16,48593,79,买盘
2394,13:00:35,6.15,218575,355,卖盘
2395,13:00:38,6.15,177933,289,卖盘
2396,13:00:41,6.16,203208,330,买盘
2397,13:00:44,6.15,11688,19,卖盘
2398,13:00:47,6.16,110742,180,买盘
2399,13:00:50,6.15,98424,160,卖盘
2400,13:00:53,6.16,324430,527,买盘
2401,13:00:56,6.16,62740,102,买盘
2402,13:00:59,6.15,75031,122,卖盘
2403,13:01:02,6.16,224744,365,买盘
2404,13:01:08,6.16,236422,384,买盘
2405,13:01:11,6.15,59655,97,卖盘
2406,13:01:14,6.16,192068,312,买盘
2407,13:01:17,6.16,174229,283,买盘
2408,13:01:20,6.16,143414,233,买盘
2409,13:01:23,6.16,273414,444,买盘
2410,13:01:26,6.15,327982,533,卖盘
2411,13:01:29,6.15,242016,393,卖盘
2412,13:01:32,6.16,31415,51,买盘
2413,13:01:35,6.16,84936,138,买盘
2414,13:01:38,6.16,152094,247,买盘
2415,13:01:41,6.16,136703,222,买盘
2416,13:01:44,6.15,293743,477,卖盘
2417,13:01:47,6.15,33212,54,卖盘
2418,13:01:50,6.16,218023,354,买盘
2419,13:01:53,6.16,27062,44,买盘
2420,13:01:56,6.15,210048,341,卖盘
2421,13:01:59,6.16,31369,51,买盘
2422,13:02:02,6.15,6285485,10220,卖盘
2423,13:02:05,6.15,401630,653,卖盘
2424,13:02:08,6.15,210330,342,卖盘
2425,13:02:11,6.16,3006531,4881,买盘
2426,13:02:14,6.15,2624820,4268,卖盘
2427,13:02:17,6.16,1284845,2086,买盘
2428,13:02:20,6.15,109484,178,卖盘
2429,13:02:23,6.15,156370,254,卖盘
2430,13:02:26,6.15,158676,258,卖盘
2431,13:02:29,6.15,164205,267,卖盘
2432,13:02:32,6.16,261023,424,买盘
2433,13:02:35,6.15,705421,1147,卖盘
2434,13:02:38,6.15,460577,748,卖盘
2435,13:02:41,6.15,597553,972,卖盘
2436,13:02:44,6.16,542291,881,买盘
2437,13:02:47,6.15,807483,1314,卖盘
2438,13:02:50,6.15,4950840,8063,买盘
2439,13:02:53,6.14,1138224,1851,卖盘
2440,13:02:56,6.15,202934,330,买盘
2441,13:02:59,6.15,526983,857,买盘
2442,13:03:02,6.15,316094,514,买盘
2443,13:03:05,6.15,378794,616,买盘
2444,13:03:08,6.15,99514,162,买盘
2445,13:03:11,6.14,188727,307,卖盘
2446,13:03:14,6.15,317287,516,买盘
2447,13:03:17,6.14,43610,71,卖盘
2448,13:03:20,6.15,165372,269,买盘
2449,13:03:23,6.15,153114,249,买盘
2450,13:03:26,6.14,259418,422,卖盘
2451,13:03:29,6.15,146832,239,买盘
2452,13:03:32,6.14,227514,370,卖盘
2453,13:03:35,6.15,315419,513,买盘
2454,13:03:38,6.14,66334,108,卖盘
2455,13:03:41,6.15,277920,452,买盘
2456,13:03:44,6.15,264350,430,买盘
2457,13:03:47,6.15,284702,463,买盘
2458,13:03:50,6.14,101345,165,卖盘
2459,13:03:53,6.15,154338,251,买盘
2460,13:03:56,6.15,317934,517,买盘
2461,13:03:59,6.14,58347,95,卖盘
2462,13:04:02,6.15,209595,341,买盘
2463,13:04:05,6.14,116055,189,卖盘
2464,13:04:08,6.14,242132,394,卖盘
2465,13:04:11,6.15,257547,419,买盘
2466,13:04:14,6.14,240426,391,卖盘
2467,13:04:17,6.15,142452,232,买盘
2468,13:04:20,6.14,42367,69,卖盘
2469,13:04:23,6.14,415067,675,卖盘
2470,13:04:26,6.15,13510,22,买盘
2471,13:04:29,6.15,366524,596,买盘
2472,13:04:32,6.15,121600,198,买盘
2473,13:04:35,6.14,330225,537,卖盘
2474,13:04:38,6.15,63344,103,买盘
2475,13:04:41,6.15,212161,345,买盘
2476,13:04:44,6.14,425481,692,卖盘
2477,13:04:47,6.15,260128,423,买盘
2478,13:04:50,6.16,97176,158,买盘
2479,13:04:53,6.15,362362,589,卖盘
2480,13:04:56,6.15,190018,309,买盘
2481,13:04:59,6.15,467387,761,买盘
2482,13:05:02,6.15,312439,508,卖盘
2483,13:05:05,6.16,299334,486,买盘
2484,13:05:08,6.15,300705,489,卖盘
2485,13:05:11,6.15,329590,536,买盘
2486,13:05:14,6.15,295799,481,买盘
2487,13:05:17,6.15,65805,107,卖盘
2488,13:05:20,6.15,493070,801,卖盘
2489,13:05:23,6.15,81795,133,卖盘
2490,13:05:26,6.15,614615,999,卖盘
2491,13:05:29,6.14,222578,362,卖盘
2492,13:05:32,6.15,952860,1551,买盘
2493,13:05:35,6.15,255167,415,买盘
2494,13:05:38,6.15,116779,190,卖盘
2495,13:05:41,6.15,592794,964,买盘
2496,13:05:44,6.15,154936,252,买盘
2497,13:05:47,6.15,304362,495,买盘
2498,13:05:50,6.15,97112,158,卖盘
2499,13:05:53,6.15,174610,284,买盘
2500,13:05:56,6.14,170918,278,卖盘
2501,13:05:59,6.15,44895,73,买盘
2502,13:06:02,6.16,229456,373,买盘
2503,13:06:05,6.15,217094,353,卖盘
2504,13:06:08,6.15,384534,625,卖盘
2505,13:06:11,6.15,71911,117,买盘
2506,13:06:14,6.15,207221,337,买盘
2507,13:06:17,6.14,143250,233,卖盘
2508,13:06:20,6.15,134685,219,买盘
2509,13:06:23,6.15,286558,466,买盘
2510,13:06:26,6.15,36238,59,买盘
2511,13:06:29,6.15,164742,268,买盘
2512,13:06:32,6.15,130956,213,买盘
2513,13:06:35,6.15,209020,340,买盘
2514,13:06:38,6.15,325292,529,买盘
2515,13:06:41,6.15,22108,36,买盘
2516,13:06:44,6.14,443291,721,卖盘
2517,13:06:47,6.15,30098,49,买盘
2518,13:06:50,6.15,442981,721,买盘
2519,13:06:53,6.14,47899,78,卖盘
2520,13:06:56,6.15,401248,653,买盘
2521,13:06:59,6.14,168473,274,卖盘
2522,13:07:02,6.15,568189,924,买盘
2523,13:07:05,6.15,626612,1019,买盘
2524,13:07:08,6.15,276664,450,买盘
2525,13:07:11,6.15,316012,514,买盘
2526,13:07:14,6.15,210862,343,买盘
2527,13:07:17,6.15,367062,597,买盘
2528,13:07:20,6.15,205942,335,买盘
2529,13:07:23,6.15,344400,560,买盘
2530,13:07:26,6.14,76148,124,卖盘
2531,13:07:29,6.15,55282,90,买盘
2532,13:07:32,6.15,215807,351,买盘
2533,13:07:35,6.15,182608,297,买盘
2534,13:07:38,6.15,211554,344,买盘
2535,13:07:41,6.16,204804,333,买盘
2536,13:07:44,6.15,226586,368,卖盘
2537,13:07:47,6.15,226329,368,卖盘
2538,13:07:50,6.15,512815,834,卖盘
2539,13:07:53,6.15,517151,841,买盘
2540,13:07:56,6.15,237936,387,卖盘
2541,13:07:59,6.15,300613,489,买盘
2542,13:08:02,6.15,95271,155,中性盘
2543,13:08:05,6.15,388680,632,买盘
2544,13:08:08,6.15,70613,115,买盘
2545,13:08:11,6.15,60836,99,买盘
2546,13:08:14,6.15,1927859,3139,买盘
2547,13:08:17,6.14,128947,210,卖盘
2548,13:08:20,6.15,1055248,1716,买盘
2549,13:08:23,6.15,86010,140,买盘
2550,13:08:26,6.14,416725,678,卖盘
2551,13:08:29,6.15,112396,183,买盘
2552,13:08:32,6.14,185648,302,卖盘
2553,13:08:35,6.15,1088403,1772,买盘
2554,13:08:38,6.14,91506,149,卖盘
2555,13:08:41,6.15,584764,951,买盘
2556,13:08:44,6.14,130196,212,卖盘
2557,13:08:47,6.15,183804,299,买盘
2558,13:08:50,6.15,58961,96,买盘
2559,13:08:53,6.14,209568,341,卖盘
2560,13:08:56,6.14,259466,422,卖盘
2561,13:08:59,6.15,131610,214,买盘
2562,13:09:02,6.15,348317,567,买盘
2563,13:09:05,6.15,36860,60,买盘
2564,13:09:08,6.15,330739,538,买盘
2565,13:09:11,6.15,123436,201,买盘
2566,13:09:14,6.14,30701,50,卖盘
2567,13:09:17,6.15,183264,298,买盘
2568,13:09:20,6.15,193620,315,买盘
2569,13:09:23,6.14,153047,249,卖盘
2570,13:09:26,6.14,190548,310,卖盘
2571,13:09:29,6.15,171479,279,买盘
2572,13:09:32,6.15,119834,195,买盘
2573,13:09:35,6.15,55926,91,买盘
2574,13:09:38,6.14,185594,302,卖盘
2575,13:09:41,6.14,154323,251,卖盘
2576,13:09:44,6.15,101475,165,买盘
2577,13:09:47,6.14,234173,381,卖盘
2578,13:09:50,6.14,119893,195,卖盘
2579,13:09:53,6.14,15964,26,卖盘
2580,13:09:56,6.15,197302,321,买盘
2581,13:09:59,6.14,118050,192,卖盘
2582,13:10:02,6.15,79211,129,买盘
2583,13:10:05,6.15,116140,189,买盘
2584,13:10:08,6.14,330187,537,卖盘
2585,13:10:11,6.15,229989,374,买盘
2586,13:10:14,6.14,107450,175,卖盘
2587,13:10:17,6.15,368001,599,买盘
2588,13:10:20,6.14,298774,486,卖盘
2589,13:10:23,6.14,62014,101,卖盘
2590,13:10:26,6.15,150525,245,买盘
2591,13:10:29,6.14,67540,110,卖盘
2592,13:10:32,6.15,182545,297,买盘
2593,13:10:35,6.14,87802,143,卖盘
2594,13:10:38,6.14,27648,45,卖盘
2595,13:10:41,6.15,322775,525,买盘
2596,13:10:44,6.14,19648,32,卖盘
2597,13:10:47,6.14,230497,375,卖盘
2598,13:10:50,6.14,193617,315,卖盘
2599,13:10:53,6.15,239078,389,买盘
2600,13:10:56,6.14,157390,256,卖盘
2601,13:10:59,6.14,69382,113,卖盘
2602,13:11:02,6.15,199184,324,买盘
2603,13:11:05,6.15,60796,99,买盘
2604,13:11:08,6.15,280941,457,买盘
2605,13:11:11,6.14,27638,45,卖盘
2606,13:11:14,6.14,133419,217,卖盘
2607,13:11:17,6.15,89652,146,买盘
2608,13:11:20,6.15,398072,648,买盘
2609,13:11:23,6.15,268672,437,买盘
2610,13:11:26,6.15,248311,404,买盘
2611,13:11:29,6.15,215843,351,买盘
2612,13:11:32,6.14,31961,52,卖盘
2613,13:11:35,6.15,220099,358,买盘
2614,13:11:38,6.15,69461,113,买盘
2615,13:11:41,6.15,177735,289,买盘
2616,13:11:44,6.15,283976,462,买盘
2617,13:11:47,6.15,30750,50,买盘
2618,13:11:50,6.15,96516,157,买盘
2619,13:11:53,6.15,50967,83,买盘
2620,13:11:56,6.15,174038,283,买盘
2621,13:11:59,6.15,36864,60,买盘
2622,13:12:02,6.15,90900,148,买盘
2623,13:12:05,6.15,223860,364,买盘
2624,13:12:08,6.14,24571,40,卖盘
2625,13:12:11,6.14,194788,317,卖盘
2626,13:12:14,6.15,114931,187,买盘
2627,13:12:17,6.15,309345,503,买盘
2628,13:12:20,6.14,45436,74,卖盘
2629,13:12:23,6.14,175822,286,卖盘
2630,13:12:26,6.15,332668,541,买盘
2631,13:12:29,6.14,82898,135,卖盘
2632,13:12:32,6.15,140159,228,买盘
2633,13:12:35,6.15,912590,1484,买盘
2634,13:12:38,6.14,641720,1044,卖盘
2635,13:12:41,6.15,289050,470,买盘
2636,13:12:44,6.15,50354,82,买盘
2637,13:12:47,6.14,339326,552,卖盘
2638,13:12:50,6.15,52809,86,买盘
2639,13:12:53,6.14,122298,199,卖盘
2640,13:12:56,6.14,76136,124,卖盘
2641,13:12:59,6.14,344960,561,卖盘
2642,13:13:02,6.15,51586,84,买盘
2643,13:13:05,6.14,73066,119,卖盘
2644,13:13:08,6.15,225047,366,买盘
2645,13:13:11,6.15,64508,105,买盘
2646,13:13:14,6.14,306744,499,卖盘
2647,13:13:17,6.14,36863,60,卖盘
2648,13:13:20,6.14,283467,461,卖盘
2649,13:13:23,6.14,1461336,2380,卖盘
2650,13:13:26,6.15,182040,296,买盘
2651,13:13:29,6.15,845543,1375,买盘
2652,13:13:32,6.15,104381,170,买盘
2653,13:13:35,6.15,151840,247,买盘
2654,13:13:38,6.15,208152,339,买盘
2655,13:13:41,6.15,366350,596,买盘
2656,13:13:44,6.15,213339,347,买盘
2657,13:13:47,6.15,63269,103,买盘
2658,13:13:50,6.14,422349,687,卖盘
2659,13:13:53,6.15,11685,19,买盘
2660,13:13:56,6.15,188115,306,买盘
2661,13:13:59,6.15,185615,302,买盘
2662,13:14:02,6.15,184413,300,买盘
2663,13:14:05,6.15,28863,47,买盘
2664,13:14:08,6.15,209570,341,买盘
2665,13:14:11,6.15,206583,336,买盘
2666,13:14:14,6.15,132840,216,买盘
2667,13:14:17,6.15,271724,442,买盘
2668,13:14:20,6.15,130370,212,买盘
2669,13:14:23,6.15,166050,270,买盘
2670,13:14:26,6.15,87255,142,买盘
2671,13:14:29,6.14,90982,148,卖盘
2672,13:14:32,6.14,6760,11,卖盘
2673,13:14:35,6.14,193027,314,卖盘
2674,13:14:38,6.14,19648,32,卖盘
2675,13:14:41,6.15,106979,174,买盘
2676,13:14:44,6.15,184429,300,买盘
2677,13:14:47,6.15,161662,263,买盘
2678,13:14:50,6.15,109470,178,买盘
2679,13:14:53,6.15,97049,158,买盘
2680,13:14:56,6.15,167880,273,买盘
2681,13:14:59,6.14,26404,43,卖盘
2682,13:15:02,6.15,301227,490,买盘
2683,13:15:08,6.15,202301,329,买盘
2684,13:15:11,6.15,301266,490,买盘
2685,13:15:14,6.15,23957,39,买盘
2686,13:15:17,6.15,201698,328,买盘
2687,13:15:20,6.15,145663,237,买盘
2688,13:15:23,6.14,119255,194,卖盘
2689,13:15:26,6.15,161130,262,买盘
2690,13:15:29,6.15,1424846,2317,买盘
2691,13:15:32,6.15,476625,775,买盘
2692,13:15:35,6.14,216194,352,卖盘
2693,13:15:38,6.15,972195,1581,买盘
2694,13:15:41,6.15,136954,223,买盘
2695,13:15:44,6.15,256423,417,买盘
2696,13:15:47,6.14,73080,119,卖盘
2697,13:15:50,6.15,238005,387,买盘
2698,13:15:53,6.14,20273,33,卖盘
2699,13:15:56,6.14,217000,353,卖盘
2700,13:15:59,6.15,257015,418,买盘
2701,13:16:02,6.15,476508,775,买盘
2702,13:16:05,6.15,320340,521,买盘
2703,13:16:08,6.15,59010,96,买盘
2704,13:16:11,6.14,202334,329,卖盘
2705,13:16:14,6.14,112391,183,卖盘
2706,13:16:17,6.15,246615,401,买盘
2707,13:16:20,6.15,338865,551,买盘
2708,13:16:23,6.15,161685,263,中性盘
2709,13:16:26,6.15,193689,315,买盘
2710,13:16:29,6.15,236160,384,买盘
2711,13:16:32,6.15,191810,312,买盘
2712,13:16:35,6.15,184500,300,买盘
2713,13:16:38,6.14,145541,237,卖盘
2714,13:16:41,6.15,419319,682,买盘
2715,13:16:44,6.15,602545,980,卖盘
2716,13:16:47,6.15,689105,1121,买盘
2717,13:16:50,6.15,206538,336,卖盘
2718,13:16:53,6.15,431113,701,买盘
2719,13:16:56,6.15,135450,221,买盘
2720,13:16:59,6.15,93953,153,买盘
2721,13:17:02,6.14,283397,461,卖盘
2722,13:17:05,6.15,143295,233,买盘
2723,13:17:08,6.15,307416,500,买盘
2724,13:17:11,6.15,615,1,买盘
2725,13:17:14,6.15,183730,299,买盘
2726,13:17:17,6.15,50358,82,买盘
2727,13:17:20,6.15,166050,270,买盘
2728,13:17:23,6.15,179580,292,买盘
2729,13:17:26,6.15,180098,293,买盘
2730,13:17:29,6.15,170355,277,买盘
2731,13:17:32,6.15,204702,333,卖盘
2732,13:17:35,6.15,66951,109,买盘
2733,13:17:38,6.15,94095,153,买盘
2734,13:17:41,6.15,261990,426,买盘
2735,13:17:44,6.16,153087,249,买盘
2736,13:17:47,6.15,751649,1222,卖盘
2737,13:17:50,6.15,105774,172,中性盘
2738,13:17:53,6.16,416753,677,买盘
2739,13:17:56,6.15,369445,601,卖盘
2740,13:17:59,6.15,73800,120,买盘
2741,13:18:02,6.14,561506,913,卖盘
2742,13:18:05,6.15,33825,55,买盘
2743,13:18:08,6.15,323435,526,买盘
2744,13:18:11,6.15,80495,131,买盘
2745,13:18:14,6.15,127296,207,买盘
2746,13:18:17,6.15,270600,440,买盘
2747,13:18:20,6.15,81722,133,买盘
2748,13:18:23,6.15,159285,259,买盘
2749,13:18:26,6.15,23352,38,买盘
2750,13:18:29,6.14,232958,379,卖盘
2751,13:18:32,6.15,130990,213,买盘
2752,13:18:35,6.15,175855,286,买盘
2753,13:18:38,6.15,238498,388,买盘
2754,13:18:41,6.15,491967,800,买盘
2755,13:18:44,6.14,65179,106,卖盘
2756,13:18:47,6.15,670279,1089,中性盘
2757,13:18:50,6.15,410800,668,卖盘
2758,13:18:53,6.15,688965,1120,卖盘
2759,13:18:56,6.14,192464,313,卖盘
2760,13:18:59,6.14,542402,882,卖盘
2761,13:19:02,6.16,734590,1193,买盘
2762,13:19:05,6.15,1504184,2446,卖盘
2763,13:19:08,6.16,1147445,1863,买盘
2764,13:19:11,6.15,39367,64,卖盘
2765,13:19:14,6.16,236945,385,买盘
2766,13:19:17,6.16,75036,122,买盘
2767,13:19:20,6.16,117656,191,买盘
2768,13:19:23,6.15,206787,336,卖盘
2769,13:19:26,6.15,55965,91,卖盘
2770,13:19:29,6.16,185958,302,买盘
2771,13:19:32,6.16,93486,152,买盘
2772,13:19:35,6.16,180311,293,买盘
2773,13:19:38,6.15,43683,71,卖盘
2774,13:19:41,6.15,203672,331,卖盘
2775,13:19:44,6.16,51744,84,买盘
2776,13:19:47,6.15,54130,88,卖盘
2777,13:19:50,6.15,177908,289,卖盘
2778,13:19:53,6.15,27069,44,卖盘
2779,13:19:56,6.16,59109,96,买盘
2780,13:19:59,6.15,44280,72,卖盘
2781,13:20:02,6.16,78779,128,买盘
2782,13:20:05,6.15,238350,387,卖盘
2783,13:20:08,6.15,76284,124,卖盘
2784,13:20:11,6.15,189694,308,卖盘
2785,13:20:14,6.16,1232,2,买盘
2786,13:20:17,6.16,872094,1418,买盘
2787,13:20:20,6.15,113776,185,卖盘
2788,13:20:23,6.16,445318,723,买盘
2789,13:20:26,6.15,82410,134,卖盘
2790,13:20:29,6.15,54735,89,卖盘
2791,13:20:32,6.15,145260,236,卖盘
2792,13:20:35,6.15,66421,108,卖盘
2793,13:20:38,6.16,59136,96,买盘
2794,13:20:41,6.15,19680,32,卖盘
2795,13:20:44,6.16,48590,79,买盘
2796,13:20:47,6.16,68312,111,买盘
2797,13:20:50,6.16,16617,27,买盘
2798,13:20:53,6.15,89220,145,卖盘
2799,13:20:56,6.16,6160,10,买盘
2800,13:20:59,6.15,6485225,10545,卖盘
2801,13:21:02,6.15,239235,389,卖盘
2802,13:21:05,6.15,3062412,4972,卖盘
2803,13:21:08,6.15,5015940,8156,卖盘
2804,13:21:11,6.15,529515,861,卖盘
2805,13:21:14,6.16,4101112,6662,买盘
2806,13:21:17,6.15,248468,404,卖盘
2807,13:21:20,6.15,1129837,1835,卖盘
2808,13:21:23,6.16,6160,10,买盘
2809,13:21:26,6.16,372918,606,买盘
2810,13:21:29,6.15,242310,394,卖盘
2811,13:21:32,6.16,358875,583,买盘
2812,13:21:35,6.15,136530,222,卖盘
2813,13:21:38,6.16,184087,299,买盘
2814,13:21:41,6.15,122385,199,卖盘
2815,13:21:44,6.16,174177,283,买盘
2816,13:21:47,6.16,150076,244,买盘
2817,13:21:50,6.15,219726,357,卖盘
2818,13:21:53,6.16,56587,92,买盘
2819,13:21:56,6.15,85485,139,卖盘
2820,13:21:59,6.15,169917,276,卖盘
2821,13:22:02,6.15,35055,57,卖盘
2822,13:22:05,6.16,166125,270,买盘
2823,13:22:08,6.15,48585,79,卖盘
2824,13:22:11,6.16,99750,162,买盘
2825,13:22:14,6.16,86119,140,买盘
2826,13:22:17,6.15,42436,69,卖盘
2827,13:22:20,6.15,291717,474,卖盘
2828,13:22:23,6.15,75030,122,卖盘
2829,13:22:26,6.16,170564,277,买盘
2830,13:22:29,6.16,5544,9,买盘
2831,13:22:32,6.16,84909,138,买盘
2832,13:22:35,6.15,39975,65,卖盘
2833,13:22:38,6.15,3690,6,卖盘
2834,13:22:41,6.16,113257,184,买盘
2835,13:22:44,6.15,25840,42,卖盘
2836,13:22:47,6.15,61564,100,卖盘
2837,13:22:50,6.15,92314,150,卖盘
2838,13:22:53,6.16,99714,162,买盘
2839,13:22:56,6.16,8615,14,买盘
2840,13:22:59,6.15,180810,294,卖盘
2841,13:23:02,6.16,630134,1023,买盘
2842,13:23:05,6.15,84336,137,卖盘
2843,13:23:08,6.15,339903,552,卖盘
2844,13:23:11,6.15,35692,58,卖盘
2845,13:23:14,6.15,118163,192,卖盘
2846,13:23:17,6.15,58428,95,卖盘
2847,13:23:20,6.16,92338,150,买盘
2848,13:23:23,6.16,444020,721,买盘
2849,13:23:26,6.16,1136985,1846,买盘
2850,13:23:29,6.16,725599,1178,买盘
2851,13:23:32,6.15,81211,132,卖盘
2852,13:23:35,6.16,142761,232,买盘
2853,13:23:38,6.15,154514,251,卖盘
2854,13:23:41,6.16,58434,95,买盘
2855,13:23:44,6.15,396896,645,卖盘
2856,13:23:47,6.16,67658,110,买盘
2857,13:23:50,6.16,202567,329,买盘
2858,13:23:53,6.16,110728,180,买盘
2859,13:23:56,6.16,114536,186,买盘
2860,13:23:59,6.15,520476,845,卖盘
2861,13:24:02,6.16,326958,531,买盘
2862,13:24:05,6.15,77541,126,卖盘
2863,13:24:08,6.16,30169,49,买盘
2864,13:24:11,6.16,176026,286,买盘
2865,13:24:14,6.16,39379,64,买盘
2866,13:24:17,6.16,81274,132,买盘
2867,13:24:20,6.15,85490,139,卖盘
2868,13:24:23,6.16,620281,1007,买盘
2869,13:24:26,6.15,48612,79,卖盘
2870,13:24:29,6.15,708813,1151,卖盘
2871,13:24:32,6.16,605477,983,买盘
2872,13:24:35,6.15,77493,126,卖盘
2873,13:24:38,6.16,180275,293,买盘
2874,13:24:41,6.16,67046,109,买盘
2875,13:24:44,6.16,122525,199,买盘
2876,13:24:47,6.16,75646,123,买盘
2877,13:24:50,6.15,82432,134,卖盘
2878,13:24:53,6.15,106532,173,卖盘
2879,13:24:56,6.16,64578,105,买盘
2880,13:24:59,6.16,62179,101,买盘
2881,13:25:02,6.15,36900,60,卖盘
2882,13:25:05,6.16,77548,126,买盘
2883,13:25:08,6.15,53524,87,卖盘
2884,13:25:11,6.15,18450,30,卖盘
2885,13:25:14,6.16,353115,574,买盘
2886,13:25:17,6.16,53521,87,买盘
2887,13:25:20,6.16,193991,315,买盘
2888,13:25:23,6.15,99682,162,卖盘
2889,13:25:26,6.16,128684,209,买盘
2890,13:25:29,6.15,60885,99,卖盘
2891,13:25:32,6.16,697195,1132,买盘
2892,13:25:35,6.15,86150,140,卖盘
2893,13:25:38,6.15,123005,200,卖盘
2894,13:25:41,6.15,485885,789,卖盘
2895,13:25:44,6.15,1122995,1826,卖盘
2896,13:25:47,6.16,583351,947,买盘
2897,13:25:50,6.15,103935,169,卖盘
2898,13:25:53,6.16,245733,399,买盘
2899,13:25:56,6.15,29526,48,卖盘
2900,13:25:59,6.15,137867,224,卖盘
2901,13:26:02,6.15,206940,336,卖盘
2902,13:26:05,6.15,141027,229,卖盘
2903,13:26:08,6.15,238758,388,卖盘
2904,13:26:11,6.15,46785,76,卖盘
2905,13:26:14,6.15,272584,443,卖盘
2906,13:26:17,6.15,88578,144,卖盘
2907,13:26:20,6.16,8009921,13024,买盘
2908,13:26:23,6.15,2517704,4097,卖盘
2909,13:26:26,6.15,297318,484,买盘
2910,13:26:29,6.15,506862,825,买盘
2911,13:26:32,6.14,298584,486,卖盘
2912,13:26:35,6.15,561187,913,买盘
2913,13:26:38,6.15,274905,447,买盘
2914,13:26:41,6.15,138210,225,买盘
2915,13:26:44,6.15,614751,1000,买盘
2916,13:26:47,6.14,79207,129,卖盘
2917,13:26:50,6.15,317829,517,买盘
2918,13:26:53,6.15,243363,396,买盘
2919,13:26:56,6.15,535166,871,买盘
2920,13:26:59,6.14,181347,295,卖盘
2921,13:27:02,6.14,70651,115,卖盘
2922,13:27:05,6.15,506055,823,买盘
2923,13:27:08,6.15,57123,93,买盘
2924,13:27:11,6.15,414353,674,买盘
2925,13:27:14,6.14,88464,144,卖盘
2926,13:27:17,6.14,619354,1008,卖盘
2927,13:27:20,6.14,92756,151,卖盘
2928,13:27:23,6.14,63262,103,卖盘
2929,13:27:26,6.15,423636,689,买盘
2930,13:27:29,6.15,102581,167,买盘
2931,13:27:32,6.15,277213,451,买盘
2932,13:27:35,6.14,98347,160,卖盘
2933,13:27:38,6.15,220720,359,买盘
2934,13:27:41,6.15,38076,62,买盘
2935,13:27:44,6.15,33166,54,买盘
2936,13:27:47,6.15,252040,410,买盘
2937,13:27:50,6.15,1010706,1646,买盘
2938,13:27:53,6.15,627830,1021,买盘
2939,13:27:56,6.14,1105899,1801,卖盘
2940,13:27:59,6.15,707140,1150,买盘
2941,13:28:02,6.15,19680,32,买盘
2942,13:28:05,6.15,275940,449,买盘
2943,13:28:08,6.15,68164,111,买盘
2944,13:28:11,6.15,64485,105,买盘
2945,13:28:14,6.14,432768,704,卖盘
2946,13:28:17,6.15,70035,114,买盘
2947,13:28:20,6.14,221384,360,卖盘
2948,13:28:23,6.14,41138,67,卖盘
2949,13:28:26,6.15,135276,220,买盘
2950,13:28:32,6.15,44210,72,买盘
2951,13:28:35,6.15,162360,264,买盘
2952,13:28:38,6.14,20876,34,卖盘
2953,13:28:41,6.15,264383,430,买盘
2954,13:28:44,6.15,22755,37,买盘
2955,13:28:47,6.15,286590,466,买盘
2956,13:28:50,6.15,95222,155,买盘
2957,13:28:53,6.15,8610,14,买盘
2958,13:28:56,6.15,246615,401,买盘
2959,13:28:59,6.14,102586,167,卖盘
2960,13:29:02,6.15,1263192,2054,买盘
2961,13:29:05,6.15,854994,1390,卖盘
2962,13:29:08,6.15,1186544,1927,卖盘
2963,13:29:11,6.16,127306,207,买盘
2964,13:29:14,6.15,162959,265,卖盘
2965,13:29:17,6.16,475315,772,买盘
2966,13:29:20,6.15,222618,362,卖盘
2967,13:29:23,6.14,279544,454,卖盘
2968,13:29:26,6.15,177052,288,中性盘
2969,13:29:29,6.15,325013,528,卖盘
2970,13:29:32,6.15,346184,563,买盘
2971,13:29:35,6.15,513921,837,买盘
2972,13:29:38,6.14,700427,1139,卖盘
2973,13:29:41,6.14,66327,108,卖盘
2974,13:29:44,6.15,287090,467,买盘
2975,13:29:47,6.14,46716,76,卖盘
2976,13:29:50,6.14,164178,267,卖盘
2977,13:29:53,6.15,61405,100,买盘
2978,13:29:59,6.15,124818,203,买盘
2979,13:30:02,6.15,73726,120,买盘
2980,13:30:05,6.15,212763,346,买盘
2981,13:30:08,6.15,464940,756,买盘
2982,13:30:11,6.14,393444,640,卖盘
2983,13:30:14,6.15,74415,121,买盘
2984,13:30:17,6.15,204180,332,买盘
2985,13:30:20,6.15,692364,1126,买盘
2986,13:30:23,6.15,48585,79,买盘
2987,13:30:26,6.15,346236,563,买盘
2988,13:30:29,6.15,295596,481,卖盘
2989,13:30:32,6.15,253900,413,买盘
2990,13:30:35,6.15,14137,23,买盘
2991,13:30:38,6.15,459533,748,买盘
2992,13:30:41,6.15,24582,40,买盘
2993,13:30:44,6.14,25182,41,卖盘
2994,13:30:47,6.15,495621,806,买盘
2995,13:30:50,6.15,2460,4,买盘
2996,13:30:53,6.15,222594,362,买盘
2997,13:30:56,6.15,166598,271,买盘
2998,13:31:02,6.15,183885,299,买盘
2999,13:31:05,6.15,42367,69,买盘
3000,13:31:08,6.14,30094,49,卖盘
3001,13:31:11,6.15,217095,353,买盘
3002,13:31:14,6.15,54664,89,买盘
3003,13:31:17,6.15,16604,27,买盘
3004,13:31:20,6.15,327795,533,买盘
3005,13:31:23,6.15,55898,91,买盘
3006,13:31:26,6.15,520334,846,卖盘
3007,13:31:29,6.14,180702,294,卖盘
3008,13:31:32,6.15,574682,934,卖盘
3009,13:31:35,6.15,118705,193,卖盘
3010,13:31:38,6.15,750890,1222,买盘
3011,13:31:41,6.15,210945,343,卖盘
3012,13:31:44,6.15,124857,203,卖盘
3013,13:31:47,6.16,475959,773,买盘
3014,13:31:50,6.14,122904,200,卖盘
3015,13:31:53,6.16,174202,283,买盘
3016,13:31:56,6.15,82410,134,卖盘
3017,13:31:59,6.15,180945,294,卖盘
3018,13:32:02,6.15,384375,625,卖盘
3019,13:32:05,6.15,78105,127,卖盘
3020,13:32:08,6.16,451807,734,买盘
3021,13:32:11,6.15,83648,136,卖盘
3022,13:32:14,6.16,229602,373,买盘
3023,13:32:17,6.15,69495,113,卖盘
3024,13:32:20,6.16,160663,261,买盘
3025,13:32:23,6.15,28290,46,卖盘
3026,13:32:26,6.16,115669,188,买盘
3027,13:32:29,6.16,118853,193,买盘
3028,13:32:32,6.16,20916,34,买盘
3029,13:32:35,6.15,89827,146,卖盘
3030,13:32:38,6.15,92251,150,卖盘
3031,13:32:41,6.15,501953,816,卖盘
3032,13:32:44,6.14,162229,264,卖盘
3033,13:32:50,6.16,275302,447,买盘
3034,13:32:53,6.14,77981,127,卖盘
3035,13:32:56,6.15,129220,210,中性盘
3036,13:32:59,6.15,53505,87,卖盘
3037,13:33:02,6.16,150191,244,买盘
3038,13:33:05,6.15,23370,38,卖盘
3039,13:33:08,6.15,62730,102,卖盘
3040,13:33:11,6.16,569586,927,买盘
3041,13:33:14,6.15,19065,31,卖盘
3042,13:33:17,6.15,339543,552,卖盘
3043,13:33:20,6.15,146918,239,卖盘
3044,13:33:23,6.15,402184,654,中性盘
3045,13:33:26,6.15,61467,100,买盘
3046,13:33:29,6.14,97626,159,卖盘
3047,13:33:32,6.15,268022,436,买盘
3048,13:33:35,6.15,35670,58,买盘
3049,13:33:38,6.15,251420,409,买盘
3050,13:33:41,6.15,104395,170,买盘
3051,13:33:44,6.15,162349,264,买盘
3052,13:33:47,6.15,113611,185,买盘
3053,13:33:50,6.15,83640,136,买盘
3054,13:33:53,6.15,118664,193,买盘
3055,13:33:56,6.15,74957,122,买盘
3056,13:33:59,6.15,630158,1026,买盘
3057,13:34:02,6.15,829538,1349,买盘
3058,13:34:05,6.15,775972,1262,买盘
3059,13:34:08,6.15,63894,104,买盘
3060,13:34:11,6.14,63262,103,卖盘
3061,13:34:14,6.14,263042,428,卖盘
3062,13:34:17,6.14,35612,58,卖盘
3063,13:34:20,6.14,162302,264,卖盘
3064,13:34:23,6.14,63242,103,卖盘
3065,13:34:26,6.15,102693,167,买盘
3066,13:34:29,6.14,128491,209,卖盘
3067,13:34:32,6.15,275919,449,买盘
3068,13:34:35,6.15,81085,132,买盘
3069,13:34:38,6.15,1174181,1912,买盘
3070,13:34:41,6.15,130812,213,买盘
3071,13:34:44,6.15,589692,959,买盘
3072,13:34:47,6.14,27026,44,卖盘
3073,13:34:50,6.15,176428,287,买盘
3074,13:34:53,6.15,122385,199,买盘
3075,13:34:56,6.14,9211,15,卖盘
3076,13:34:59,6.15,66962,109,买盘
3077,13:35:02,6.15,67601,110,买盘
3078,13:35:05,6.14,25788,42,卖盘
3079,13:35:08,6.14,46664,76,卖盘
3080,13:35:11,6.14,100778,164,卖盘
3081,13:35:14,6.14,44208,72,卖盘
3082,13:35:17,6.15,229330,373,买盘
3083,13:35:20,6.15,68265,111,买盘
3084,13:35:23,6.14,85960,140,卖盘
3085,13:35:26,6.15,234862,382,买盘
3086,13:35:32,6.15,55958,91,买盘
3087,13:35:35,6.14,74918,122,卖盘
3088,13:35:38,6.15,202887,330,买盘
3089,13:35:41,6.14,84124,137,卖盘
3090,13:35:44,6.14,98255,160,卖盘
3091,13:35:47,6.14,240401,391,卖盘
3092,13:35:50,6.14,27027,44,卖盘
3093,13:35:53,6.15,113704,185,买盘
3094,13:35:56,6.15,1230,2,买盘
3095,13:35:59,6.15,70694,115,买盘
3096,13:36:02,6.15,82285,134,买盘
