,成交时间,成交价格,成交金额,成交量,性质
0,09:25:02,66.38,16070598,2421,卖盘
1,09:30:02,66.55,3666563,552,买盘
2,09:30:05,66.58,1703347,256,买盘
3,09:30:08,66.6,1397350,210,买盘
4,09:30:11,66.55,1978012,297,中性盘
5,09:30:14,66.64,2162992,324,中性盘
6,09:30:17,66.8,1248391,187,买盘
7,09:30:20,66.88,1945623,291,买盘
8,09:30:23,66.9,769314,115,买盘
9,09:30:26,66.91,2341541,350,买盘
10,09:30:29,66.92,3123585,466,中性盘
11,09:30:32,66.99,2405203,359,中性盘
12,09:30:35,67.17,2763924,412,买盘
13,09:30:38,67.17,1273862,190,买盘
14,09:30:41,67.12,1956733,292,卖盘
15,09:30:44,66.9,3388181,506,卖盘
16,09:30:47,66.9,1791939,268,买盘
17,09:30:50,66.9,1505013,225,买盘
18,09:30:53,66.85,441451,66,卖盘
19,09:30:56,67.0,1647013,246,买盘
20,09:30:59,66.81,1178012,176,卖盘
21,09:31:02,66.8,1616219,242,买盘
22,09:31:05,66.76,373798,56,中性盘
23,09:31:08,66.75,954335,143,卖盘
24,09:31:11,66.76,1655591,248,买盘
25,09:31:14,66.76,914803,137,卖盘
26,09:31:17,66.77,427660,64,卖盘
27,09:31:20,66.8,1589752,238,卖盘
28,09:31:23,66.79,207058,31,中性盘
29,09:31:26,66.79,307206,46,买盘
30,09:31:29,66.78,267152,40,中性盘
31,09:31:32,66.81,1789514,268,买盘
32,09:31:35,66.88,200587,30,买盘
33,09:31:38,66.98,722902,108,买盘
34,09:31:41,66.98,2075353,310,卖盘
35,09:31:44,66.99,194265,29,买盘
36,09:31:47,67.0,294776,44,买盘
37,09:31:50,67.0,187656,28,卖盘
38,09:31:53,67.05,227923,34,买盘
39,09:31:56,67.05,898324,134,买盘
40,09:31:59,67.02,1113035,166,卖盘
41,09:32:02,67.05,1757221,262,买盘
42,09:32:05,67.05,583358,87,卖盘
43,09:32:08,67.05,858690,128,买盘
44,09:32:11,67.08,288305,43,卖盘
45,09:32:14,67.08,375589,56,买盘
46,09:32:17,67.15,764854,114,买盘
47,09:32:20,67.17,1000470,149,买盘
48,09:32:23,67.25,1518528,226,买盘
49,09:32:26,67.26,558137,83,买盘
50,09:32:29,67.26,1547047,230,卖盘
51,09:32:32,67.3,1224604,182,买盘
52,09:32:35,67.36,1097305,163,买盘
53,09:32:38,67.29,875455,130,卖盘
54,09:32:41,67.28,1306011,194,卖盘
55,09:32:44,67.3,1527443,227,买盘
56,09:32:47,67.25,693128,103,卖盘
57,09:32:50,67.25,3987180,594,卖盘
58,09:32:53,67.17,275533,41,中性盘
59,09:32:56,67.22,1458054,217,买盘
60,09:32:59,67.16,362695,54,中性盘
61,09:33:02,67.26,3268228,486,买盘
62,09:33:05,67.28,262424,39,中性盘
63,09:33:08,67.28,995264,148,中性盘
64,09:33:11,67.26,329684,49,卖盘
65,09:33:14,67.31,2053562,305,买盘
66,09:33:17,67.28,1875381,279,卖盘
67,09:33:20,67.29,430813,64,中性盘
68,09:33:23,67.34,2989998,444,买盘
69,09:33:26,67.34,1562491,232,卖盘
70,09:33:29,67.34,370361,55,买盘
71,09:33:32,67.35,356944,53,买盘
72,09:33:35,67.37,592897,88,买盘
73,09:33:38,67.4,1361245,202,买盘
74,09:33:41,67.4,1300825,193,买盘
75,09:33:44,67.45,350634,52,买盘
76,09:33:47,67.46,721742,107,买盘
77,09:33:50,67.47,1382767,205,买盘
78,09:33:53,67.45,688198,102,卖盘
79,09:33:56,67.4,3006157,446,卖盘
80,09:33:59,67.47,8672604,1286,买盘
81,09:34:02,67.36,754504,112,卖盘
82,09:34:05,67.35,134640,20,中性盘
83,09:34:08,67.28,451047,67,卖盘
84,09:34:11,67.28,168264,25,卖盘
85,09:34:14,67.27,572039,85,卖盘
86,09:34:17,67.25,33620,5,中性盘
87,09:34:20,67.22,174763,26,卖盘
88,09:34:23,67.25,443813,66,买盘
89,09:34:26,67.28,403698,60,买盘
90,09:34:29,67.3,430643,64,买盘
91,09:34:32,67.3,168183,25,买盘
92,09:34:35,67.3,114374,17,买盘
93,09:34:38,67.25,60519,9,买盘
94,09:34:41,67.2,450482,67,卖盘
95,09:34:44,67.26,1068964,159,买盘
96,09:34:47,67.16,4677069,696,卖盘
97,09:34:50,67.25,1047867,156,中性盘
98,09:34:53,67.25,537851,80,买盘
99,09:34:56,67.2,443785,66,中性盘
100,09:34:59,67.2,369468,55,买盘
101,09:35:02,67.17,631726,94,卖盘
102,09:35:05,67.18,174733,26,卖盘
103,09:35:08,67.22,524077,78,中性盘
104,09:35:11,67.2,584740,87,卖盘
105,09:35:14,67.18,302416,45,卖盘
106,09:35:17,67.19,114230,17,买盘
107,09:35:20,67.18,215024,32,卖盘
108,09:35:23,67.17,329158,49,卖盘
109,09:35:26,67.18,208240,31,买盘
110,09:35:29,67.15,510425,76,卖盘
111,09:35:32,67.17,1322254,197,买盘
112,09:35:35,67.05,40245,6,中性盘
113,09:35:38,67.05,107314,16,卖盘
114,09:35:41,67.05,67064,10,卖盘
115,09:35:44,67.0,3009382,449,卖盘
116,09:35:47,67.0,656564,98,买盘
117,09:35:50,66.99,2103670,314,中性盘
118,09:35:53,67.03,3805144,568,买盘
119,09:35:56,67.0,495846,74,卖盘
120,09:35:59,67.0,120619,18,卖盘
121,09:36:02,67.01,328333,49,买盘
122,09:36:05,67.01,1319984,197,买盘
123,09:36:08,67.01,616654,92,中性盘
124,09:36:11,67.05,80451,12,买盘
125,09:36:14,67.06,127439,19,卖盘
126,09:36:17,67.08,597168,89,买盘
127,09:36:20,67.09,429499,64,中性盘
128,09:36:23,67.11,778162,116,买盘
129,09:36:26,67.12,597339,89,买盘
130,09:36:29,67.16,456459,68,买盘
131,09:36:32,67.11,496620,74,卖盘
132,09:36:35,67.12,87253,13,买盘
133,09:36:38,67.15,67131,10,中性盘
134,09:36:41,67.14,880124,131,中性盘
135,09:36:44,67.14,114140,17,买盘
136,09:36:47,67.11,490078,73,卖盘
137,09:36:50,67.09,389305,58,卖盘
138,09:36:53,67.1,161021,24,买盘
139,09:36:56,67.06,717601,107,卖盘
140,09:36:59,67.01,1427928,213,卖盘
141,09:37:02,67.01,830978,124,买盘
142,09:37:05,66.99,160806,24,卖盘
143,09:37:08,66.99,167503,25,卖盘
144,09:37:11,67.01,348389,52,买盘
145,09:37:14,67.0,167481,25,买盘
146,09:37:17,67.0,201011,30,卖盘
147,09:37:20,67.01,1259564,188,买盘
148,09:37:23,67.0,361790,54,中性盘
149,09:37:26,67.0,556071,83,买盘
150,09:37:29,67.06,355196,53,买盘
151,09:37:32,67.08,107306,16,买盘
152,09:37:35,67.06,127463,19,卖盘
153,09:37:38,67.09,33541,5,买盘
154,09:37:41,67.06,301816,45,卖盘
155,09:37:44,67.11,275194,41,买盘
156,09:37:47,67.17,315615,47,买盘
157,09:37:50,67.14,73869,11,卖盘
158,09:37:53,67.17,127637,19,中性盘
159,09:37:56,67.17,47018,7,买盘
160,09:37:59,67.21,94061,14,买盘
161,09:38:02,67.18,403215,60,卖盘
162,09:38:05,67.17,174667,26,卖盘
163,09:38:08,67.21,221774,33,买盘
164,09:38:11,67.21,423382,63,买盘
165,09:38:14,67.21,168011,25,买盘
166,09:38:17,67.21,241964,36,卖盘
167,09:38:20,67.2,752806,112,卖盘
168,09:38:23,67.22,181482,27,买盘
169,09:38:26,67.23,174801,26,买盘
170,09:38:29,67.25,221866,33,买盘
171,09:38:32,67.25,262236,39,买盘
172,09:38:35,67.22,127741,19,卖盘
173,09:38:38,67.19,1606438,239,卖盘
174,09:38:41,67.16,1242632,185,卖盘
175,09:38:44,67.1,725334,108,卖盘
176,09:38:47,67.08,792022,118,卖盘
177,09:38:50,67.05,60373,9,卖盘
178,09:38:53,67.06,174413,26,中性盘
179,09:38:56,67.05,160942,24,卖盘
180,09:38:59,67.07,73738,11,买盘
181,09:39:02,67.0,1132520,169,卖盘
182,09:39:05,67.0,381865,57,买盘
183,09:39:08,66.98,73668,11,中性盘
184,09:39:11,66.95,40170,6,卖盘
185,09:39:14,66.88,227510,34,卖盘
186,09:39:17,66.88,193984,29,卖盘
187,09:39:20,66.88,60193,9,卖盘
188,09:39:23,66.87,635129,95,卖盘
189,09:39:26,66.87,153773,23,买盘
190,09:39:29,66.83,708233,106,卖盘
191,09:39:32,66.82,561268,84,中性盘
192,09:39:35,66.81,1042153,156,卖盘
193,09:39:38,66.81,313944,47,买盘
194,09:39:41,66.78,480890,72,卖盘
195,09:39:44,66.78,146906,22,买盘
196,09:39:47,66.76,433723,65,卖盘
197,09:39:50,66.73,53385,8,中性盘
198,09:39:53,66.73,487155,73,卖盘
199,09:39:56,66.8,948024,142,买盘
200,09:39:59,66.77,1575730,236,卖盘
201,09:40:02,66.8,46755,7,中性盘
202,09:40:05,66.78,80141,12,卖盘
203,09:40:08,66.79,133568,20,中性盘
204,09:40:11,66.79,580950,87,买盘
205,09:40:14,66.82,1482971,222,买盘
206,09:40:17,66.82,53460,8,卖盘
207,09:40:20,66.87,1604879,240,买盘
208,09:40:23,66.8,253937,38,卖盘
209,09:40:26,66.8,781604,117,卖盘
210,09:40:29,66.79,380744,57,卖盘
211,09:40:32,66.74,714480,107,卖盘
212,09:40:35,66.71,953936,143,卖盘
213,09:40:38,66.69,113333,17,中性盘
214,09:40:41,66.66,313315,47,卖盘
215,09:40:44,66.63,692994,104,卖盘
216,09:40:47,66.61,246561,37,卖盘
217,09:40:50,66.63,546261,82,卖盘
218,09:40:53,66.61,286483,43,卖盘
219,09:40:56,66.56,526033,79,卖盘
220,09:40:59,66.55,352725,53,卖盘
221,09:41:02,66.53,505764,76,卖盘
222,09:41:05,66.53,645379,97,卖盘
223,09:41:08,66.55,738566,111,买盘
224,09:41:11,66.51,2788579,419,卖盘
225,09:41:14,66.58,146487,22,卖盘
226,09:41:17,66.57,173087,26,卖盘
227,09:41:20,66.54,419286,63,卖盘
228,09:41:23,66.58,113174,17,买盘
229,09:41:26,66.57,732288,110,卖盘
230,09:41:29,66.56,406074,61,卖盘
231,09:41:32,66.56,219668,33,卖盘
232,09:41:35,66.56,193033,29,卖盘
233,09:41:38,66.56,193025,29,买盘
234,09:41:41,66.55,439257,66,卖盘
235,09:41:44,66.54,272846,41,卖盘
236,09:41:47,66.52,598750,90,卖盘
237,09:41:50,66.52,399081,60,买盘
238,09:41:53,66.53,179614,27,买盘
239,09:41:56,66.6,4692047,705,买盘
240,09:41:59,66.61,266413,40,买盘
241,09:42:02,66.6,226469,34,卖盘
242,09:42:05,66.64,3154804,474,买盘
243,09:42:08,66.61,439883,66,卖盘
244,09:42:11,66.62,146568,22,卖盘
245,09:42:14,66.62,339758,51,买盘
246,09:42:17,66.62,273118,41,买盘
247,09:42:20,66.62,59958,9,卖盘
248,09:42:23,66.66,193284,29,买盘
249,09:42:26,66.65,526541,79,卖盘
250,09:42:29,66.66,46670,7,卖盘
251,09:42:32,66.66,26665,4,卖盘
252,09:42:35,66.68,100005,15,买盘
253,09:42:38,66.68,113347,17,买盘
254,09:42:41,66.66,473318,71,卖盘
255,09:42:44,66.67,553332,83,买盘
256,09:42:47,66.66,286666,43,卖盘
257,09:42:50,66.66,266664,40,卖盘
258,09:42:53,66.67,60001,9,买盘
259,09:42:56,66.67,2412661,362,买盘
260,09:42:59,66.67,813354,122,卖盘
261,09:43:02,66.68,333355,50,买盘
262,09:43:05,66.67,286691,43,中性盘
263,09:43:08,66.68,760168,114,买盘
264,09:43:11,66.68,546780,82,卖盘
265,09:43:14,66.68,2066271,310,卖盘
266,09:43:17,66.67,139959,21,卖盘
267,09:43:20,66.68,253352,38,买盘
268,09:43:23,66.68,46676,7,卖盘
269,09:43:26,66.68,520118,78,卖盘
270,09:43:29,66.68,53341,8,买盘
271,09:43:32,66.67,86673,13,中性盘
272,09:43:35,66.62,726275,109,卖盘
273,09:43:38,66.62,732873,110,卖盘
274,09:43:41,66.62,366432,55,卖盘
275,09:43:44,66.61,1118970,168,卖盘
276,09:43:47,66.56,366193,55,卖盘
277,09:43:50,66.59,499274,75,中性盘
278,09:43:53,66.53,73186,11,卖盘
279,09:43:56,66.56,598886,90,卖盘
280,09:43:59,66.55,452543,68,卖盘
281,09:44:02,66.55,173019,26,买盘
282,09:44:05,66.55,372714,56,买盘
283,09:44:08,66.55,485697,73,卖盘
284,09:44:11,66.54,352669,53,卖盘
285,09:44:14,66.54,385900,58,买盘
286,09:44:17,66.53,106450,16,卖盘
287,09:44:20,66.56,545642,82,买盘
288,09:44:23,66.57,153097,23,买盘
289,09:44:26,66.54,392683,59,卖盘
290,09:44:29,66.54,199630,30,卖盘
291,09:44:32,66.54,146406,22,卖盘
292,09:44:35,66.56,725498,109,买盘
293,09:44:38,66.67,366432,55,买盘
294,09:44:41,66.68,73348,11,买盘
295,09:44:44,66.65,520017,78,卖盘
296,09:44:47,66.61,13322,2,卖盘
297,09:44:50,66.66,106604,16,中性盘
298,09:44:53,66.67,133270,20,买盘
299,09:44:56,66.6,906414,136,卖盘
300,09:44:59,66.6,33300,5,买盘
301,09:45:02,66.58,73241,11,卖盘
302,09:45:05,66.56,199702,30,卖盘
303,09:45:08,66.56,352769,53,买盘
304,09:45:11,66.55,565705,85,卖盘
305,09:45:14,66.56,226289,34,买盘
306,09:45:17,66.56,46597,7,卖盘
307,09:45:20,66.57,6657,1,买盘
308,09:45:23,66.57,392711,59,买盘
309,09:45:26,66.57,266254,40,买盘
310,09:45:29,66.57,765529,115,中性盘
311,09:45:32,66.58,19974,3,买盘
312,09:45:35,66.58,119842,18,买盘
313,09:45:38,66.56,392716,59,卖盘
314,09:45:41,66.57,259623,39,买盘
315,09:45:44,66.57,93198,14,卖盘
316,09:45:47,66.55,672211,101,卖盘
317,09:45:50,66.55,485832,73,卖盘
318,09:45:53,66.54,1736772,261,卖盘
319,09:45:56,66.51,651940,98,卖盘
320,09:45:59,66.51,638497,96,卖盘
321,09:46:02,66.5,1070969,161,卖盘
322,09:46:05,66.48,2240921,337,卖盘
323,09:46:08,66.49,1508800,227,中性盘
324,09:46:11,66.47,365537,55,买盘
325,09:46:14,66.44,112945,17,卖盘
326,09:46:17,66.45,1468162,221,买盘
327,09:46:20,66.43,743927,112,中性盘
328,09:46:23,66.41,444922,67,中性盘
329,09:46:26,66.45,876870,132,买盘
330,09:46:29,66.43,119580,18,中性盘
331,09:46:32,66.48,770944,116,买盘
332,09:46:35,66.4,299022,45,卖盘
333,09:46:38,66.48,119565,18,买盘
334,09:46:41,66.4,730473,110,卖盘
335,09:46:44,66.41,66408,10,中性盘
336,09:46:47,66.45,245742,37,买盘
337,09:46:50,66.41,53132,8,卖盘
338,09:46:53,66.41,46487,7,卖盘
339,09:46:56,66.45,850447,128,买盘
340,09:46:59,66.44,777083,117,中性盘
341,09:47:02,66.45,385411,58,买盘
342,09:47:05,66.49,1083541,163,买盘
343,09:47:08,66.45,584770,88,卖盘
344,09:47:11,66.49,804213,121,买盘
345,09:47:14,66.49,1395932,210,买盘
346,09:47:17,66.49,511870,77,卖盘
347,09:47:20,66.49,33246,5,卖盘
348,09:47:23,66.49,884317,133,卖盘
349,09:47:26,66.49,471912,71,买盘
350,09:47:29,66.49,750961,113,买盘
351,09:47:32,66.53,1064271,160,买盘
352,09:47:35,66.49,398906,60,卖盘
353,09:47:38,66.5,39912,6,卖盘
354,09:47:41,66.5,1071116,161,卖盘
355,09:47:44,66.5,206148,31,买盘
356,09:47:47,66.5,219449,33,买盘
357,09:47:50,66.5,232750,35,买盘
358,09:47:53,66.53,13306,2,买盘
359,09:47:56,66.52,352625,53,卖盘
360,09:47:59,66.52,172952,26,卖盘
361,09:48:02,66.49,1057288,159,卖盘
362,09:48:05,66.48,79773,12,中性盘
363,09:48:08,66.47,66476,10,卖盘
364,09:48:11,66.46,598092,90,卖盘
365,09:48:14,66.46,106333,16,买盘
366,09:48:17,66.46,33226,5,买盘
367,09:48:20,66.43,1587911,239,卖盘
368,09:48:23,66.4,1905932,287,卖盘
369,09:48:29,66.41,1872673,282,卖盘
370,09:48:32,66.43,3785040,570,买盘
371,09:48:35,66.43,929872,140,卖盘
372,09:48:38,66.43,79716,12,卖盘
373,09:48:41,66.41,498075,75,卖盘
374,09:48:44,66.36,4122661,621,卖盘
375,09:48:47,66.39,232375,35,中性盘
376,09:48:50,66.36,451228,68,卖盘
377,09:48:53,66.36,145997,22,买盘
378,09:48:56,66.36,424676,64,买盘
379,09:48:59,66.41,4747078,715,买盘
380,09:49:02,66.43,1866574,281,买盘
381,09:49:05,66.41,597871,90,卖盘
382,09:49:08,66.42,591218,89,中性盘
383,09:49:11,66.43,146154,22,卖盘
384,09:49:14,66.49,837045,126,买盘
385,09:49:17,66.5,352450,53,买盘
386,09:49:20,66.52,3746674,564,买盘
387,09:49:23,66.56,86510,13,中性盘
388,09:49:26,66.53,452403,68,卖盘
389,09:49:29,66.58,213007,32,买盘
390,09:49:32,66.64,146515,22,买盘
391,09:49:35,66.57,299603,45,卖盘
392,09:49:38,66.55,292895,44,卖盘
393,09:49:41,66.51,139738,21,卖盘
394,09:49:44,66.46,405739,61,卖盘
395,09:49:47,66.54,472339,71,买盘
396,09:49:50,66.5,206267,31,卖盘
397,09:49:53,66.55,46577,7,买盘
398,09:49:56,66.54,93151,14,卖盘
399,09:49:59,66.48,113062,17,卖盘
400,09:50:02,66.46,219405,33,卖盘
401,09:50:05,66.48,33232,5,中性盘
402,09:50:08,66.43,3866309,582,卖盘
403,09:50:11,66.42,597837,90,卖盘
404,09:50:14,66.4,126183,19,卖盘
405,09:50:17,66.39,458151,69,卖盘
406,09:50:20,66.32,1705223,257,卖盘
407,09:50:23,66.23,5999754,905,卖盘
408,09:50:26,66.23,410629,62,卖盘
409,09:50:29,66.18,675357,102,卖盘
410,09:50:32,66.17,615719,93,卖盘
411,09:50:35,66.22,271355,41,买盘
412,09:50:38,66.15,430132,65,卖盘
413,09:50:41,66.15,1223837,185,买盘
414,09:50:44,66.15,251399,38,卖盘
415,09:50:47,66.22,92708,14,买盘
416,09:50:50,66.25,242660,37,买盘
417,09:50:53,66.3,86161,13,买盘
418,09:50:56,66.28,550059,83,中性盘
419,09:50:59,66.32,364668,55,买盘
420,09:51:02,66.32,576997,87,卖盘
421,09:51:05,66.32,2559932,386,卖盘
422,09:51:08,66.39,557253,84,买盘
423,09:51:11,66.38,139276,21,中性盘
424,09:51:14,66.34,245453,37,买盘
425,09:51:17,66.34,46433,7,买盘
426,09:51:20,66.31,477599,72,卖盘
427,09:51:23,66.31,172426,26,卖盘
428,09:51:26,66.3,225463,34,卖盘
429,09:51:29,66.3,66297,10,买盘
430,09:51:32,66.28,391153,59,卖盘
431,09:51:35,66.3,72928,11,买盘
432,09:51:38,66.3,72930,11,买盘
433,09:51:41,66.3,397801,60,卖盘
434,09:51:44,66.28,125935,19,卖盘
435,09:51:47,66.28,59655,9,卖盘
436,09:51:50,66.28,318199,48,卖盘
437,09:51:53,66.31,271822,41,买盘
438,09:51:56,66.32,683075,103,买盘
439,09:51:59,66.32,517322,78,卖盘
440,09:52:02,66.33,19903,3,中性盘
441,09:52:05,66.34,26543,4,中性盘
442,09:52:08,66.37,139379,21,中性盘
443,09:52:11,66.38,19914,3,中性盘
444,09:52:14,66.37,152671,23,卖盘
445,09:52:17,66.37,139376,21,买盘
446,09:52:20,66.37,146002,22,买盘
447,09:52:23,66.32,6438005,971,卖盘
448,09:52:26,66.3,258605,39,中性盘
449,09:52:29,66.29,285068,43,卖盘
450,09:52:32,66.28,79541,12,卖盘
451,09:52:35,66.28,139189,21,卖盘
452,09:52:38,66.28,99407,15,买盘
453,09:52:41,66.26,397559,60,卖盘
454,09:52:44,66.24,622856,94,卖盘
455,09:52:47,66.26,231888,35,买盘
456,09:52:50,66.27,629527,95,买盘
457,09:52:53,66.28,19884,3,中性盘
458,09:52:56,66.29,517103,78,买盘
459,09:52:59,66.36,484010,73,买盘
460,09:53:02,66.36,139355,21,中性盘
461,09:53:05,66.4,179256,27,买盘
462,09:53:08,66.35,219099,33,卖盘
463,09:53:11,66.35,875650,132,买盘
464,09:53:14,66.39,444615,67,中性盘
465,09:53:17,66.4,278755,42,买盘
466,09:53:20,66.39,26553,4,中性盘
467,09:53:23,66.39,59745,9,买盘
468,09:53:26,66.36,484488,73,卖盘
469,09:53:29,66.36,112824,17,买盘
470,09:53:32,66.4,139439,21,买盘
471,09:53:35,66.4,783429,118,卖盘
472,09:53:38,66.36,491073,74,卖盘
473,09:53:41,66.39,418187,63,买盘
474,09:53:44,66.36,132720,20,卖盘
475,09:53:47,66.36,139356,21,买盘
476,09:53:50,66.36,139345,21,买盘
477,09:53:53,66.33,165888,25,卖盘
478,09:53:56,66.36,292066,44,买盘
479,09:53:59,66.3,338247,51,卖盘
480,09:54:02,66.31,106108,16,卖盘
481,09:54:05,66.32,152536,23,买盘
482,09:54:08,66.35,46429,7,买盘
483,09:54:11,66.34,26537,4,中性盘
484,09:54:14,66.32,66320,10,卖盘
485,09:54:17,66.32,119376,18,买盘
486,09:54:20,66.31,99467,15,卖盘
487,09:54:23,66.31,278528,42,买盘
488,09:54:26,66.32,265263,40,买盘
489,09:54:29,66.34,649989,98,买盘
490,09:54:32,66.36,165881,25,买盘
491,09:54:35,66.35,6635,1,卖盘
492,09:54:38,66.39,165975,25,买盘
493,09:54:41,66.39,676875,102,买盘
494,09:54:44,66.4,258952,39,买盘
495,09:54:47,66.4,205845,31,买盘
496,09:54:50,66.41,179291,27,卖盘
497,09:54:53,66.48,212572,32,买盘
498,09:54:56,66.4,278984,42,卖盘
499,09:54:59,66.4,345280,52,买盘
500,09:55:02,66.5,498046,75,买盘
501,09:55:05,66.39,39843,6,卖盘
502,09:55:08,66.38,292156,44,卖盘
503,09:55:11,66.39,79658,12,买盘
504,09:55:14,66.38,192521,29,卖盘
505,09:55:17,66.38,185860,28,买盘
506,09:55:20,66.38,106207,16,买盘
507,09:55:23,66.37,219050,33,卖盘
508,09:55:26,66.37,112840,17,卖盘
509,09:55:29,66.38,92934,14,买盘
510,09:55:32,66.4,311990,47,买盘
511,09:55:35,66.37,790186,119,卖盘
512,09:55:38,66.37,225665,34,卖盘
513,09:55:41,66.38,225762,34,中性盘
514,09:55:44,66.36,92906,14,卖盘
515,09:55:47,66.36,165905,25,卖盘
516,09:55:50,66.36,126089,19,卖盘
517,09:55:53,66.36,99549,15,卖盘
518,09:55:56,66.36,72998,11,卖盘
519,09:55:59,66.39,458042,69,买盘
520,09:56:02,66.38,73032,11,卖盘
521,09:56:05,66.38,192503,29,卖盘
522,09:56:08,66.36,570654,86,卖盘
523,09:56:11,66.37,132722,20,买盘
524,09:56:14,66.36,13271,2,买盘
525,09:56:17,66.37,152617,23,买盘
526,09:56:20,66.36,46451,7,卖盘
527,09:56:23,66.36,106146,16,卖盘
528,09:56:26,66.33,185748,28,卖盘
529,09:56:29,66.33,577267,87,卖盘
530,09:56:32,66.35,152559,23,买盘
531,09:56:35,66.35,6635,1,中性盘
532,09:56:38,66.39,2216257,334,买盘
533,09:56:41,66.36,285368,43,卖盘
534,09:56:44,66.4,431468,65,买盘
535,09:56:47,66.36,165907,25,卖盘
536,09:56:50,66.36,53070,8,中性盘
537,09:56:53,66.34,225574,34,卖盘
538,09:56:56,66.37,2515307,379,买盘
539,09:56:59,66.32,19906,3,卖盘
540,09:57:02,66.34,86269,13,卖盘
541,09:57:05,66.31,397938,60,卖盘
542,09:57:08,66.28,4647891,701,卖盘
543,09:57:11,66.28,119313,18,卖盘
544,09:57:14,66.26,1351966,204,卖盘
545,09:57:17,66.27,291546,44,买盘
546,09:57:20,66.28,868222,131,买盘
547,09:57:23,66.28,72898,11,买盘
548,09:57:26,66.26,987262,149,卖盘
549,09:57:29,66.26,6626,1,买盘
550,09:57:32,66.26,384299,58,买盘
551,09:57:35,66.25,86126,13,卖盘
552,09:57:38,66.25,576373,87,卖盘
553,09:57:41,66.24,629367,95,卖盘
554,09:57:44,66.23,516611,78,卖盘
555,09:57:47,66.24,178847,27,买盘
556,09:57:50,66.25,854383,129,买盘
557,09:57:53,66.28,390950,59,买盘
558,09:57:56,66.28,265079,40,卖盘
559,09:57:59,66.15,6407655,968,卖盘
560,09:58:02,66.26,19878,3,中性盘
561,09:58:05,66.34,72931,11,买盘
562,09:58:08,66.25,66254,10,卖盘
563,09:58:11,66.26,39758,6,中性盘
564,09:58:14,66.24,2214671,334,卖盘
565,09:58:17,66.23,298035,45,卖盘
566,09:58:20,66.25,377582,57,买盘
567,09:58:23,66.26,510146,77,买盘
568,09:58:26,66.26,265020,40,买盘
569,09:58:29,66.26,596458,90,卖盘
570,09:58:32,66.3,2035406,307,中性盘
571,09:58:35,66.28,304942,46,中性盘
572,09:58:38,66.29,125898,19,中性盘
573,09:58:41,66.25,1570353,237,卖盘
574,09:58:44,66.22,2047108,309,卖盘
575,09:58:47,66.23,211875,32,中性盘
576,09:58:50,66.2,52970,8,卖盘
577,09:58:53,66.22,178797,27,中性盘
578,09:58:56,66.23,847516,128,买盘
579,09:58:59,66.23,6623,1,卖盘
580,09:59:02,66.23,1477130,223,卖盘
581,09:59:05,66.23,39738,6,卖盘
582,09:59:08,66.25,616120,93,买盘
583,09:59:11,66.25,6625,1,卖盘
584,09:59:14,66.23,1570099,237,卖盘
585,09:59:17,66.22,3590191,542,卖盘
586,09:59:20,66.21,39726,6,卖盘
587,09:59:23,66.22,364150,55,买盘
588,09:59:26,66.2,1092450,165,卖盘
589,09:59:29,66.18,198564,30,卖盘
590,09:59:32,66.19,92662,14,买盘
591,09:59:35,66.17,19851,3,买盘
592,09:59:38,66.16,555768,84,卖盘
593,09:59:41,66.22,1542373,233,买盘
594,09:59:44,66.16,59551,9,卖盘
595,09:59:47,66.17,469771,71,买盘
596,09:59:50,66.16,158778,24,中性盘
597,09:59:53,66.16,112465,17,买盘
598,09:59:56,66.17,509520,77,买盘
599,09:59:59,66.17,33091,5,卖盘
600,10:00:02,66.22,364172,55,买盘
601,10:00:05,66.24,79468,12,中性盘
602,10:00:08,66.22,205282,31,卖盘
603,10:00:11,66.22,576118,87,卖盘
604,10:00:14,66.25,165579,25,买盘
605,10:00:17,66.25,46375,7,买盘
606,10:00:20,66.24,317966,48,卖盘
607,10:00:23,66.28,192120,29,买盘
608,10:00:26,66.24,119249,18,卖盘
609,10:00:29,66.24,443808,67,卖盘
610,10:00:32,66.23,1543383,233,卖盘
611,10:00:35,66.23,165565,25,买盘
612,10:00:38,66.23,337809,51,买盘
613,10:00:41,66.22,827879,125,卖盘
614,10:00:44,66.24,39741,6,买盘
615,10:00:47,66.24,26493,4,买盘
616,10:00:50,66.23,152330,23,卖盘
617,10:00:53,66.23,245051,37,卖盘
618,10:00:56,66.25,337779,51,买盘
619,10:00:59,66.24,245092,37,卖盘
620,10:01:02,66.24,13246,2,买盘
621,10:01:05,66.22,688691,104,卖盘
622,10:01:11,66.17,178720,27,卖盘
623,10:01:14,66.17,238215,36,卖盘
624,10:01:17,66.17,324250,49,卖盘
625,10:01:20,66.17,225009,34,卖盘
626,10:01:23,66.17,430108,65,卖盘
627,10:01:26,66.17,1475584,223,卖盘
628,10:01:29,66.17,39701,6,买盘
629,10:01:32,66.16,158801,24,卖盘
630,10:01:35,66.15,357256,54,卖盘
631,10:01:38,66.16,39696,6,买盘
632,10:01:41,66.15,721082,109,卖盘
633,10:01:44,66.15,165381,25,卖盘
634,10:01:47,66.15,396908,60,卖盘
635,10:01:50,66.16,132304,20,买盘
636,10:01:53,66.15,383670,58,卖盘
637,10:01:56,66.16,396902,60,买盘
638,10:01:59,66.15,72766,11,卖盘
639,10:02:02,66.16,145526,22,买盘
640,10:02:05,66.15,350509,53,买盘
641,10:02:08,66.16,238136,36,买盘
642,10:02:11,66.14,178601,27,卖盘
643,10:02:14,66.12,740704,112,卖盘
644,10:02:17,66.13,205011,31,中性盘
645,10:02:20,66.12,429789,65,卖盘
646,10:02:23,66.16,939318,142,买盘
647,10:02:26,66.16,774220,117,卖盘
648,10:02:29,66.15,575507,87,卖盘
649,10:02:32,66.17,79410,12,中性盘
650,10:02:35,66.17,72793,11,卖盘
651,10:02:38,66.17,125718,19,卖盘
652,10:02:41,66.15,456495,69,卖盘
653,10:02:44,66.19,39714,6,中性盘
654,10:02:47,66.16,92631,14,卖盘
655,10:02:50,66.18,92674,14,中性盘
656,10:02:53,66.19,39720,6,中性盘
657,10:02:56,66.2,304421,46,中性盘
658,10:02:59,66.18,231662,35,卖盘
659,10:03:02,66.18,46326,7,卖盘
660,10:03:05,66.19,178699,27,买盘
661,10:03:08,66.16,350720,53,卖盘
662,10:03:11,66.18,33092,5,买盘
663,10:03:14,66.17,397086,60,卖盘
664,10:03:17,66.17,125716,19,买盘
665,10:03:20,66.17,165418,25,买盘
666,10:03:23,66.17,132332,20,买盘
667,10:03:26,66.17,72787,11,卖盘
668,10:03:29,66.17,13234,2,买盘
669,10:03:32,66.16,317601,48,卖盘
670,10:03:35,66.17,218339,33,买盘
671,10:03:38,66.16,39696,6,卖盘
672,10:03:41,66.17,383765,58,买盘
673,10:03:44,66.16,602074,91,卖盘
674,10:03:47,66.17,648638,98,卖盘
675,10:03:50,66.17,158808,24,卖盘
676,10:03:53,66.19,72799,11,买盘
677,10:03:56,66.17,185331,28,卖盘
678,10:03:59,66.17,33088,5,卖盘
679,10:04:02,66.16,132349,20,卖盘
680,10:04:05,66.19,781007,118,买盘
681,10:04:08,66.19,33092,5,买盘
682,10:04:11,66.16,1481983,224,卖盘
683,10:04:14,66.15,774263,117,卖盘
684,10:04:17,66.16,79414,12,中性盘
685,10:04:20,66.15,105846,16,卖盘
686,10:04:23,66.16,33080,5,买盘
687,10:04:26,66.15,403525,61,卖盘
688,10:04:29,66.15,52920,8,买盘
689,10:04:32,66.14,178594,27,卖盘
690,10:04:35,66.16,6616,1,卖盘
691,10:04:38,66.2,172063,26,买盘
692,10:04:41,66.17,172077,26,卖盘
693,10:04:44,66.17,344098,52,卖盘
694,10:04:47,66.21,191912,29,买盘
695,10:04:50,66.21,46345,7,买盘
696,10:04:53,66.21,46347,7,买盘
697,10:04:56,66.22,99324,15,买盘
698,10:04:59,66.19,172140,26,卖盘
699,10:05:02,66.22,681950,103,买盘
700,10:05:05,66.19,350818,53,卖盘
701,10:05:08,66.19,211808,32,买盘
702,10:05:11,66.18,562602,85,卖盘
703,10:05:14,66.19,46345,7,中性盘
704,10:05:17,66.19,132423,20,卖盘
705,10:05:20,66.23,403928,61,买盘
706,10:05:23,66.19,291346,44,卖盘
707,10:05:26,66.21,39733,6,中性盘
708,10:05:29,66.23,364126,55,买盘
709,10:05:32,66.23,59602,9,买盘
710,10:05:35,66.23,172182,26,买盘
711,10:05:38,66.23,284789,43,买盘
712,10:05:41,66.23,33116,5,卖盘
713,10:05:44,66.23,52979,8,买盘
714,10:05:47,66.23,291314,44,买盘
715,10:05:50,66.21,92702,14,中性盘
716,10:05:53,66.23,13246,2,买盘
717,10:05:56,66.23,225182,34,卖盘
718,10:05:59,66.23,6623,1,卖盘
719,10:06:02,66.23,139089,21,卖盘
720,10:06:05,66.3,1034185,156,买盘
721,10:06:08,66.25,33134,5,卖盘
722,10:06:11,66.26,178942,27,中性盘
723,10:06:14,66.25,198745,30,卖盘
724,10:06:17,66.25,99365,15,买盘
725,10:06:20,66.24,198735,30,卖盘
726,10:06:23,66.23,901084,136,卖盘
727,10:06:26,66.23,662372,100,卖盘
728,10:06:29,66.22,198685,30,卖盘
729,10:06:32,66.23,165566,25,买盘
730,10:06:35,66.23,105967,16,买盘
731,10:06:38,66.2,158910,24,卖盘
732,10:06:41,66.21,211843,32,中性盘
733,10:06:44,66.19,721385,109,卖盘
734,10:06:47,66.16,92640,14,卖盘
735,10:06:50,66.16,211712,32,卖盘
736,10:06:53,66.15,297684,45,卖盘
737,10:06:56,66.16,304321,46,买盘
738,10:06:59,66.15,1462057,221,卖盘
739,10:07:02,66.15,271215,41,买盘
740,10:07:05,66.16,5781529,874,买盘
741,10:07:08,66.17,13236,2,中性盘
742,10:07:11,66.16,191864,29,卖盘
743,10:07:14,66.16,575570,87,买盘
744,10:07:17,66.16,132320,20,买盘
745,10:07:20,66.18,99278,15,中性盘
746,10:07:23,66.17,119118,18,卖盘
747,10:07:26,66.19,225032,34,买盘
748,10:07:29,66.18,562425,85,买盘
749,10:07:32,66.19,569230,86,买盘
750,10:07:35,66.17,973234,147,卖盘
751,10:07:38,66.25,39750,6,买盘
752,10:07:41,66.25,66250,10,卖盘
753,10:07:44,66.19,145674,22,卖盘
754,10:07:47,66.25,39750,6,买盘
755,10:07:50,66.23,46365,7,卖盘
756,10:07:53,66.23,437147,66,卖盘
757,10:07:56,66.26,72871,11,中性盘
758,10:07:59,66.22,39739,6,卖盘
759,10:08:02,66.26,225216,34,买盘
760,10:08:05,66.23,6623,1,卖盘
761,10:08:08,66.25,46367,7,买盘
762,10:08:11,66.23,225183,34,卖盘
763,10:08:14,66.24,152328,23,买盘
764,10:08:17,66.24,105977,16,买盘
765,10:08:20,66.27,284837,43,买盘
766,10:08:23,66.29,66276,10,买盘
767,10:08:26,66.28,178957,27,卖盘
768,10:08:29,66.28,86164,13,买盘
769,10:08:32,66.28,185584,28,买盘
770,10:08:35,66.28,536922,81,买盘
771,10:08:38,66.28,371160,56,卖盘
772,10:08:41,66.25,788879,119,卖盘
773,10:08:44,66.26,205425,31,卖盘
774,10:08:47,66.26,53008,8,买盘
775,10:08:50,66.26,258414,39,买盘
776,10:08:56,66.27,46392,7,卖盘
777,10:08:59,66.27,33134,5,买盘
778,10:09:02,66.26,450607,68,卖盘
779,10:09:05,66.26,59635,9,卖盘
780,10:09:08,66.25,390952,59,卖盘
781,10:09:11,66.25,112640,17,卖盘
782,10:09:14,66.24,152365,23,卖盘
783,10:09:17,66.25,311354,47,买盘
784,10:09:20,66.26,159001,24,买盘
785,10:09:23,66.26,331300,50,买盘
786,10:09:26,66.26,19878,3,买盘
787,10:09:29,66.26,324635,49,买盘
788,10:09:32,66.26,516835,78,卖盘
789,10:09:35,66.29,13257,2,买盘
790,10:09:38,66.32,19893,3,买盘
791,10:09:41,66.32,33156,5,买盘
792,10:09:44,66.28,205503,31,卖盘
793,10:09:47,66.29,26516,4,中性盘
794,10:09:50,66.3,26520,4,买盘
795,10:09:53,66.27,192216,29,卖盘
796,10:09:56,66.27,26509,4,卖盘
797,10:09:59,66.27,152441,23,卖盘
798,10:10:02,66.25,881272,133,卖盘
799,10:10:05,66.25,46370,7,买盘
800,10:10:08,66.25,105987,16,买盘
801,10:10:11,66.24,271629,41,卖盘
802,10:10:14,66.25,26502,4,卖盘
803,10:10:17,66.26,6626,1,买盘
804,10:10:20,66.25,13250,2,卖盘
805,10:10:26,66.29,13258,2,买盘
806,10:10:29,66.29,66293,10,买盘
807,10:10:32,66.29,72918,11,买盘
808,10:10:35,66.27,132544,20,卖盘
809,10:10:38,66.29,251821,38,买盘
810,10:10:41,66.29,337887,51,买盘
811,10:10:44,66.29,112693,17,买盘
812,10:10:47,66.29,79548,12,买盘
813,10:10:50,66.29,198811,30,买盘
814,10:10:53,66.3,225338,34,买盘
815,10:10:59,66.3,39778,6,买盘
816,10:11:02,66.33,39794,6,买盘
817,10:11:05,66.34,139238,21,买盘
818,10:11:08,66.38,690012,104,买盘
819,10:11:11,66.38,13278,2,卖盘
820,10:11:14,66.36,72996,11,卖盘
821,10:11:17,66.34,172537,26,卖盘
822,10:11:20,66.33,1042081,157,卖盘
823,10:11:23,66.35,6635,1,中性盘
824,10:11:26,66.33,126027,19,卖盘
825,10:11:29,66.32,99486,15,卖盘
826,10:11:32,66.29,86187,13,卖盘
827,10:11:35,66.3,417639,63,买盘
828,10:11:38,66.27,159094,24,卖盘
829,10:11:41,66.26,198815,30,卖盘
830,10:11:44,66.26,231909,35,卖盘
831,10:11:47,66.26,788388,119,买盘
832,10:11:50,66.27,139147,21,买盘
833,10:11:53,66.27,119269,18,买盘
834,10:11:56,66.25,457190,69,卖盘
835,10:11:59,66.26,26504,4,买盘
836,10:12:02,66.26,79510,12,买盘
837,10:12:05,66.25,450503,68,卖盘
838,10:12:08,66.25,1026634,155,卖盘
839,10:12:11,66.21,754862,114,卖盘
840,10:12:14,66.21,33113,5,买盘
841,10:12:17,66.23,13246,2,买盘
842,10:12:20,66.23,112591,17,买盘
843,10:12:23,66.24,39747,6,中性盘
844,10:12:26,66.23,476908,72,卖盘
845,10:12:29,66.24,72864,11,中性盘
846,10:12:32,66.24,99369,15,卖盘
847,10:12:35,66.27,1198816,181,中性盘
848,10:12:38,66.29,13258,2,中性盘
849,10:12:41,66.27,125913,19,卖盘
850,10:12:44,66.27,6627,1,买盘
851,10:12:47,66.27,92778,14,买盘
852,10:12:50,66.27,324721,49,买盘
853,10:12:53,66.26,172276,26,卖盘
854,10:12:56,66.25,152384,23,卖盘
855,10:12:59,66.25,6625,1,买盘
856,10:13:02,66.26,145751,22,买盘
857,10:13:05,66.26,125892,19,买盘
858,10:13:08,66.26,6626,1,买盘
859,10:13:14,66.26,13252,2,卖盘
860,10:13:17,66.25,46383,7,卖盘
861,10:13:23,66.23,993679,150,卖盘
862,10:13:26,66.2,2742066,414,卖盘
863,10:13:29,66.21,13242,2,中性盘
864,10:13:32,66.22,529730,80,买盘
865,10:13:35,66.25,278217,42,买盘
866,10:13:38,66.21,589508,89,卖盘
867,10:13:41,66.21,721700,109,卖盘
868,10:13:44,66.26,616030,93,买盘
869,10:13:47,66.21,13242,2,卖盘
870,10:13:50,66.22,26492,4,中性盘
871,10:13:53,66.21,152291,23,卖盘
872,10:13:56,66.22,324517,49,卖盘
873,10:13:59,66.25,66250,10,卖盘
874,10:14:02,66.25,59627,9,卖盘
875,10:14:05,66.26,119268,18,买盘
876,10:14:08,66.25,39751,6,卖盘
877,10:14:11,66.21,675504,102,卖盘
878,10:14:14,66.22,105954,16,卖盘
879,10:14:17,66.23,52984,8,中性盘
880,10:14:20,66.25,13249,2,买盘
881,10:14:23,66.25,13250,2,买盘
882,10:14:26,66.24,33116,5,中性盘
883,10:14:29,66.23,6623,1,中性盘
884,10:14:32,66.21,754803,114,卖盘
885,10:14:35,66.21,185370,28,买盘
886,10:14:38,66.21,258224,39,卖盘
887,10:14:41,66.21,317811,48,卖盘
888,10:14:44,66.21,165525,25,买盘
889,10:14:47,66.22,46349,7,买盘
890,10:14:50,66.22,39732,6,买盘
891,10:14:53,66.21,211897,32,卖盘
892,10:14:56,66.22,6622,1,卖盘
893,10:14:59,66.23,39738,6,中性盘
894,10:15:02,66.27,6627,1,中性盘
895,10:15:05,66.23,33121,5,卖盘
896,10:15:11,66.25,6625,1,中性盘
897,10:15:14,66.24,99361,15,卖盘
898,10:15:17,66.24,145728,22,买盘
899,10:15:20,66.23,19871,3,卖盘
900,10:15:23,66.23,112594,17,卖盘
901,10:15:26,66.22,92721,14,卖盘
902,10:15:29,66.23,410578,62,买盘
903,10:15:32,66.23,26492,4,买盘
904,10:15:35,66.23,33113,5,买盘
905,10:15:38,66.23,165551,25,买盘
906,10:15:44,66.23,211903,32,买盘
907,10:15:47,66.22,79468,12,买盘
908,10:15:50,66.22,6622,1,买盘
909,10:15:53,66.23,13246,2,买盘
910,10:15:56,66.23,622420,94,买盘
911,10:15:59,66.22,271502,41,卖盘
912,10:16:02,66.22,72841,11,买盘
913,10:16:05,66.22,238391,36,买盘
914,10:16:08,66.23,46361,7,买盘
915,10:16:11,66.23,6623,1,买盘
916,10:16:14,66.24,543030,82,买盘
917,10:16:17,66.22,59618,9,卖盘
918,10:16:20,66.22,19866,3,卖盘
919,10:16:23,66.22,225155,34,卖盘
920,10:16:26,66.24,6624,1,买盘
921,10:16:32,66.25,13250,2,买盘
922,10:16:35,66.22,331102,50,卖盘
923,10:16:38,66.25,6625,1,买盘
924,10:16:41,66.24,46362,7,买盘
925,10:16:44,66.23,443791,67,卖盘
926,10:16:47,66.23,86099,13,买盘
927,10:16:53,66.23,19869,3,买盘
928,10:16:56,66.23,39738,6,买盘
929,10:16:59,66.22,337726,51,卖盘
930,10:17:05,66.22,13244,2,买盘
931,10:17:08,66.22,622467,94,买盘
932,10:17:11,66.22,1827820,276,买盘
933,10:17:14,66.28,59647,9,买盘
934,10:17:17,66.3,19888,3,买盘
935,10:17:20,66.31,6631,1,买盘
936,10:17:23,66.29,72922,11,卖盘
937,10:17:26,66.28,59652,9,卖盘
938,10:17:29,66.28,377588,57,买盘
939,10:17:32,66.28,46390,7,买盘
940,10:17:35,66.28,39767,6,买盘
941,10:17:41,66.28,145816,22,买盘
942,10:17:44,66.26,178910,27,卖盘
943,10:17:47,66.25,218654,33,卖盘
944,10:17:50,66.26,66260,10,买盘
945,10:17:53,66.25,66253,10,卖盘
946,10:17:56,66.25,106004,16,买盘
947,10:17:59,66.23,79476,12,卖盘
948,10:18:02,66.25,92726,14,买盘
949,10:18:05,66.25,52996,8,买盘
950,10:18:08,66.24,26496,4,卖盘
951,10:18:11,66.26,1755134,265,买盘
952,10:18:14,66.2,1132020,171,卖盘
953,10:18:17,66.19,112544,17,卖盘
954,10:18:20,66.19,357398,54,卖盘
955,10:18:23,66.19,205165,31,买盘
956,10:18:26,66.18,59559,9,中性盘
957,10:18:29,66.16,377165,57,卖盘
958,10:18:32,66.17,52930,8,买盘
959,10:18:35,66.16,258062,39,卖盘
960,10:18:38,66.13,2507023,379,卖盘
961,10:18:41,66.12,1262897,191,卖盘
962,10:18:44,66.1,1249539,189,卖盘
963,10:18:47,66.1,813035,123,卖盘
964,10:18:50,66.09,112363,17,卖盘
965,10:18:53,66.09,859368,130,卖盘
966,10:18:56,66.09,6609,1,买盘
967,10:18:59,66.08,786324,119,卖盘
968,10:19:02,66.06,244457,37,卖盘
969,10:19:05,66.08,204838,31,买盘
970,10:19:08,66.08,964486,146,买盘
971,10:19:11,66.06,237850,36,卖盘
972,10:19:14,66.06,1704395,258,卖盘
973,10:19:17,66.06,13212,2,买盘
974,10:19:20,66.09,1737713,263,买盘
975,10:19:23,66.09,26437,4,卖盘
976,10:19:26,66.09,125576,19,卖盘
977,10:19:29,66.09,4348705,658,卖盘
978,10:19:32,66.1,39661,6,卖盘
979,10:19:35,66.19,2017579,305,买盘
980,10:19:38,66.15,502743,76,卖盘
981,10:19:41,66.22,2826639,427,买盘
982,10:19:44,66.21,52969,8,卖盘
983,10:19:47,66.19,52930,8,中性盘
984,10:19:50,66.2,39714,6,中性盘
985,10:19:53,66.17,165374,25,卖盘
986,10:19:56,66.17,19854,3,卖盘
987,10:19:59,66.2,317636,48,买盘
988,10:20:02,66.2,19872,3,卖盘
989,10:20:05,66.2,264806,40,卖盘
990,10:20:08,66.2,72820,11,卖盘
991,10:20:11,66.2,1707966,258,卖盘
992,10:20:14,66.2,291281,44,卖盘
993,10:20:17,66.2,1416680,214,卖盘
994,10:20:20,66.2,46340,7,买盘
995,10:20:26,66.19,99285,15,卖盘
996,10:20:29,66.19,52952,8,买盘
997,10:20:32,66.18,33092,5,卖盘
998,10:20:35,66.16,125724,19,卖盘
999,10:20:38,66.14,6614,1,卖盘
1000,10:20:41,66.17,6617,1,中性盘
1001,10:20:44,66.14,26459,4,卖盘
1002,10:20:47,66.15,337351,51,买盘
1003,10:20:50,66.18,6618,1,买盘
1004,10:20:53,66.15,363832,55,卖盘
1005,10:20:56,66.17,304298,46,买盘
1006,10:20:59,66.17,33085,5,买盘
1007,10:21:02,66.14,92627,14,卖盘
1008,10:21:08,66.16,6616,1,买盘
1009,10:21:11,66.14,105824,16,卖盘
1010,10:21:14,66.14,337314,51,卖盘
1011,10:21:17,66.14,171964,26,卖盘
1012,10:21:20,66.14,19842,3,卖盘
1013,10:21:23,66.16,33077,5,买盘
1014,10:21:26,66.14,271176,41,卖盘
1015,10:21:29,66.14,284407,43,卖盘
1016,10:21:32,66.14,145522,22,卖盘
1017,10:21:35,66.14,469598,71,卖盘
1018,10:21:38,66.14,19842,3,卖盘
1019,10:21:41,66.14,19842,3,卖盘
1020,10:21:44,66.14,476208,72,卖盘
1021,10:21:47,66.13,2109559,319,卖盘
1022,10:21:50,66.13,429831,65,买盘
1023,10:21:53,66.11,99179,15,卖盘
1024,10:21:56,66.12,165295,25,买盘
1025,10:21:59,66.1,152049,23,卖盘
1026,10:22:02,66.11,26443,4,买盘
1027,10:22:05,66.07,779814,118,卖盘
1028,10:22:08,66.06,191585,29,卖盘
1029,10:22:11,66.06,231211,35,卖盘
1030,10:22:14,66.05,515431,78,卖盘
1031,10:22:17,66.08,700378,106,买盘
1032,10:22:20,66.08,165200,25,卖盘
1033,10:22:23,66.08,79298,12,卖盘
1034,10:22:26,66.08,482389,73,卖盘
1035,10:22:29,66.07,1407496,213,卖盘
1036,10:22:32,66.05,33027,5,卖盘
1037,10:22:35,66.05,66050,10,卖盘
1038,10:22:41,66.04,303791,46,卖盘
1039,10:22:44,66.04,118882,18,卖盘
1040,10:22:47,66.04,92459,14,卖盘
1041,10:22:50,66.04,66042,10,卖盘
1042,10:22:53,66.04,85850,13,卖盘
1043,10:22:56,66.03,19810,3,卖盘
1044,10:22:59,66.04,660369,100,买盘
1045,10:23:02,66.04,204732,31,卖盘
1046,10:23:05,66.05,383089,58,买盘
1047,10:23:08,66.05,85867,13,卖盘
1048,10:23:11,66.05,26420,4,卖盘
1049,10:23:14,66.05,184937,28,卖盘
1050,10:23:20,66.03,270760,41,卖盘
1051,10:23:23,66.02,1551648,235,卖盘
1052,10:23:26,66.04,1016783,154,买盘
1053,10:23:29,66.04,270684,41,买盘
1054,10:23:32,66.02,514906,78,买盘
1055,10:23:35,66.02,85825,13,买盘
1056,10:23:38,66.02,151830,23,买盘
1057,10:23:41,66.03,19808,3,买盘
1058,10:23:44,66.02,323495,49,卖盘
1059,10:23:47,66.02,138643,21,买盘
1060,10:23:50,66.05,39628,6,买盘
1061,10:23:53,66.04,72638,11,卖盘
1062,10:23:56,66.03,125458,19,卖盘
1063,10:23:59,66.03,429189,65,买盘
1064,10:24:02,66.03,26411,4,中性盘
1065,10:24:05,66.03,46222,7,卖盘
1066,10:24:08,66.03,66027,10,买盘
1067,10:24:11,66.05,468897,71,买盘
1068,10:24:14,66.02,548043,83,卖盘
1069,10:24:17,66.06,601145,91,买盘
1070,10:24:20,66.07,6607,1,中性盘
1071,10:24:23,66.1,264307,40,买盘
1072,10:24:26,66.1,19824,3,买盘
1073,10:24:29,66.13,416390,63,买盘
1074,10:24:32,66.13,79356,12,买盘
1075,10:24:35,66.15,39690,6,买盘
1076,10:24:38,66.15,6615,1,买盘
1077,10:24:41,66.15,13229,2,买盘
1078,10:24:44,66.14,33070,5,买盘
1079,10:24:47,66.12,641496,97,卖盘
1080,10:24:50,66.12,158706,24,卖盘
1081,10:24:53,66.12,66120,10,卖盘
1082,10:24:56,66.12,46284,7,卖盘
1083,10:24:59,66.12,85956,13,买盘
1084,10:25:02,66.12,39670,6,买盘
1085,10:25:05,66.12,92562,14,买盘
1086,10:25:08,66.11,59499,9,卖盘
1087,10:25:11,66.11,105764,16,买盘
1088,10:25:14,66.1,204916,31,卖盘
1089,10:25:17,66.1,52878,8,买盘
1090,10:25:20,66.09,46265,7,卖盘
1091,10:25:23,66.09,13218,2,卖盘
1092,10:25:26,66.08,39650,6,卖盘
1093,10:25:29,66.07,33035,5,卖盘
1094,10:25:32,66.1,396494,60,买盘
1095,10:25:35,66.08,138782,21,卖盘
1096,10:25:38,66.1,39652,6,卖盘
1097,10:25:41,66.14,852865,129,买盘
1098,10:25:44,66.14,6614,1,卖盘
1099,10:25:47,66.15,13230,2,中性盘
1100,10:25:50,66.14,19842,3,卖盘
1101,10:25:53,66.16,66154,10,买盘
1102,10:25:56,66.14,66143,10,卖盘
1103,10:25:59,66.18,542445,82,买盘
1104,10:26:02,66.16,26463,4,买盘
1105,10:26:05,66.16,132310,20,买盘
1106,10:26:08,66.15,119073,18,卖盘
1107,10:26:11,66.11,271178,41,卖盘
1108,10:26:14,66.15,13230,2,卖盘
1109,10:26:17,66.11,132220,20,卖盘
1110,10:26:20,66.12,304146,46,买盘
1111,10:26:23,66.12,33060,5,卖盘
1112,10:26:26,66.15,165295,25,买盘
1113,10:26:29,66.12,33060,5,卖盘
1114,10:26:32,66.14,112432,17,买盘
1115,10:26:35,66.13,165343,25,卖盘
1116,10:26:38,66.14,52912,8,买盘
1117,10:26:41,66.14,376948,57,买盘
1118,10:26:44,66.14,257946,39,卖盘
1119,10:26:50,66.13,6613,1,买盘
1120,10:26:53,66.12,52896,8,卖盘
1121,10:26:56,66.12,52896,8,卖盘
1122,10:26:59,66.12,204948,31,买盘
1123,10:27:02,66.1,257790,39,卖盘
1124,10:27:05,66.1,118989,18,卖盘
1125,10:27:08,66.11,59492,9,买盘
1126,10:27:11,66.1,310670,47,卖盘
1127,10:27:14,66.1,99150,15,卖盘
1128,10:27:17,66.11,52885,8,买盘
1129,10:27:20,66.11,33055,5,买盘
1130,10:27:23,66.1,112371,17,卖盘
1131,10:27:26,66.09,284213,43,卖盘
1132,10:27:29,66.09,125567,19,买盘
1133,10:27:32,66.09,13218,2,买盘
1134,10:27:35,66.09,6609,1,买盘
1135,10:27:38,66.09,79301,12,买盘
1136,10:27:41,66.1,6610,1,买盘
1137,10:27:44,66.08,132161,20,卖盘
1138,10:27:47,66.09,343628,52,买盘
1139,10:27:50,66.06,660707,100,卖盘
1140,10:27:53,66.08,6608,1,买盘
1141,10:27:56,66.06,112308,17,卖盘
1142,10:27:59,66.08,270852,41,买盘
1143,10:28:02,66.07,39643,6,中性盘
1144,10:28:05,66.07,145356,22,卖盘
1145,10:28:08,66.06,277481,42,卖盘
1146,10:28:11,66.06,237821,36,卖盘
1147,10:28:14,66.05,211401,32,卖盘
1148,10:28:17,66.05,6605,1,卖盘
1149,10:28:20,66.05,39630,6,卖盘
1150,10:28:23,66.05,191548,29,卖盘
1151,10:28:26,66.05,92470,14,卖盘
1152,10:28:29,66.04,224561,34,卖盘
1153,10:28:32,66.06,290635,44,买盘
1154,10:28:35,66.04,92481,14,卖盘
1155,10:28:38,66.06,6606,1,中性盘
1156,10:28:41,66.05,112285,17,卖盘
1157,10:28:44,66.06,1347604,204,买盘
1158,10:28:47,66.08,231244,35,买盘
1159,10:28:50,66.08,6608,1,卖盘
1160,10:28:53,66.08,33040,5,卖盘
1161,10:28:56,66.09,112353,17,买盘
1162,10:28:59,66.09,614412,93,买盘
1163,10:29:02,66.1,1004571,152,买盘
1164,10:29:05,66.09,26436,4,卖盘
1165,10:29:08,66.1,449488,68,买盘
1166,10:29:11,66.1,6610,1,卖盘
1167,10:29:14,66.1,495750,75,卖盘
1168,10:29:17,66.12,489171,74,买盘
1169,10:29:26,66.14,13228,2,买盘
1170,10:29:29,66.12,158702,24,卖盘
1171,10:29:32,66.12,350438,53,卖盘
1172,10:29:35,66.12,317395,48,卖盘
1173,10:29:38,66.11,125620,19,卖盘
1174,10:29:41,66.1,19830,3,卖盘
1175,10:29:44,66.1,251171,38,卖盘
1176,10:29:47,66.09,79319,12,卖盘
1177,10:29:50,66.07,52860,8,卖盘
1178,10:29:53,66.05,1598307,242,卖盘
1179,10:29:56,66.03,26412,4,卖盘
1180,10:29:59,66.01,204663,31,卖盘
1181,10:30:02,66.02,488540,74,买盘
1182,10:30:05,66.01,33007,5,卖盘
1183,10:30:08,66.01,250842,38,卖盘
1184,10:30:11,66.02,1881441,285,买盘
1185,10:30:14,66.03,59437,9,卖盘
1186,10:30:17,66.02,178305,27,卖盘
1187,10:30:20,66.04,237684,36,中性盘
1188,10:30:23,66.09,19823,3,买盘
1189,10:30:26,66.04,6604,1,卖盘
1190,10:30:29,66.05,277374,42,中性盘
1191,10:30:32,66.09,72695,11,买盘
1192,10:30:38,66.04,39626,6,卖盘
1193,10:30:41,66.08,336832,51,买盘
1194,10:30:44,66.07,6607,1,买盘
1195,10:30:47,66.06,92481,14,买盘
1196,10:30:50,66.05,165151,25,卖盘
1197,10:30:53,66.05,99078,15,卖盘
1198,10:30:56,66.05,112285,17,卖盘
1199,10:30:59,66.05,46235,7,买盘
1200,10:31:02,66.04,13208,2,卖盘
1201,10:31:05,66.04,191530,29,卖盘
1202,10:31:08,66.04,376474,57,买盘
1203,10:31:11,66.03,145276,22,卖盘
1204,10:31:14,66.04,85852,13,买盘
1205,10:31:17,66.06,726512,110,买盘
1206,10:31:20,66.07,52847,8,中性盘
1207,10:31:23,66.09,303974,46,买盘
1208,10:31:26,66.09,317261,48,卖盘
1209,10:31:29,66.1,39659,6,中性盘
1210,10:31:32,66.13,46291,7,买盘
1211,10:31:35,66.1,138816,21,卖盘
1212,10:31:38,66.09,1050843,159,卖盘
1213,10:31:41,66.08,303972,46,卖盘
1214,10:31:44,66.09,608023,92,买盘
1215,10:31:47,66.09,1103706,167,卖盘
1216,10:31:50,66.09,125582,19,卖盘
1217,10:31:53,66.09,52876,8,卖盘
1218,10:31:56,66.09,165225,25,卖盘
1219,10:31:59,66.09,1368063,207,卖盘
1220,10:32:02,66.09,145400,22,卖盘
1221,10:32:05,66.09,46263,7,卖盘
1222,10:32:08,66.09,290787,44,卖盘
1223,10:32:11,66.08,363440,55,卖盘
1224,10:32:14,66.09,79304,12,买盘
1225,10:32:17,66.07,251112,38,卖盘
1226,10:32:20,66.08,6608,1,中性盘
1227,10:32:23,66.07,39643,6,卖盘
1228,10:32:26,66.07,138752,21,卖盘
1229,10:32:29,66.07,85888,13,买盘
1230,10:32:32,66.06,178363,27,卖盘
1231,10:32:38,66.07,165163,25,买盘
1232,10:32:41,66.06,277452,42,卖盘
1233,10:32:44,66.07,52854,8,买盘
1234,10:32:47,66.05,72668,11,卖盘
1235,10:32:50,66.07,72674,11,买盘
1236,10:32:53,66.07,26425,4,买盘
1237,10:32:56,66.06,59454,9,卖盘
1238,10:32:59,66.06,79272,12,买盘
1239,10:33:02,66.06,363294,55,买盘
1240,10:33:05,66.08,482267,73,买盘
1241,10:33:08,66.1,270993,41,买盘
1242,10:33:11,66.1,72711,11,卖盘
1243,10:33:14,66.1,376770,57,卖盘
1244,10:33:17,66.11,99163,15,买盘
1245,10:33:20,66.07,350312,53,卖盘
1246,10:33:23,66.08,184996,28,买盘
1247,10:33:26,66.06,165149,25,卖盘
1248,10:33:29,66.06,138706,21,买盘
1249,10:33:32,66.06,52845,8,买盘
1250,10:33:35,66.06,105681,16,买盘
1251,10:33:38,66.06,39636,6,买盘
1252,10:33:41,66.06,270846,41,卖盘
1253,10:33:44,66.05,26422,4,卖盘
1254,10:33:47,66.06,6606,1,买盘
1255,10:33:50,66.06,6606,1,买盘
1256,10:33:53,66.07,151950,23,买盘
1257,10:33:56,66.06,105696,16,卖盘
1258,10:33:59,66.06,33030,5,买盘
1259,10:34:02,66.06,33030,5,买盘
1260,10:34:05,66.06,138727,21,买盘
1261,10:34:08,66.08,26430,4,买盘
1262,10:34:11,66.06,739798,112,卖盘
1263,10:34:14,66.06,317093,48,买盘
1264,10:34:17,66.06,990780,150,卖盘
1265,10:34:20,66.06,92487,14,卖盘
1266,10:34:26,66.06,303893,46,卖盘
1267,10:34:29,66.06,13212,2,卖盘
1268,10:34:32,66.08,13216,2,买盘
1269,10:34:35,66.08,6608,1,买盘
1270,10:34:38,66.06,79274,12,卖盘
1271,10:34:41,66.08,350237,53,买盘
1272,10:34:44,66.1,6610,1,买盘
1273,10:34:47,66.1,13220,2,买盘
1274,10:34:50,66.1,72698,11,买盘
1275,10:34:53,66.1,13220,2,买盘
1276,10:34:56,66.07,191630,29,卖盘
1277,10:34:59,66.06,145348,22,卖盘
1278,10:35:02,66.07,39642,6,卖盘
1279,10:35:05,66.07,33035,5,卖盘
1280,10:35:08,66.07,52855,8,买盘
1281,10:35:11,66.07,231257,35,买盘
1282,10:35:14,66.05,277457,42,卖盘
1283,10:35:17,66.06,257598,39,买盘
1284,10:35:20,66.06,59454,9,买盘
1285,10:35:23,66.06,52848,8,买盘
1286,10:35:26,66.06,118898,18,买盘
1287,10:35:29,66.06,145316,22,买盘
1288,10:35:32,66.06,59451,9,中性盘
1289,10:35:35,66.05,33027,5,卖盘
1290,10:35:38,66.06,79261,12,买盘
1291,10:35:44,66.05,422720,64,卖盘
1292,10:35:47,66.04,521787,79,卖盘
1293,10:35:50,66.04,178309,27,卖盘
1294,10:35:56,66.03,6603,1,卖盘
1295,10:35:59,66.04,336760,51,买盘
1296,10:36:02,66.04,178292,27,买盘
1297,10:36:05,66.04,13208,2,买盘
1298,10:36:08,66.05,442429,67,买盘
1299,10:36:11,66.03,46224,7,中性盘
1300,10:36:14,66.12,640799,97,买盘
1301,10:36:17,66.08,588136,89,卖盘
1302,10:36:20,66.12,1948581,295,中性盘
1303,10:36:23,66.07,231283,35,卖盘
1304,10:36:26,66.14,26450,4,中性盘
1305,10:36:29,66.16,905700,137,买盘
1306,10:36:32,66.17,39702,6,中性盘
1307,10:36:35,66.17,19847,3,买盘
1308,10:36:38,66.17,19848,3,买盘
1309,10:36:41,66.14,125666,19,卖盘
1310,10:36:44,66.16,410074,62,买盘
1311,10:36:50,66.15,46301,7,买盘
1312,10:36:53,66.14,112430,17,卖盘
1313,10:36:56,66.13,119031,18,买盘
1314,10:36:59,66.12,304153,46,卖盘
1315,10:37:02,66.13,26452,4,买盘
1316,10:37:05,66.11,224813,34,卖盘
1317,10:37:08,66.12,119005,18,买盘
1318,10:37:11,66.12,33062,5,卖盘
1319,10:37:14,66.11,52889,8,卖盘
1320,10:37:17,66.11,85953,13,卖盘
1321,10:37:20,66.12,92543,14,买盘
1322,10:37:23,66.1,66104,10,卖盘
1323,10:37:26,66.1,39660,6,买盘
1324,10:37:29,66.08,112336,17,卖盘
1325,10:37:32,66.07,66076,10,卖盘
1326,10:37:35,66.09,185001,28,买盘
1327,10:37:38,66.05,26423,4,卖盘
1328,10:37:41,66.08,46254,7,中性盘
1329,10:37:44,66.06,39636,6,卖盘
1330,10:37:47,66.07,105693,16,买盘
1331,10:37:50,66.06,237788,36,中性盘
1332,10:37:53,66.06,26425,4,卖盘
1333,10:37:56,66.06,72659,11,买盘
1334,10:37:59,66.06,409572,62,买盘
1335,10:38:02,66.05,832138,126,卖盘
1336,10:38:05,66.05,66047,10,买盘
1337,10:38:08,66.05,184915,28,买盘
1338,10:38:11,66.04,6604,1,中性盘
1339,10:38:14,66.05,614087,93,买盘
1340,10:38:17,66.03,964046,146,卖盘
1341,10:38:20,66.06,336794,51,买盘
1342,10:38:23,66.06,19818,3,买盘
1343,10:38:26,66.03,151890,23,卖盘
1344,10:38:29,66.04,376428,57,买盘
1345,10:38:32,66.03,85848,13,卖盘
1346,10:38:35,66.04,191467,29,买盘
1347,10:38:38,66.03,409386,62,卖盘
1348,10:38:41,66.03,19809,3,中性盘
1349,10:38:44,66.03,330150,50,卖盘
1350,10:38:47,66.04,26413,4,买盘
1351,10:38:50,66.02,39613,6,卖盘
1352,10:38:53,66.03,13206,2,中性盘
1353,10:38:56,66.03,6603,1,买盘
1354,10:38:59,66.02,402723,61,卖盘
1355,10:39:02,66.02,79214,12,买盘
1356,10:39:05,65.99,6725336,1019,卖盘
1357,10:39:08,65.97,125338,19,中性盘
1358,10:39:11,65.99,415663,63,买盘
1359,10:39:14,65.96,237456,36,卖盘
1360,10:39:17,65.96,39574,6,买盘
1361,10:39:20,65.96,19788,3,买盘
1362,10:39:23,65.96,474874,72,买盘
1363,10:39:26,65.96,283631,43,卖盘
1364,10:39:32,65.98,46188,7,中性盘
1365,10:39:35,65.96,316643,48,卖盘
1366,10:39:38,65.95,217649,33,卖盘
1367,10:39:41,65.95,290193,44,卖盘
1368,10:39:44,65.97,85758,13,买盘
1369,10:39:47,65.97,59366,9,买盘
1370,10:39:50,65.96,92334,14,卖盘
1371,10:39:53,65.96,521047,79,买盘
1372,10:39:56,65.97,593707,90,买盘
1373,10:39:59,65.95,138526,21,卖盘
1374,10:40:02,65.98,369432,56,买盘
1375,10:40:05,65.96,494835,75,卖盘
1376,10:40:08,65.95,263831,40,卖盘
1377,10:40:11,65.99,442121,67,买盘
1378,10:40:14,65.96,395902,60,卖盘
1379,10:40:20,65.98,65968,10,中性盘
1380,10:40:23,65.95,2235733,339,卖盘
1381,10:40:26,65.97,65960,10,中性盘
1382,10:40:29,65.96,26384,4,卖盘
1383,10:40:32,65.95,923496,140,卖盘
1384,10:40:35,65.96,39571,6,中性盘
1385,10:40:38,65.98,112152,17,买盘
1386,10:40:41,65.98,560830,85,卖盘
1387,10:40:44,65.95,217660,33,卖盘
1388,10:40:47,65.94,527589,80,卖盘
1389,10:40:50,65.91,560326,85,卖盘
1390,10:40:53,65.91,1126976,171,卖盘
1391,10:40:56,65.9,112037,17,卖盘
1392,10:40:59,65.89,415124,63,卖盘
1393,10:41:02,65.89,705047,107,卖盘
1394,10:41:05,65.89,540301,82,卖盘
1395,10:41:08,65.9,586386,89,买盘
1396,10:41:11,65.9,375638,57,卖盘
1397,10:41:14,65.92,72507,11,买盘
1398,10:41:17,65.88,1318019,200,卖盘
1399,10:41:20,65.93,59337,9,中性盘
1400,10:41:23,65.93,692274,105,卖盘
1401,10:41:26,65.94,118677,18,买盘
1402,10:41:29,65.93,125268,19,卖盘
1403,10:41:32,65.95,481344,73,买盘
1404,10:41:35,65.98,553923,84,买盘
1405,10:41:38,66.0,732491,111,买盘
1406,10:41:41,66.0,33000,5,卖盘
1407,10:41:44,65.98,771864,117,卖盘
1408,10:41:47,65.98,224371,34,买盘
1409,10:41:50,65.95,151722,23,卖盘
1410,10:41:53,65.99,52780,8,买盘
1411,10:41:56,65.95,85769,13,卖盘
1412,10:41:59,65.95,798002,121,卖盘
1413,10:42:02,65.9,243930,37,卖盘
1414,10:42:05,65.91,112043,17,中性盘
1415,10:42:08,65.9,19773,3,卖盘
1416,10:42:11,65.88,1324358,201,卖盘
1417,10:42:14,65.89,59300,9,买盘
1418,10:42:17,65.88,6588,1,卖盘
1419,10:42:20,65.9,626027,95,买盘
1420,10:42:23,65.9,138387,21,卖盘
1421,10:42:26,65.88,197643,30,卖盘
1422,10:42:29,65.9,250354,38,买盘
1423,10:42:32,65.9,46123,7,买盘
1424,10:42:35,65.88,303049,46,卖盘
1425,10:42:38,65.88,52709,8,卖盘
1426,10:42:41,65.91,619217,94,买盘
1427,10:42:44,65.86,494038,75,卖盘
1428,10:42:47,65.87,1889012,287,卖盘
1429,10:42:50,65.86,204189,31,中性盘
1430,10:42:56,65.82,118486,18,卖盘
1431,10:42:59,65.82,6582,1,买盘
1432,10:43:02,65.82,309345,47,买盘
1433,10:43:05,65.82,236917,36,卖盘
1434,10:43:08,65.8,13161,2,卖盘
1435,10:43:11,65.8,1960895,298,卖盘
1436,10:43:14,65.8,105280,16,卖盘
1437,10:43:17,65.8,78964,12,卖盘
1438,10:43:20,65.81,118443,18,买盘
1439,10:43:23,65.8,1342422,204,卖盘
1440,10:43:26,65.79,164485,25,卖盘
1441,10:43:29,65.82,1566208,238,买盘
1442,10:43:32,65.8,125038,19,卖盘
1443,10:43:35,65.82,1428024,217,买盘
1444,10:43:38,65.8,605380,92,卖盘
1445,10:43:41,65.8,835561,127,买盘
1446,10:43:44,65.79,473733,72,卖盘
1447,10:43:47,65.8,177659,27,买盘
1448,10:43:50,65.79,473703,72,卖盘
1449,10:43:53,65.79,374970,57,买盘
1450,10:43:56,65.79,328943,50,买盘
1451,10:43:59,65.78,282880,43,卖盘
1452,10:44:02,65.79,124991,19,买盘
1453,10:44:05,65.79,421056,64,买盘
1454,10:44:08,65.79,289478,44,买盘
1455,10:44:11,65.8,2131910,324,买盘
1456,10:44:14,65.8,1750128,266,买盘
1457,10:44:17,65.81,282936,43,买盘
1458,10:44:20,65.8,52646,8,卖盘
1459,10:44:23,65.81,125022,19,买盘
1460,10:44:26,65.8,769963,117,卖盘
1461,10:44:29,65.8,92127,14,卖盘
1462,10:44:32,65.81,342213,52,中性盘
1463,10:44:35,65.81,98713,15,买盘
1464,10:44:38,65.8,151360,23,卖盘
1465,10:44:41,65.8,138211,21,卖盘
1466,10:44:44,65.8,401394,61,卖盘
1467,10:44:47,65.81,302691,46,买盘
1468,10:44:50,65.79,506659,77,卖盘
1469,10:44:53,65.79,138160,21,卖盘
1470,10:44:56,65.78,697326,106,卖盘
1471,10:44:59,65.78,46048,7,卖盘
1472,10:45:02,65.78,677534,103,卖盘
1473,10:45:05,65.78,394664,60,买盘
1474,10:45:08,65.78,144732,22,买盘
1475,10:45:11,65.78,164452,25,卖盘
1476,10:45:20,65.77,111809,17,卖盘
1477,10:45:23,65.76,72338,11,卖盘
1478,10:45:26,65.76,46032,7,卖盘
1479,10:45:29,65.76,381419,58,卖盘
1480,10:45:32,65.75,131505,20,卖盘
1481,10:45:35,65.75,151225,23,卖盘
1482,10:45:38,65.75,506286,77,卖盘
1483,10:45:41,65.74,39446,6,卖盘
1484,10:45:44,65.74,788898,120,卖盘
1485,10:45:47,65.74,65735,10,买盘
1486,10:45:50,65.73,92022,14,卖盘
1487,10:45:53,65.72,32862,5,卖盘
1488,10:45:56,65.73,1216027,185,买盘
1489,10:45:59,65.73,302386,46,卖盘
1490,10:46:02,65.73,1091164,166,卖盘
1491,10:46:05,65.74,164350,25,买盘
1492,10:46:08,65.74,328679,50,买盘
1493,10:46:11,65.75,164369,25,买盘
1494,10:46:14,65.75,348446,53,买盘
1495,10:46:17,65.76,230128,35,买盘
1496,10:46:20,65.76,85488,13,买盘
1497,10:46:23,65.78,374887,57,买盘
1498,10:46:26,65.79,407829,62,买盘
1499,10:46:29,65.79,32894,5,买盘
1500,10:46:32,65.78,144722,22,卖盘
1501,10:46:35,65.78,552551,84,买盘
1502,10:46:38,65.78,105249,16,买盘
1503,10:46:41,65.78,46046,7,卖盘
1504,10:46:44,65.77,177580,27,卖盘
1505,10:46:47,65.76,197325,30,卖盘
1506,10:46:50,65.78,72348,11,买盘
1507,10:46:53,65.77,46039,7,卖盘
1508,10:46:56,65.77,151266,23,卖盘
1509,10:46:59,65.77,72347,11,卖盘
1510,10:47:02,65.77,72343,11,买盘
1511,10:47:05,65.78,592000,90,买盘
1512,10:47:08,65.79,85525,13,买盘
1513,10:47:11,65.79,223681,34,买盘
1514,10:47:14,65.79,328910,50,买盘
1515,10:47:17,65.79,124987,19,买盘
1516,10:47:20,65.77,52616,8,卖盘
1517,10:47:23,65.77,52624,8,卖盘
1518,10:47:26,65.77,203887,31,卖盘
1519,10:47:29,65.78,151276,23,买盘
1520,10:47:32,65.78,52618,8,买盘
1521,10:47:35,65.77,447203,68,中性盘
1522,10:47:38,65.77,46039,7,买盘
1523,10:47:41,65.77,72347,11,买盘
1524,10:47:44,65.76,184129,28,卖盘
1525,10:47:47,65.78,552551,84,买盘
1526,10:47:50,65.79,4639653,705,买盘
1527,10:47:53,65.82,322511,49,买盘
1528,10:47:56,65.78,467243,71,卖盘
1529,10:47:59,65.83,52664,8,买盘
1530,10:48:02,65.82,52660,8,卖盘
1531,10:48:05,65.83,26329,4,买盘
1532,10:48:08,65.84,79002,12,买盘
1533,10:48:11,65.84,32920,5,买盘
1534,10:48:14,65.81,454058,69,卖盘
1535,10:48:17,65.8,250112,38,买盘
1536,10:48:20,65.8,105309,16,卖盘
1537,10:48:23,65.78,335505,51,卖盘
1538,10:48:26,65.79,65790,10,买盘
1539,10:48:29,65.78,111825,17,卖盘
1540,10:48:32,65.78,506445,77,买盘
1541,10:48:35,65.77,26307,4,中性盘
1542,10:48:38,65.79,651269,99,买盘
1543,10:48:41,65.79,105262,16,买盘
1544,10:48:44,65.78,98670,15,卖盘
1545,10:48:47,65.79,157883,24,买盘
1546,10:48:50,65.77,230212,35,卖盘
1547,10:48:53,65.78,59202,9,中性盘
1548,10:48:56,65.79,59203,9,买盘
1549,10:48:59,65.74,2367198,360,卖盘
1550,10:49:02,65.77,249862,38,买盘
1551,10:49:05,65.77,52618,8,卖盘
1552,10:49:08,65.77,138107,21,卖盘
1553,10:49:11,65.78,282861,43,卖盘
1554,10:49:14,65.78,19736,3,卖盘
1555,10:49:17,65.79,39471,6,买盘
1556,10:49:20,65.79,52628,8,买盘
1557,10:49:23,65.8,13159,2,买盘
1558,10:49:26,65.8,78960,12,卖盘
1559,10:49:32,65.79,677748,103,卖盘
1560,10:49:35,65.79,559254,85,卖盘
1561,10:49:38,65.8,52658,8,中性盘
1562,10:49:41,65.84,111872,17,买盘
1563,10:49:44,65.83,190825,29,中性盘
1564,10:49:47,65.84,85586,13,买盘
1565,10:49:50,65.84,32920,5,买盘
1566,10:49:53,65.84,65840,10,买盘
1567,10:49:56,65.84,13168,2,买盘
1568,10:49:59,65.82,210630,32,卖盘
1569,10:50:02,65.85,158009,24,买盘
1570,10:50:05,65.84,125096,19,卖盘
1571,10:50:08,65.85,13170,2,卖盘
1572,10:50:11,65.87,283146,43,买盘
1573,10:50:14,65.86,26344,4,中性盘
1574,10:50:17,65.85,138316,21,卖盘
1575,10:50:20,65.88,65880,10,买盘
1576,10:50:23,65.92,65913,10,买盘
1577,10:50:26,65.93,836896,127,买盘
1578,10:50:29,65.93,125277,19,卖盘
1579,10:50:32,65.94,118681,18,买盘
1580,10:50:35,65.94,105508,16,卖盘
1581,10:50:38,65.92,171438,26,卖盘
1582,10:50:41,65.93,178003,27,买盘
1583,10:50:44,65.93,230718,35,卖盘
1584,10:50:47,65.93,145028,22,买盘
1585,10:50:50,65.93,329616,50,买盘
1586,10:50:53,65.93,19779,3,卖盘
1587,10:50:56,65.93,118705,18,卖盘
1588,10:50:59,65.93,191218,29,卖盘
1589,10:51:02,65.95,72529,11,买盘
1590,10:51:05,65.92,72520,11,卖盘
1591,10:51:08,65.95,32972,5,买盘
1592,10:51:11,65.95,197850,30,卖盘
1593,10:51:14,65.96,118722,18,买盘
1594,10:51:17,65.96,46166,7,买盘
1595,10:51:20,65.95,13190,2,中性盘
1596,10:51:23,65.96,98928,15,买盘
1597,10:51:26,65.95,178065,27,卖盘
1598,10:51:29,65.96,178082,27,买盘
1599,10:51:35,65.96,6596,1,卖盘
1600,10:51:41,65.96,112132,17,卖盘
1601,10:51:44,65.96,79152,12,买盘
1602,10:51:47,65.95,39574,6,卖盘
1603,10:51:50,65.99,204490,31,买盘
1604,10:51:53,65.98,6598,1,买盘
1605,10:51:56,65.96,118730,18,卖盘
1606,10:51:59,65.96,178088,27,买盘
1607,10:52:02,65.98,191299,29,买盘
1608,10:52:05,65.97,6597,1,中性盘
1609,10:52:11,65.98,197920,30,买盘
1610,10:52:14,65.98,32988,5,卖盘
1611,10:52:17,65.98,257352,39,买盘
1612,10:52:20,65.99,263920,40,买盘
1613,10:52:23,65.99,329998,50,中性盘
1614,10:52:26,66.0,580743,88,买盘
1615,10:52:29,66.0,59400,9,买盘
1616,10:52:32,66.0,26400,4,卖盘
1617,10:52:35,66.02,79224,12,买盘
1618,10:52:38,66.04,59426,9,买盘
1619,10:52:41,66.05,99064,15,买盘
1620,10:52:44,66.03,138680,21,中性盘
1621,10:52:47,66.05,112276,17,买盘
1622,10:52:50,66.06,204740,31,买盘
1623,10:52:53,66.06,13212,2,买盘
1624,10:52:56,66.06,112302,17,卖盘
1625,10:52:59,66.06,257688,39,卖盘
1626,10:53:02,66.07,138728,21,买盘
1627,10:53:05,66.07,19821,3,买盘
1628,10:53:08,66.05,356744,54,卖盘
1629,10:53:11,66.07,158574,24,卖盘
1630,10:53:14,66.07,19821,3,买盘
1631,10:53:17,66.07,85890,13,买盘
1632,10:53:20,66.07,33032,5,买盘
1633,10:53:23,66.07,46248,7,买盘
1634,10:53:26,66.05,145321,22,卖盘
1635,10:53:29,66.05,231147,35,买盘
1636,10:53:32,66.05,79267,12,卖盘
1637,10:53:35,66.07,19815,3,买盘
1638,10:53:38,66.04,59436,9,卖盘
1639,10:53:41,66.04,224517,34,卖盘
1640,10:53:44,66.04,138652,21,买盘
1641,10:53:47,66.02,39612,6,卖盘
1642,10:53:50,66.04,46228,7,买盘
1643,10:53:53,66.02,39612,6,卖盘
1644,10:53:56,66.03,72623,11,买盘
1645,10:53:59,66.04,237662,36,买盘
1646,10:54:02,66.04,46237,7,卖盘
1647,10:54:05,66.04,46231,7,卖盘
1648,10:54:08,66.04,33022,5,卖盘
1649,10:54:11,66.04,72633,11,中性盘
1650,10:54:14,66.01,39608,6,卖盘
1651,10:54:17,66.03,19805,3,买盘
1652,10:54:20,66.01,19803,3,卖盘
1653,10:54:23,66.01,165026,25,卖盘
1654,10:54:26,66.0,184802,28,卖盘
1655,10:54:29,66.0,455412,69,卖盘
1656,10:54:32,66.0,92405,14,卖盘
1657,10:54:35,66.01,6601,1,买盘
1658,10:54:38,66.0,46202,7,卖盘
1659,10:54:41,66.0,13200,2,卖盘
1660,10:54:44,66.0,165000,25,卖盘
1661,10:54:47,66.01,59405,9,买盘
1662,10:54:50,66.0,39601,6,卖盘
1663,10:54:53,66.01,26402,4,买盘
1664,10:54:59,66.01,310213,47,买盘
1665,10:55:02,66.0,138602,21,卖盘
1666,10:55:05,66.0,13200,2,卖盘
1667,10:55:08,66.0,171613,26,卖盘
1668,10:55:11,66.0,112210,17,卖盘
1669,10:55:14,66.0,184800,28,卖盘
1670,10:55:17,66.01,39604,6,买盘
1671,10:55:20,66.01,39606,6,买盘
1672,10:55:23,66.0,217809,33,卖盘
1673,10:55:29,65.99,217777,33,卖盘
1674,10:55:32,65.98,39589,6,卖盘
1675,10:55:35,65.98,6598,1,卖盘
1676,10:55:38,66.0,59397,9,买盘
1677,10:55:41,65.98,32996,5,卖盘
1678,10:55:44,66.0,178199,27,买盘
1679,10:55:47,65.98,290320,44,卖盘
1680,10:55:50,65.98,19796,3,卖盘
1681,10:55:56,65.99,26396,4,卖盘
1682,10:55:59,65.98,98970,15,卖盘
1683,10:56:02,66.01,956873,145,买盘
1684,10:56:05,66.03,118854,18,买盘
1685,10:56:08,66.03,59427,9,买盘
1686,10:56:11,66.05,92461,14,买盘
1687,10:56:14,66.11,779681,118,买盘
1688,10:56:17,66.1,85963,13,中性盘
1689,10:56:20,66.1,66126,10,卖盘
1690,10:56:23,66.13,19839,3,买盘
1691,10:56:26,66.14,317340,48,买盘
1692,10:56:29,66.15,357254,54,买盘
1693,10:56:32,66.19,1793939,271,买盘
1694,10:56:35,66.24,46368,7,买盘
1695,10:56:41,66.25,311163,47,买盘
1696,10:56:44,66.24,152292,23,买盘
1697,10:56:47,66.26,105996,16,买盘
1698,10:56:50,66.27,39754,6,买盘
1699,10:56:53,66.25,1212332,183,卖盘
1700,10:56:56,66.26,331282,50,买盘
1701,10:56:59,66.31,338086,51,买盘
1702,10:57:02,66.27,46393,7,卖盘
1703,10:57:05,66.26,934351,141,卖盘
1704,10:57:08,66.28,178909,27,买盘
1705,10:57:11,66.26,218664,33,卖盘
1706,10:57:14,66.28,39766,6,中性盘
1707,10:57:17,66.31,874800,132,买盘
1708,10:57:20,66.33,715848,108,买盘
1709,10:57:23,66.34,145941,22,买盘
1710,10:57:26,66.48,8326446,1254,买盘
1711,10:57:29,66.38,59802,9,卖盘
1712,10:57:32,66.47,292368,44,买盘
1713,10:57:35,66.4,172786,26,中性盘
1714,10:57:38,66.45,205995,31,买盘
1715,10:57:41,66.47,206051,31,买盘
1716,10:57:44,66.44,285747,43,卖盘
1717,10:57:47,66.44,279105,42,卖盘
1718,10:57:50,66.44,126274,19,卖盘
1719,10:57:53,66.46,93070,14,卖盘
1720,10:57:56,66.45,66456,10,卖盘
1721,10:57:59,66.44,159487,24,卖盘
1722,10:58:02,66.45,259154,39,买盘
1723,10:58:05,66.47,106327,16,买盘
1724,10:58:08,66.45,1568245,236,卖盘
1725,10:58:11,66.41,172684,26,卖盘
1726,10:58:14,66.39,212458,32,卖盘
1727,10:58:17,66.38,252303,38,卖盘
1728,10:58:20,66.37,79652,12,卖盘
1729,10:58:23,66.37,165903,25,中性盘
1730,10:58:26,66.36,13272,2,卖盘
1731,10:58:29,66.35,4838264,731,卖盘
1732,10:58:32,66.43,1779590,268,买盘
1733,10:58:35,66.35,445143,67,卖盘
1734,10:58:38,66.42,19928,3,中性盘
1735,10:58:41,66.38,159332,24,中性盘
1736,10:58:44,66.35,238899,36,卖盘
1737,10:58:47,66.39,6639,1,卖盘
1738,10:58:50,66.39,59772,9,卖盘
1739,10:58:53,66.39,19916,3,买盘
1740,10:58:56,66.41,345349,52,买盘
1741,10:58:59,66.39,19917,3,卖盘
1742,10:59:02,66.41,331959,50,买盘
1743,10:59:05,66.38,6638,1,卖盘
1744,10:59:08,66.4,92942,14,买盘
1745,10:59:11,66.38,13276,2,卖盘
1746,10:59:14,66.29,1612589,243,卖盘
1747,10:59:17,66.37,66353,10,买盘
1748,10:59:20,66.29,72919,11,卖盘
1749,10:59:23,66.37,450685,68,买盘
1750,10:59:26,66.27,39792,6,卖盘
1751,10:59:29,66.27,66295,10,卖盘
1752,10:59:32,66.27,26508,4,买盘
1753,10:59:35,66.27,291655,44,买盘
1754,10:59:38,66.28,79553,12,买盘
1755,10:59:44,66.26,172280,26,卖盘
1756,10:59:47,66.3,417821,63,买盘
1757,10:59:50,66.38,19914,3,中性盘
1758,10:59:53,66.38,19914,3,买盘
1759,10:59:56,66.32,212208,32,中性盘
1760,10:59:59,66.36,13272,2,中性盘
1761,11:00:02,66.31,305301,46,卖盘
1762,11:00:05,66.31,19893,3,卖盘
1763,11:00:08,66.35,79578,12,买盘
1764,11:00:11,66.33,232230,35,买盘
1765,11:00:14,66.37,218864,33,买盘
1766,11:00:17,66.32,13264,2,卖盘
1767,11:00:20,66.33,39797,6,买盘
1768,11:00:23,66.32,72952,11,卖盘
1769,11:00:26,66.3,66301,10,卖盘
1770,11:00:29,66.3,66300,10,中性盘
1771,11:00:32,66.29,19887,3,卖盘
1772,11:00:35,66.28,26514,4,卖盘
1773,11:00:38,66.26,79525,12,卖盘
1774,11:00:41,66.26,6626,1,卖盘
1775,11:00:44,66.25,13251,2,卖盘
1776,11:00:47,66.27,596242,90,买盘
1777,11:00:50,66.32,397855,60,买盘
1778,11:00:53,66.32,39757,6,卖盘
1779,11:00:56,66.31,238504,36,中性盘
1780,11:00:59,66.3,46421,7,中性盘
1781,11:01:02,66.3,46414,7,卖盘
1782,11:01:05,66.3,13260,2,卖盘
1783,11:01:08,66.28,53004,8,中性盘
1784,11:01:11,66.28,33141,5,卖盘
1785,11:01:14,66.24,66240,10,卖盘
1786,11:01:17,66.24,33116,5,中性盘
1787,11:01:20,66.28,351061,53,买盘
1788,11:01:23,66.23,529791,80,卖盘
1789,11:01:26,66.23,324533,49,卖盘
1790,11:01:29,66.27,79520,12,买盘
1791,11:01:32,66.27,6627,1,买盘
1792,11:01:35,66.28,172304,26,买盘
1793,11:01:38,66.3,212083,32,买盘
1794,11:01:41,66.28,238621,36,卖盘
1795,11:01:44,66.28,19884,3,卖盘
1796,11:01:50,66.3,13260,2,买盘
1797,11:01:53,66.28,26515,4,卖盘
1798,11:01:56,66.28,6628,1,卖盘
1799,11:01:59,66.26,198783,30,卖盘
1800,11:02:02,66.29,66271,10,买盘
1801,11:02:05,66.3,152467,23,买盘
1802,11:02:08,66.3,789041,119,买盘
1803,11:02:11,66.3,192281,29,卖盘
1804,11:02:14,66.35,66338,10,买盘
1805,11:02:17,66.33,33165,5,买盘
1806,11:02:20,66.35,6635,1,买盘
1807,11:02:23,66.3,13263,2,卖盘
1808,11:02:26,66.3,1160811,175,卖盘
1809,11:02:29,66.3,159115,24,买盘
1810,11:02:32,66.29,411140,62,买盘
1811,11:02:35,66.29,92806,14,买盘
1812,11:02:38,66.33,33149,5,中性盘
1813,11:02:41,66.35,232191,35,买盘
1814,11:02:44,66.35,66350,10,卖盘
1815,11:02:47,66.36,325141,49,买盘
1816,11:02:50,66.35,33175,5,买盘
1817,11:02:53,66.35,119430,18,卖盘
1818,11:02:56,66.36,212327,32,买盘
1819,11:02:59,66.36,179171,27,买盘
1820,11:03:02,66.36,99540,15,卖盘
1821,11:03:05,66.37,451290,68,中性盘
1822,11:03:08,66.36,13273,2,卖盘
1823,11:03:11,66.43,830339,125,买盘
1824,11:03:14,66.39,165975,25,卖盘
1825,11:03:17,66.38,119479,18,卖盘
1826,11:03:20,66.37,19913,3,中性盘
1827,11:03:23,66.37,106192,16,卖盘
1828,11:03:26,66.4,119502,18,买盘
1829,11:03:29,66.35,278704,42,卖盘
1830,11:03:32,66.35,13270,2,卖盘
1831,11:03:35,66.39,13277,2,买盘
1832,11:03:38,66.4,99588,15,买盘
1833,11:03:41,66.4,66400,10,卖盘
1834,11:03:44,66.41,179305,27,买盘
1835,11:03:47,66.42,79696,12,买盘
1836,11:03:50,66.42,106268,16,买盘
1837,11:03:53,66.42,26572,4,卖盘
1838,11:03:56,66.43,26572,4,买盘
1839,11:03:59,66.43,192654,29,买盘
1840,11:04:02,66.43,73073,11,卖盘
1841,11:04:05,66.41,1746710,263,卖盘
1842,11:04:08,66.38,92924,14,卖盘
1843,11:04:11,66.33,1493004,225,卖盘
1844,11:04:14,66.36,431308,65,买盘
1845,11:04:17,66.33,53066,8,中性盘
1846,11:04:20,66.33,6633,1,卖盘
1847,11:04:23,66.32,46425,7,中性盘
1848,11:04:26,66.31,6631,1,卖盘
1849,11:04:29,66.3,338133,51,卖盘
1850,11:04:32,66.31,344745,52,买盘
1851,11:04:35,66.34,1187034,179,买盘
1852,11:04:38,66.34,6634,1,买盘
1853,11:04:41,66.33,33168,5,中性盘
1854,11:04:44,66.34,179042,27,买盘
1855,11:04:47,66.31,6631,1,卖盘
1856,11:04:50,66.3,6630,1,卖盘
1857,11:04:53,66.29,338088,51,卖盘
1858,11:04:56,66.34,955050,144,买盘
1859,11:04:59,66.28,231985,35,卖盘
1860,11:05:02,66.29,19887,3,中性盘
1861,11:05:05,66.29,218757,33,卖盘
1862,11:05:08,66.3,59664,9,中性盘
1863,11:05:11,66.29,205500,31,卖盘
1864,11:05:14,66.29,232017,35,卖盘
1865,11:05:17,66.28,112676,17,卖盘
1866,11:05:20,66.28,66280,10,买盘
1867,11:05:23,66.27,79533,12,卖盘
1868,11:05:26,66.28,444052,67,买盘
1869,11:05:32,66.26,357910,54,卖盘
1870,11:05:35,66.22,158988,24,卖盘
1871,11:05:38,66.21,59583,9,中性盘
1872,11:05:41,66.27,516792,78,买盘
1873,11:05:44,66.16,649192,98,卖盘
1874,11:05:47,66.2,403820,61,中性盘
1875,11:05:50,66.19,231711,35,买盘
1876,11:05:56,66.24,13248,2,中性盘
1877,11:05:59,66.23,1305116,197,中性盘
1878,11:06:02,66.28,410911,62,买盘
1879,11:06:05,66.26,6626,1,卖盘
1880,11:06:08,66.27,13254,2,中性盘
1881,11:06:11,66.21,881353,133,卖盘
1882,11:06:14,66.21,112557,17,卖盘
1883,11:06:17,66.27,119262,18,买盘
1884,11:06:20,66.27,19881,3,卖盘
1885,11:06:23,66.26,53008,8,卖盘
1886,11:06:26,66.25,86135,13,中性盘
1887,11:06:29,66.24,172230,26,卖盘
1888,11:06:32,66.24,26496,4,卖盘
1889,11:06:35,66.29,278415,42,买盘
1890,11:06:38,66.3,19890,3,买盘
1891,11:06:41,66.24,145798,22,卖盘
1892,11:06:44,66.29,33141,5,买盘
1893,11:06:47,66.29,66287,10,买盘
1894,11:06:50,66.29,33142,5,买盘
1895,11:06:53,66.27,384584,58,卖盘
1896,11:06:56,66.32,86172,13,买盘
1897,11:06:59,66.32,165731,25,买盘
1898,11:07:02,66.27,404385,61,卖盘
1899,11:07:05,66.27,13254,2,卖盘
1900,11:07:08,66.35,79570,12,买盘
1901,11:07:11,66.35,53077,8,卖盘
1902,11:07:17,66.4,457999,69,买盘
1903,11:07:23,66.4,1428070,215,卖盘
1904,11:07:26,66.4,345302,52,卖盘
1905,11:07:29,66.4,13280,2,买盘
1906,11:07:32,66.39,39834,6,买盘
1907,11:07:41,66.36,39817,6,卖盘
1908,11:07:44,66.35,6635,1,卖盘
1909,11:07:47,66.34,26536,4,卖盘
1910,11:07:50,66.35,205651,31,买盘
1911,11:07:53,66.32,132653,20,卖盘
1912,11:07:56,66.32,159168,24,卖盘
1913,11:07:59,66.33,145926,22,买盘
1914,11:08:02,66.34,159216,24,买盘
1915,11:08:05,66.35,19904,3,买盘
1916,11:08:08,66.33,663314,100,卖盘
1917,11:08:11,66.33,46436,7,卖盘
1918,11:08:14,66.32,278566,42,卖盘
1919,11:08:17,66.33,59694,9,买盘
1920,11:08:20,66.31,205620,31,卖盘
1921,11:08:23,66.32,26527,4,中性盘
1922,11:08:26,66.31,33155,5,卖盘
1923,11:08:29,66.31,39788,6,卖盘
1924,11:08:32,66.3,59678,9,卖盘
1925,11:08:35,66.31,159136,24,买盘
1926,11:08:38,66.3,19890,3,卖盘
1927,11:08:41,66.3,762039,115,卖盘
1928,11:08:44,66.25,19879,3,卖盘
1929,11:08:47,66.25,6625,1,卖盘
1930,11:08:50,66.24,72856,11,中性盘
1931,11:08:53,66.23,775011,117,中性盘
1932,11:08:56,66.25,86121,13,买盘
1933,11:08:59,66.23,185420,28,买盘
1934,11:09:02,66.23,33115,5,买盘
1935,11:09:05,66.22,86106,13,卖盘
1936,11:09:11,66.26,13252,2,买盘
1937,11:09:14,66.24,192073,29,买盘
1938,11:09:17,66.26,59620,9,买盘
1939,11:09:20,66.26,46379,7,买盘
1940,11:09:23,66.26,13252,2,买盘
1941,11:09:26,66.23,59609,9,卖盘
1942,11:09:29,66.23,19869,3,买盘
1943,11:09:32,66.23,39738,6,买盘
1944,11:09:35,66.23,225162,34,买盘
1945,11:09:38,66.22,86088,13,中性盘
1946,11:09:41,66.22,19866,3,中性盘
1947,11:09:44,66.2,251615,38,卖盘
1948,11:09:47,66.23,509879,77,买盘
1949,11:09:50,66.24,59611,9,买盘
1950,11:09:53,66.26,53000,8,中性盘
1951,11:09:56,66.23,66235,10,卖盘
1952,11:09:59,66.24,635815,96,卖盘
1953,11:10:02,66.24,172221,26,买盘
1954,11:10:05,66.24,6624,1,买盘
1955,11:10:08,66.23,72860,11,卖盘
1956,11:10:11,66.23,808008,122,卖盘
1957,11:10:14,66.23,33115,5,卖盘
1958,11:10:17,66.22,761635,115,卖盘
1959,11:10:20,66.21,72834,11,卖盘
1960,11:10:23,66.21,72831,11,买盘
1961,11:10:26,66.2,191983,29,卖盘
1962,11:10:29,66.2,185334,28,买盘
1963,11:10:32,66.19,92677,14,卖盘
1964,11:10:35,66.19,79428,12,卖盘
1965,11:10:38,66.19,165480,25,卖盘
1966,11:10:44,66.19,158856,24,卖盘
1967,11:10:47,66.18,145612,22,卖盘
1968,11:10:50,66.19,86059,13,买盘
1969,11:10:53,66.18,66210,10,买盘
1970,11:10:56,66.18,6618,1,买盘
1971,11:10:59,66.17,231604,35,卖盘
1972,11:11:02,66.17,218363,33,卖盘
1973,11:11:05,66.17,661651,100,卖盘
1974,11:11:08,66.16,39696,6,卖盘
1975,11:11:11,66.15,39692,6,卖盘
1976,11:11:14,66.15,171990,26,卖盘
1977,11:11:17,66.14,211687,32,卖盘
1978,11:11:23,66.13,6613,1,卖盘
1979,11:11:26,66.13,119033,18,买盘
1980,11:11:29,66.12,224815,34,卖盘
1981,11:11:32,66.11,350384,53,卖盘
1982,11:11:35,66.11,191719,29,卖盘
1983,11:11:38,66.1,39662,6,卖盘
1984,11:11:41,66.1,39660,6,卖盘
1985,11:11:44,66.1,204880,31,买盘
1986,11:11:47,66.08,191674,29,卖盘
1987,11:11:50,66.09,13218,2,卖盘
1988,11:11:53,66.09,33045,5,卖盘
1989,11:11:56,66.09,85914,13,买盘
1990,11:11:59,66.06,132169,20,卖盘
1991,11:12:02,66.06,26424,4,卖盘
1992,11:12:05,66.08,79296,12,买盘
1993,11:12:08,66.06,72666,11,卖盘
1994,11:12:11,66.06,422790,64,卖盘
1995,11:12:14,66.06,33033,5,卖盘
1996,11:12:17,66.06,26424,4,卖盘
1997,11:12:20,66.07,6607,1,买盘
1998,11:12:23,66.07,13213,2,买盘
1999,11:12:26,66.07,449405,68,买盘
2000,11:12:29,66.07,171782,26,卖盘
2001,11:12:32,66.11,13222,2,买盘
2002,11:12:35,66.11,79325,12,买盘
2003,11:12:38,66.12,72722,11,买盘
2004,11:12:41,66.11,271076,41,卖盘
2005,11:12:44,66.12,19836,3,买盘
2006,11:12:47,66.16,33071,5,买盘
2007,11:12:50,66.17,171988,26,买盘
2008,11:12:53,66.17,26466,4,买盘
2009,11:12:56,66.15,52925,8,卖盘
2010,11:12:59,66.16,152168,23,卖盘
2011,11:13:02,66.18,165407,25,买盘
2012,11:13:05,66.18,19854,3,卖盘
2013,11:13:08,66.15,178658,27,卖盘
2014,11:13:11,66.18,26472,4,中性盘
2015,11:13:14,66.15,138915,21,卖盘
2016,11:13:17,66.18,165383,25,买盘
2017,11:13:20,66.18,26472,4,买盘
2018,11:13:23,66.18,112451,17,买盘
2019,11:13:26,66.13,218250,33,卖盘
2020,11:13:29,66.13,105794,16,买盘
2021,11:13:35,66.15,6615,1,卖盘
2022,11:13:38,66.15,52920,8,卖盘
2023,11:13:41,66.15,13230,2,卖盘
2024,11:13:44,66.15,92610,14,卖盘
2025,11:13:47,66.15,125668,19,买盘
2026,11:13:50,66.26,1171594,177,买盘
2027,11:13:53,66.15,6615,1,卖盘
2028,11:13:56,66.15,6615,1,卖盘
2029,11:13:59,66.15,337324,51,中性盘
2030,11:14:02,66.14,33074,5,卖盘
2031,11:14:05,66.13,52904,8,卖盘
2032,11:14:08,66.14,59537,9,中性盘
2033,11:14:14,66.14,211617,32,中性盘
2034,11:14:17,66.12,205027,31,卖盘
2035,11:14:20,66.15,72749,11,买盘
2036,11:14:23,66.15,85988,13,买盘
2037,11:14:26,66.15,1328870,201,卖盘
2038,11:14:29,66.2,383706,58,买盘
2039,11:14:32,66.2,13240,2,买盘
2040,11:14:35,66.2,33097,5,买盘
2041,11:14:38,66.18,19854,3,中性盘
2042,11:14:41,66.16,13232,2,中性盘
2043,11:14:44,66.14,145525,22,卖盘
2044,11:14:50,66.14,26453,4,买盘
2045,11:14:53,66.12,99198,15,卖盘
2046,11:14:56,66.1,26442,4,卖盘
2047,11:14:59,66.1,92541,14,卖盘
2048,11:15:02,66.12,191686,29,买盘
2049,11:15:05,66.12,26445,4,买盘
2050,11:15:08,66.12,26448,4,买盘
2051,11:15:11,66.11,99168,15,卖盘
2052,11:15:14,66.11,85936,13,买盘
2053,11:15:17,66.11,112387,17,买盘
2054,11:15:20,66.11,26444,4,卖盘
2055,11:15:23,66.12,6612,1,买盘
2056,11:15:26,66.1,376879,57,卖盘
2057,11:15:32,66.12,33060,5,卖盘
2058,11:15:35,66.12,6612,1,卖盘
2059,11:15:38,66.12,33061,5,卖盘
2060,11:15:44,66.12,323944,49,卖盘
2061,11:15:47,66.12,178524,27,卖盘
2062,11:15:50,66.12,26448,4,卖盘
2063,11:15:53,66.12,26448,4,卖盘
2064,11:15:56,66.13,33062,5,买盘
2065,11:15:59,66.1,79320,12,卖盘
2066,11:16:02,66.1,403320,61,买盘
2067,11:16:05,66.1,39660,6,卖盘
2068,11:16:08,66.1,26440,4,卖盘
2069,11:16:11,66.11,33055,5,中性盘
2070,11:16:14,66.11,13222,2,卖盘
2071,11:16:17,66.14,251237,38,买盘
2072,11:16:20,66.16,205099,31,买盘
2073,11:16:23,66.18,138958,21,买盘
2074,11:16:26,66.16,198480,30,卖盘
2075,11:16:29,66.13,251299,38,卖盘
2076,11:16:32,66.15,198402,30,买盘
2077,11:16:35,66.13,13226,2,卖盘
2078,11:16:38,66.13,6613,1,卖盘
2079,11:16:41,66.14,218228,33,买盘
2080,11:16:44,66.12,383564,58,卖盘
2081,11:16:47,66.13,33065,5,买盘
2082,11:16:53,66.14,52912,8,买盘
2083,11:16:56,66.14,85984,13,买盘
2084,11:16:59,66.13,99195,15,卖盘
2085,11:17:02,66.13,59514,9,买盘
2086,11:17:05,66.13,112416,17,买盘
2087,11:17:08,66.13,119006,18,买盘
2088,11:17:11,66.13,85973,13,买盘
2089,11:17:14,66.14,165324,25,买盘
2090,11:17:17,66.14,92587,14,中性盘
2091,11:17:20,66.14,39684,6,卖盘
2092,11:17:23,66.14,59531,9,卖盘
2093,11:17:26,66.07,2121554,321,卖盘
2094,11:17:29,66.12,145481,22,中性盘
2095,11:17:32,66.11,46283,7,中性盘
2096,11:17:35,66.16,138915,21,买盘
2097,11:17:38,66.16,6616,1,卖盘
2098,11:17:41,66.11,66110,10,卖盘
2099,11:17:44,66.11,165275,25,卖盘
2100,11:17:50,66.11,59492,9,中性盘
2101,11:17:53,66.11,46277,7,卖盘
2102,11:17:56,66.11,39666,6,卖盘
2103,11:17:59,66.12,680922,103,买盘
2104,11:18:02,66.11,13225,2,中性盘
2105,11:18:05,66.14,52908,8,买盘
2106,11:18:11,66.12,39670,6,卖盘
2107,11:18:14,66.1,694087,105,卖盘
2108,11:18:17,66.1,52877,8,买盘
2109,11:18:20,66.1,66097,10,买盘
2110,11:18:23,66.11,191703,29,买盘
2111,11:18:26,66.14,198351,30,买盘
2112,11:18:29,66.1,740339,112,卖盘
2113,11:18:32,66.18,112492,17,买盘
2114,11:18:35,66.24,86095,13,买盘
2115,11:18:38,66.21,79452,12,中性盘
2116,11:18:41,66.21,26484,4,买盘
2117,11:18:44,66.21,258187,39,买盘
2118,11:18:47,66.22,72834,11,买盘
2119,11:18:50,66.21,33108,5,卖盘
2120,11:18:53,66.22,119183,18,买盘
2121,11:18:56,66.22,92706,14,买盘
2122,11:18:59,66.2,59588,9,卖盘
2123,11:19:02,66.18,661967,100,卖盘
2124,11:19:05,66.18,13236,2,买盘
2125,11:19:08,66.15,417005,63,卖盘
2126,11:19:11,66.18,6618,1,买盘
2127,11:19:14,66.15,13230,2,卖盘
2128,11:19:17,66.13,257960,39,卖盘
2129,11:19:20,66.13,66131,10,卖盘
2130,11:19:23,66.14,85968,13,买盘
2131,11:19:26,66.11,231465,35,卖盘
2132,11:19:29,66.13,46287,7,买盘
2133,11:19:35,66.11,165277,25,卖盘
2134,11:19:38,66.12,119000,18,买盘
2135,11:19:41,66.13,105808,16,买盘
2136,11:19:44,66.11,46281,7,卖盘
2137,11:19:47,66.11,33055,5,卖盘
2138,11:19:50,66.12,198360,30,买盘
2139,11:19:56,66.13,92582,14,卖盘
2140,11:19:59,66.14,152091,23,买盘
2141,11:20:02,66.14,132244,20,买盘
2142,11:20:05,66.12,19838,3,中性盘
2143,11:20:08,66.13,26450,4,买盘
2144,11:20:11,66.12,39675,6,中性盘
2145,11:20:14,66.11,46280,7,卖盘
2146,11:20:17,66.12,26448,4,买盘
2147,11:20:20,66.12,317397,48,买盘
2148,11:20:23,66.11,224790,34,卖盘
2149,11:20:26,66.11,52888,8,买盘
2150,11:20:29,66.1,237968,36,卖盘
2151,11:20:32,66.1,19831,3,卖盘
2152,11:20:35,66.11,317328,48,买盘
2153,11:20:38,66.15,198409,30,买盘
2154,11:20:41,66.18,231507,35,买盘
2155,11:20:44,66.18,72763,11,买盘
2156,11:20:47,66.17,6617,1,中性盘
2157,11:20:50,66.16,125732,19,中性盘
2158,11:20:53,66.17,6617,1,买盘
2159,11:20:56,66.18,13236,2,中性盘
2160,11:20:59,66.17,59553,9,卖盘
2161,11:21:02,66.16,26465,4,卖盘
2162,11:21:05,66.17,79404,12,买盘
2163,11:21:08,66.17,13233,2,买盘
2164,11:21:11,66.15,52924,8,卖盘
2165,11:21:14,66.16,621717,94,买盘
2166,11:21:17,66.13,39679,6,中性盘
2167,11:21:20,66.14,33064,5,买盘
2168,11:21:23,66.13,297604,45,中性盘
2169,11:21:26,66.11,323950,49,卖盘
2170,11:21:29,66.14,6614,1,买盘
2171,11:21:32,66.14,6614,1,买盘
2172,11:21:35,66.14,72754,11,买盘
2173,11:21:38,66.14,79368,12,买盘
2174,11:21:41,66.13,72746,11,卖盘
2175,11:21:44,66.13,112421,17,卖盘
2176,11:21:47,66.11,66115,10,卖盘
2177,11:21:50,66.12,92568,14,买盘
2178,11:21:53,66.14,224861,34,买盘
2179,11:21:56,66.15,271235,41,卖盘
2180,11:22:02,66.16,52928,8,中性盘
2181,11:22:05,66.16,132329,20,买盘
2182,11:22:08,66.16,6616,1,卖盘
2183,11:22:11,66.16,119089,18,卖盘
2184,11:22:14,66.14,33070,5,卖盘
2185,11:22:17,66.15,39690,6,买盘
2186,11:22:20,66.14,6614,1,卖盘
2187,11:22:23,66.15,205065,31,买盘
2188,11:22:26,66.15,132300,20,卖盘
2189,11:22:29,66.14,19842,3,卖盘
2190,11:22:32,66.13,224892,34,卖盘
2191,11:22:35,66.13,39678,6,买盘
2192,11:22:38,66.13,165323,25,买盘
2193,11:22:41,66.13,39678,6,卖盘
2194,11:22:44,66.15,423290,64,买盘
2195,11:22:47,66.16,66145,10,买盘
2196,11:22:50,66.11,720613,109,卖盘
2197,11:22:53,66.11,19833,3,买盘
2198,11:22:56,66.1,277630,42,卖盘
2199,11:22:59,66.1,304072,46,卖盘
2200,11:23:05,66.1,26441,4,卖盘
2201,11:23:11,66.1,337118,51,卖盘
2202,11:23:17,66.1,429650,65,卖盘
2203,11:23:20,66.09,39660,6,卖盘
2204,11:23:23,66.09,26436,4,卖盘
2205,11:23:26,66.08,132174,20,卖盘
2206,11:23:29,66.08,105733,16,卖盘
2207,11:23:32,66.08,132160,20,卖盘
2208,11:23:35,66.08,297348,45,买盘
2209,11:23:38,66.08,13216,2,买盘
2210,11:23:41,66.08,112335,17,买盘
2211,11:23:44,66.07,270902,41,卖盘
2212,11:23:47,66.08,6608,1,买盘
2213,11:23:50,66.08,6608,1,买盘
2214,11:23:53,66.08,191632,29,买盘
2215,11:23:59,66.08,224672,34,卖盘
2216,11:24:02,66.08,19824,3,卖盘
2217,11:24:05,66.09,85905,13,买盘
2218,11:24:08,66.07,33037,5,卖盘
2219,11:24:11,66.08,151984,23,买盘
2220,11:24:14,66.07,59471,9,卖盘
2221,11:24:17,66.07,310535,47,卖盘
2222,11:24:20,66.07,132145,20,卖盘
2223,11:24:23,66.09,237903,36,买盘
2224,11:24:29,66.09,158612,24,卖盘
2225,11:24:32,66.07,39644,6,卖盘
2226,11:24:35,66.09,26430,4,买盘
2227,11:24:38,66.07,634279,96,卖盘
2228,11:24:41,66.07,185000,28,卖盘
2229,11:24:44,66.07,303927,46,卖盘
2230,11:24:47,66.06,198183,30,卖盘
2231,11:24:50,66.04,92468,14,卖盘
2232,11:24:53,66.03,204697,31,卖盘
2233,11:24:56,66.01,158444,24,卖盘
2234,11:24:59,66.0,957131,145,卖盘
2235,11:25:02,65.99,1082395,164,卖盘
2236,11:25:05,65.98,316714,48,卖盘
2237,11:25:08,65.98,626782,95,卖盘
2238,11:25:11,65.95,415581,63,卖盘
2239,11:25:14,65.92,211012,32,卖盘
2240,11:25:17,65.92,39552,6,卖盘
2241,11:25:20,65.93,19777,3,买盘
2242,11:25:23,65.92,217556,33,卖盘
2243,11:25:26,65.92,1015216,154,卖盘
2244,11:25:29,65.97,263694,40,买盘
2245,11:25:32,65.97,6597,1,卖盘
2246,11:25:35,65.92,39573,6,卖盘
2247,11:25:38,65.92,39558,6,卖盘
2248,11:25:41,65.9,481108,73,卖盘
2249,11:25:44,65.89,382317,58,卖盘
2250,11:25:47,65.9,6590,1,卖盘
2251,11:25:50,65.98,402352,61,买盘
2252,11:25:53,65.98,19794,3,卖盘
2253,11:25:56,66.04,264013,40,买盘
2254,11:25:59,65.99,739138,112,卖盘
2255,11:26:02,66.04,145282,22,买盘
2256,11:26:05,66.04,277368,42,卖盘
2257,11:26:08,66.05,145293,22,买盘
2258,11:26:11,66.04,1472693,223,卖盘
2259,11:26:14,66.04,224536,34,卖盘
2260,11:26:17,66.02,33011,5,卖盘
2261,11:26:20,66.0,79214,12,卖盘
2262,11:26:23,66.02,178243,27,买盘
2263,11:26:26,66.01,448810,68,买盘
2264,11:26:29,66.04,244249,37,买盘
2265,11:26:32,66.04,19812,3,买盘
2266,11:26:35,66.02,19807,3,中性盘
2267,11:26:38,66.02,59412,9,买盘
2268,11:26:41,66.01,26406,4,卖盘
2269,11:26:44,66.02,283850,43,买盘
2270,11:26:47,66.02,105631,16,买盘
2271,11:26:50,66.02,26408,4,买盘
2272,11:26:53,66.02,66020,10,买盘
2273,11:26:59,66.01,283844,43,卖盘
2274,11:27:02,66.0,270638,41,卖盘
2275,11:27:05,66.0,132001,20,卖盘
2276,11:27:08,66.02,514940,78,买盘
2277,11:27:11,66.02,13205,2,卖盘
2278,11:27:14,66.02,224468,34,卖盘
2279,11:27:17,66.02,125438,19,卖盘
2280,11:27:20,66.02,66016,10,买盘
2281,11:27:23,66.0,39601,6,卖盘
2282,11:27:26,66.0,396019,60,卖盘
2283,11:27:29,66.0,303600,46,卖盘
2284,11:27:32,66.0,66000,10,卖盘
2285,11:27:35,66.01,79212,12,买盘
2286,11:27:38,66.0,46205,7,卖盘
2287,11:27:41,66.0,250804,38,卖盘
2288,11:27:44,66.04,13208,2,买盘
2289,11:27:47,66.06,66041,10,买盘
2290,11:27:50,66.0,468628,71,卖盘
2291,11:27:59,66.02,99030,15,卖盘
2292,11:28:02,66.0,191408,29,卖盘
2293,11:28:05,66.01,224435,34,中性盘
2294,11:28:08,66.0,132000,20,卖盘
2295,11:28:11,66.0,1089000,165,卖盘
2296,11:28:14,66.0,224400,34,卖盘
2297,11:28:17,65.99,52798,8,卖盘
2298,11:28:20,65.99,468544,71,卖盘
2299,11:28:23,66.01,99000,15,买盘
2300,11:28:26,65.99,19799,3,卖盘
2301,11:28:29,65.99,211168,32,卖盘
2302,11:28:32,65.99,204584,31,卖盘
2303,11:28:35,65.99,85787,13,卖盘
2304,11:28:38,65.99,171576,26,卖盘
2305,11:28:41,65.99,864475,131,卖盘
2306,11:28:44,65.98,930350,141,卖盘
2307,11:28:47,65.98,943516,143,卖盘
2308,11:28:50,65.98,112166,17,卖盘
2309,11:28:53,65.98,105568,16,卖盘
2310,11:28:56,65.99,204539,31,买盘
2311,11:28:59,65.98,237531,36,卖盘
2312,11:29:02,65.98,508046,77,卖盘
2313,11:29:05,66.0,151777,23,买盘
2314,11:29:08,66.0,66000,10,买盘
2315,11:29:11,65.98,164960,25,卖盘
2316,11:29:14,65.99,13198,2,买盘
2317,11:29:17,65.99,151777,23,买盘
2318,11:29:20,65.99,65990,10,买盘
2319,11:29:23,66.03,151812,23,买盘
2320,11:29:29,66.01,112258,17,卖盘
2321,11:29:32,66.0,171623,26,卖盘
2322,11:29:41,66.05,6605,1,买盘
2323,11:29:44,66.01,85813,13,卖盘
2324,11:29:47,66.01,125419,19,买盘
2325,11:29:50,66.07,33033,5,买盘
2326,11:29:53,66.08,72684,11,买盘
2327,11:29:56,66.08,224456,34,买盘
2328,11:29:59,66.08,13216,2,中性盘
2329,11:30:02,66.06,33030,5,买盘
2330,13:00:02,66.09,336970,51,买盘
2331,13:00:05,66.09,330364,50,买盘
2332,13:00:08,66.06,773060,117,卖盘
2333,13:00:11,66.06,290705,44,卖盘
2334,13:00:14,66.06,204787,31,卖盘
2335,13:00:17,66.06,277492,42,卖盘
2336,13:00:20,66.1,132171,20,买盘
2337,13:00:26,66.09,26435,4,卖盘
2338,13:00:29,66.09,264360,40,买盘
2339,13:00:32,66.13,72716,11,买盘
2340,13:00:35,66.14,72748,11,买盘
2341,13:00:38,66.14,79368,12,买盘
2342,13:00:41,66.15,304259,46,买盘
2343,13:00:44,66.15,251378,38,卖盘
2344,13:00:50,66.14,26471,4,卖盘
2345,13:00:53,66.2,99305,15,买盘
2346,13:00:56,66.15,231541,35,卖盘
2347,13:00:59,66.22,19866,3,中性盘
2348,13:01:02,66.24,351061,53,买盘
2349,13:01:05,66.27,198734,30,买盘
2350,13:01:11,66.28,46394,7,买盘
2351,13:01:14,66.27,284966,43,卖盘
2352,13:01:17,66.29,543537,82,买盘
2353,13:01:20,66.26,159090,24,卖盘
2354,13:01:23,66.29,46403,7,买盘
2355,13:01:26,66.27,238578,36,卖盘
2356,13:01:29,66.29,53027,8,买盘
2357,13:01:32,66.3,86183,13,买盘
2358,13:01:35,66.3,99450,15,买盘
2359,13:01:41,66.32,251961,38,中性盘
2360,13:01:44,66.32,26528,4,买盘
2361,13:01:47,66.32,66322,10,买盘
2362,13:01:50,66.32,19896,3,卖盘
2363,13:01:53,66.33,66329,10,买盘
2364,13:01:56,66.38,238832,36,买盘
2365,13:01:59,66.38,126107,19,卖盘
2366,13:02:02,66.39,258808,39,买盘
2367,13:02:05,66.4,106234,16,买盘
2368,13:02:08,66.4,305440,46,买盘
2369,13:02:11,66.39,524535,79,卖盘
2370,13:02:14,66.38,112854,17,卖盘
2371,13:02:17,66.33,590788,89,卖盘
2372,13:02:20,66.29,1239959,187,卖盘
2373,13:02:23,66.21,178839,27,卖盘
2374,13:02:26,66.19,344437,52,卖盘
2375,13:02:29,66.19,39718,6,卖盘
2376,13:02:32,66.29,682431,103,买盘
2377,13:02:38,66.19,72809,11,卖盘
2378,13:02:41,66.2,99310,15,卖盘
2379,13:02:44,66.2,132400,20,买盘
2380,13:02:47,66.19,33095,5,卖盘
2381,13:02:50,66.2,52968,8,中性盘
2382,13:02:59,66.14,450010,68,卖盘
2383,13:03:02,66.17,185252,28,买盘
2384,13:03:05,66.13,52910,8,卖盘
2385,13:03:08,66.12,92569,14,卖盘
2386,13:03:11,66.07,350295,53,卖盘
2387,13:03:17,66.1,13220,2,买盘
2388,13:03:20,66.15,561982,85,买盘
2389,13:03:23,66.1,125650,19,卖盘
2390,13:03:29,66.17,198452,30,买盘
2391,13:03:32,66.15,39690,6,卖盘
2392,13:03:38,66.16,105847,16,中性盘
2393,13:03:41,66.21,872715,132,买盘
2394,13:03:44,66.21,79452,12,卖盘
2395,13:03:47,66.21,6621,1,买盘
2396,13:03:50,66.2,26480,4,中性盘
2397,13:03:56,66.21,178728,27,买盘
2398,13:03:59,66.18,198640,30,卖盘
2399,13:04:02,66.18,72789,11,买盘
2400,13:04:05,66.17,39702,6,卖盘
2401,13:04:08,66.18,178671,27,买盘
2402,13:04:14,66.2,178743,27,卖盘
2403,13:04:17,66.25,125844,19,买盘
2404,13:04:20,66.2,33101,5,卖盘
2405,13:04:23,66.26,26492,4,买盘
2406,13:04:26,66.2,6620,1,卖盘
2407,13:04:29,66.2,33100,5,买盘
2408,13:04:32,66.19,59575,9,卖盘
2409,13:04:35,66.2,145640,22,买盘
2410,13:04:38,66.2,26480,4,卖盘
2411,13:04:44,66.21,112557,17,卖盘
2412,13:04:47,66.26,708672,107,买盘
2413,13:04:50,66.21,26484,4,中性盘
2414,13:04:53,66.23,66249,10,中性盘
2415,13:04:56,66.23,231739,35,买盘
2416,13:05:02,66.21,132467,20,卖盘
2417,13:05:05,66.22,72849,11,中性盘
2418,13:05:08,66.21,1350686,204,卖盘
2419,13:05:11,66.17,1059126,160,卖盘
2420,13:05:14,66.12,191819,29,卖盘
2421,13:05:17,66.13,72731,11,中性盘
2422,13:05:20,66.12,26446,4,中性盘
2423,13:05:23,66.1,892384,135,卖盘
2424,13:05:26,66.1,211520,32,卖盘
2425,13:05:29,66.1,211521,32,卖盘
2426,13:05:38,66.08,59477,9,卖盘
2427,13:05:41,66.1,125576,19,买盘
2428,13:05:44,66.07,165170,25,卖盘
2429,13:05:47,66.06,99108,15,卖盘
2430,13:05:53,66.07,13215,2,中性盘
2431,13:05:56,66.07,184999,28,卖盘
2432,13:05:59,66.09,19827,3,买盘
2433,13:06:02,66.08,85921,13,卖盘
2434,13:06:05,66.09,13219,2,中性盘
2435,13:06:08,66.09,52869,8,买盘
2436,13:06:11,66.08,337256,51,卖盘
2437,13:06:14,66.08,99123,15,卖盘
2438,13:06:17,66.12,6612,1,中性盘
2439,13:06:20,66.08,158611,24,卖盘
2440,13:06:23,66.08,125552,19,卖盘
2441,13:06:26,66.08,151984,23,卖盘
2442,13:06:29,66.08,158672,24,买盘
2443,13:06:32,66.07,264280,40,卖盘
2444,13:06:35,66.08,151970,23,买盘
2445,13:06:38,66.12,99157,15,买盘
2446,13:06:41,66.06,204798,31,卖盘
2447,13:06:44,66.07,85884,13,中性盘
2448,13:06:47,66.08,33040,5,卖盘
2449,13:06:50,66.07,19820,3,中性盘
2450,13:06:53,66.08,52854,8,买盘
2451,13:06:56,66.07,39652,6,卖盘
2452,13:06:59,66.06,409575,62,卖盘
2453,13:07:02,66.07,6607,1,买盘
2454,13:07:05,66.07,26427,4,买盘
2455,13:07:08,66.11,99134,15,买盘
2456,13:07:11,66.1,59466,9,中性盘
2457,13:07:14,66.07,185004,28,卖盘
2458,13:07:17,66.05,1663758,252,卖盘
2459,13:07:20,66.06,46242,7,中性盘
2460,13:07:23,66.05,6605,1,卖盘
2461,13:07:26,66.06,191515,29,买盘
2462,13:07:29,66.02,52826,8,卖盘
2463,13:07:32,66.06,244292,37,买盘
2464,13:07:35,66.01,231048,35,卖盘
2465,13:07:41,66.02,19806,3,卖盘
2466,13:07:47,66.02,99030,15,买盘
2467,13:07:50,66.02,72622,11,买盘
2468,13:07:53,66.02,99030,15,买盘
2469,13:07:56,66.03,33015,5,卖盘
2470,13:07:59,66.03,211297,32,卖盘
2471,13:08:02,66.04,6604,1,买盘
2472,13:08:05,66.03,244311,37,卖盘
2473,13:08:08,65.99,4435300,672,卖盘
2474,13:08:11,65.99,2230461,338,卖盘
2475,13:08:14,65.98,1708885,259,卖盘
2476,13:08:17,65.96,686177,104,卖盘
2477,13:08:20,65.99,6599,1,中性盘
2478,13:08:23,65.96,39594,6,卖盘
2479,13:08:26,65.97,39587,6,卖盘
2480,13:08:29,65.97,6597,1,中性盘
2481,13:08:32,65.96,184732,28,卖盘
2482,13:08:35,65.96,105561,16,卖盘
2483,13:08:38,65.97,32983,5,中性盘
2484,13:08:44,65.97,19791,3,卖盘
2485,13:08:47,65.97,105552,16,买盘
2486,13:08:50,65.97,92353,14,买盘
2487,13:08:53,65.96,474924,72,卖盘
2488,13:08:56,66.01,263879,40,买盘
2489,13:08:59,65.97,244103,37,卖盘
2490,13:09:02,66.01,138563,21,买盘
2491,13:09:05,65.99,92364,14,中性盘
2492,13:09:08,66.0,231016,35,买盘
2493,13:09:11,66.0,151752,23,卖盘
2494,13:09:14,65.99,72576,11,卖盘
2495,13:09:17,65.98,105584,16,卖盘
2496,13:09:20,65.99,356344,54,买盘
2497,13:09:23,65.99,290339,44,买盘
2498,13:09:26,65.99,263950,40,卖盘
2499,13:09:29,65.98,164893,25,中性盘
2500,13:09:32,65.95,184726,28,卖盘
2501,13:09:35,65.96,191288,29,中性盘
2502,13:09:38,65.96,131918,20,卖盘
2503,13:09:41,65.94,237387,36,卖盘
2504,13:09:44,65.93,32968,5,卖盘
2505,13:09:47,65.92,59335,9,卖盘
2506,13:09:50,65.92,164806,25,卖盘
2507,13:09:53,65.93,290060,44,买盘
2508,13:09:56,65.93,230722,35,买盘
2509,13:09:59,65.92,52738,8,卖盘
2510,13:10:02,65.92,46144,7,买盘
2511,13:10:05,65.92,210933,32,买盘
2512,13:10:08,65.92,184587,28,买盘
2513,13:10:11,65.93,59329,9,中性盘
2514,13:10:14,65.92,13185,2,卖盘
2515,13:10:17,65.91,290023,44,卖盘
2516,13:10:20,65.9,151582,23,卖盘
2517,13:10:23,65.91,224067,34,买盘
2518,13:10:26,65.9,263601,40,卖盘
2519,13:10:29,65.91,158165,24,买盘
2520,13:10:32,65.9,191113,29,卖盘
2521,13:10:35,65.91,85677,13,买盘
2522,13:10:38,65.91,98868,15,买盘
2523,13:10:41,65.89,593121,90,卖盘
2524,13:10:44,65.88,210838,32,卖盘
2525,13:10:47,65.9,26358,4,中性盘
2526,13:10:50,65.89,263565,40,中性盘
2527,13:10:53,65.9,65899,10,中性盘
2528,13:10:56,65.9,276730,42,卖盘
2529,13:10:59,65.88,342674,52,卖盘
2530,13:11:02,65.87,276683,42,卖盘
2531,13:11:05,65.88,26352,4,卖盘
2532,13:11:08,65.87,65880,10,卖盘
2533,13:11:11,65.87,362290,55,卖盘
2534,13:11:14,65.86,230525,35,卖盘
2535,13:11:17,65.85,72442,11,卖盘
2536,13:11:20,65.84,645333,98,卖盘
2537,13:11:23,65.83,217254,33,卖盘
2538,13:11:26,65.87,599196,91,买盘
2539,13:11:29,65.82,269992,41,卖盘
2540,13:11:32,65.82,105320,16,卖盘
2541,13:11:35,65.83,105346,16,卖盘
2542,13:11:38,65.83,65830,10,卖盘
2543,13:11:41,65.83,13166,2,卖盘
2544,13:11:44,65.84,296280,45,买盘
2545,13:11:47,65.84,92176,14,卖盘
2546,13:11:50,65.84,269944,41,卖盘
2547,13:11:53,65.85,138267,21,买盘
2548,13:11:56,65.84,1000904,152,卖盘
2549,13:11:59,65.82,164555,25,卖盘
2550,13:12:02,65.82,862589,131,卖盘
2551,13:12:05,65.85,612342,93,中性盘
2552,13:12:08,65.81,256730,39,卖盘
2553,13:12:11,65.84,276512,42,买盘
2554,13:12:14,65.86,217276,33,买盘
2555,13:12:17,65.84,65840,10,卖盘
2556,13:12:20,65.86,125140,19,买盘
2557,13:12:23,65.86,26344,4,卖盘
2558,13:12:29,65.94,270073,41,买盘
2559,13:12:32,65.86,125184,19,卖盘
2560,13:12:35,65.93,230580,35,买盘
2561,13:12:38,65.87,59317,9,中性盘
2562,13:12:41,65.87,79044,12,卖盘
2563,13:12:44,65.87,125149,19,买盘
2564,13:12:47,65.87,85635,13,买盘
2565,13:12:50,65.87,59283,9,卖盘
2566,13:12:53,65.93,171291,26,买盘
2567,13:12:56,65.86,243746,37,卖盘
2568,13:12:59,65.92,19776,3,中性盘
2569,13:13:02,65.95,164805,25,买盘
2570,13:13:05,66.0,59368,9,买盘
2571,13:13:08,66.0,26390,4,买盘
2572,13:13:11,65.93,230851,35,卖盘
2573,13:13:14,65.97,59373,9,卖盘
2574,13:13:17,65.93,316464,48,卖盘
2575,13:13:20,65.99,59377,9,买盘
2576,13:13:23,66.0,26396,4,买盘
2577,13:13:26,65.99,171628,26,卖盘
2578,13:13:29,65.99,79185,12,买盘
2579,13:13:32,65.99,39593,6,买盘
2580,13:13:35,65.98,52787,8,中性盘
2581,13:13:38,65.97,39584,6,卖盘
2582,13:13:41,66.0,263986,40,买盘
2583,13:13:44,65.97,217703,33,卖盘
2584,13:13:47,65.95,270441,41,卖盘
2585,13:13:50,65.95,13192,2,卖盘
2586,13:13:53,65.97,593710,90,买盘
2587,13:13:56,65.94,217651,33,卖盘
2588,13:13:59,65.95,85725,13,卖盘
2589,13:14:02,65.93,804860,122,卖盘
2590,13:14:05,65.96,46171,7,买盘
2591,13:14:08,65.9,184696,28,卖盘
2592,13:14:11,65.96,65957,10,中性盘
2593,13:14:14,65.93,395707,60,卖盘
2594,13:14:17,65.92,369229,56,卖盘
2595,13:14:20,65.94,323089,49,买盘
2596,13:14:23,65.92,19777,3,卖盘
2597,13:14:26,65.93,112053,17,买盘
2598,13:14:29,65.92,204349,31,买盘
2599,13:14:32,65.94,72521,11,买盘
2600,13:14:35,65.91,52741,8,卖盘
2601,13:14:38,65.94,65940,10,买盘
2602,13:14:41,65.94,32970,5,卖盘
2603,13:14:44,65.93,243977,37,卖盘
2604,13:14:47,65.93,59345,9,买盘
2605,13:14:50,65.92,32962,5,卖盘
2606,13:14:53,65.94,6594,1,中性盘
2607,13:14:56,65.92,72512,11,卖盘
2608,13:14:59,65.92,171390,26,买盘
2609,13:15:02,65.92,13184,2,买盘
2610,13:15:05,65.91,32956,5,卖盘
2611,13:15:08,65.92,131822,20,买盘
2612,13:15:11,65.91,369104,56,卖盘
2613,13:15:14,65.9,46135,7,卖盘
2614,13:15:17,65.9,217494,33,卖盘
2615,13:15:20,65.92,72492,11,买盘
2616,13:15:23,65.89,237244,36,卖盘
2617,13:15:26,65.89,256971,39,卖盘
2618,13:15:29,65.88,303036,46,卖盘
2619,13:15:32,65.88,322772,49,买盘
2620,13:15:35,65.88,421579,64,买盘
2621,13:15:38,65.87,32935,5,卖盘
2622,13:15:41,65.86,362239,55,卖盘
2623,13:15:44,65.85,144882,22,卖盘
2624,13:15:47,65.84,447777,68,卖盘
2625,13:15:50,65.84,302864,46,卖盘
2626,13:15:53,65.83,111924,17,卖盘
2627,13:15:56,65.83,269890,41,买盘
2628,13:15:59,65.86,368727,56,买盘
2629,13:16:02,65.88,72458,11,买盘
2630,13:16:05,65.87,131714,20,中性盘
2631,13:16:08,65.88,26345,4,买盘
2632,13:16:11,65.88,118562,18,买盘
2633,13:16:14,65.87,197553,30,买盘
2634,13:16:17,65.88,39522,6,买盘
2635,13:16:20,65.87,72467,11,卖盘
2636,13:16:23,65.87,46112,7,卖盘
2637,13:16:26,65.88,171284,26,买盘
2638,13:16:29,65.86,454578,69,卖盘
2639,13:16:32,65.86,111961,17,卖盘
2640,13:16:35,65.85,32922,5,中性盘
2641,13:16:38,65.84,691504,105,卖盘
2642,13:16:41,65.84,39504,6,卖盘
2643,13:16:44,65.88,263360,40,买盘
2644,13:16:47,65.84,711581,108,卖盘
2645,13:16:50,65.84,46088,7,卖盘
2646,13:16:56,65.84,296283,45,卖盘
2647,13:16:59,65.85,362276,55,中性盘
2648,13:17:02,65.85,26340,4,中性盘
2649,13:17:05,65.84,395175,60,卖盘
2650,13:17:08,65.86,382038,58,中性盘
2651,13:17:11,65.89,237174,36,买盘
2652,13:17:14,65.85,131728,20,卖盘
2653,13:17:17,65.86,19758,3,买盘
2654,13:17:20,65.86,474290,72,买盘
2655,13:17:23,65.9,19762,3,买盘
2656,13:17:26,65.86,144898,22,卖盘
2657,13:17:29,65.86,151518,23,买盘
2658,13:17:32,65.9,626050,95,买盘
2659,13:17:38,65.9,26360,4,卖盘
2660,13:17:41,65.91,13182,2,买盘
2661,13:17:44,65.93,316364,48,买盘
2662,13:17:47,65.9,92273,14,卖盘
2663,13:17:50,65.91,6591,1,买盘
2664,13:17:53,65.91,46137,7,买盘
2665,13:17:56,65.94,46149,7,买盘
2666,13:17:59,65.91,177977,27,卖盘
2667,13:18:02,65.91,26364,4,买盘
2668,13:18:05,65.91,92280,14,买盘
2669,13:18:08,65.91,6591,1,卖盘
2670,13:18:11,65.94,217512,33,买盘
2671,13:18:14,65.99,79152,12,买盘
2672,13:18:17,65.94,26376,4,买盘
2673,13:18:20,65.97,52760,8,买盘
2674,13:18:23,65.94,52784,8,中性盘
2675,13:18:26,65.94,85726,13,卖盘
2676,13:18:29,65.92,79109,12,卖盘
2677,13:18:32,65.94,92312,14,买盘
2678,13:18:35,65.92,145081,22,卖盘
2679,13:18:38,65.91,151615,23,卖盘
2680,13:18:41,65.91,217471,33,中性盘
2681,13:18:44,65.91,59320,9,卖盘
2682,13:18:47,65.92,204358,31,买盘
2683,13:18:53,65.96,6596,1,买盘
2684,13:18:56,66.01,171588,26,买盘
2685,13:18:59,65.92,171392,26,卖盘
2686,13:19:05,65.93,72520,11,买盘
2687,13:19:08,65.98,138493,21,买盘
2688,13:19:11,65.95,65955,10,中性盘
2689,13:19:14,65.99,13193,2,中性盘
2690,13:19:17,65.94,79128,12,买盘
2691,13:19:20,65.92,309898,47,卖盘
2692,13:19:23,65.91,112072,17,卖盘
2693,13:19:26,65.9,243862,37,卖盘
2694,13:19:29,65.91,13182,2,卖盘
2695,13:19:32,65.92,26368,4,买盘
2696,13:19:35,65.92,210940,32,买盘
2697,13:19:38,65.9,46150,7,卖盘
2698,13:19:44,65.91,39546,6,卖盘
2699,13:19:47,65.92,263645,40,买盘
2700,13:19:50,65.95,349532,53,买盘
2701,13:19:53,65.95,46164,7,买盘
2702,13:19:56,65.92,79108,12,卖盘
2703,13:19:59,65.92,171382,26,买盘
2704,13:20:02,65.92,32961,5,卖盘
2705,13:20:05,65.92,26368,4,卖盘
2706,13:20:08,65.98,85748,13,买盘
2707,13:20:11,65.93,138508,21,卖盘
2708,13:20:14,65.92,26370,4,卖盘
2709,13:20:17,65.94,92309,14,买盘
2710,13:20:20,65.94,171428,26,买盘
2711,13:20:29,65.94,39564,6,卖盘
2712,13:20:32,65.94,125286,19,买盘
2713,13:20:35,65.92,204376,31,卖盘
2714,13:20:38,65.91,59328,9,卖盘
2715,13:20:41,65.91,369109,56,卖盘
2716,13:20:44,65.91,19773,3,买盘
2717,13:20:47,65.9,46140,7,卖盘
2718,13:20:50,65.9,19772,3,卖盘
2719,13:20:56,65.92,13184,2,买盘
2720,13:20:59,65.91,184588,28,卖盘
2721,13:21:02,65.91,197730,30,买盘
2722,13:21:14,65.93,210977,32,卖盘
2723,13:21:17,65.93,6593,1,卖盘
2724,13:21:20,65.93,6593,1,买盘
2725,13:21:23,65.94,204405,31,买盘
2726,13:21:26,65.92,105476,16,卖盘
2727,13:21:29,65.93,112067,17,买盘
2728,13:21:32,65.95,145087,22,买盘
2729,13:21:41,65.94,19782,3,卖盘
2730,13:21:44,65.94,303322,46,买盘
2731,13:21:47,65.94,65943,10,买盘
2732,13:21:50,65.95,105504,16,买盘
2733,13:21:53,65.93,131860,20,卖盘
2734,13:21:56,65.96,19788,3,买盘
2735,13:21:59,65.95,244018,37,卖盘
2736,13:22:02,65.94,131889,20,卖盘
2737,13:22:05,65.94,13189,2,卖盘
2738,13:22:08,65.93,59343,9,卖盘
2739,13:22:11,65.93,19779,3,卖盘
2740,13:22:14,65.92,164800,25,卖盘
2741,13:22:17,65.92,158208,24,卖盘
2742,13:22:20,65.92,145024,22,买盘
2743,13:22:23,65.92,210917,32,买盘
2744,13:22:26,65.93,243883,37,买盘
2745,13:22:29,65.93,26372,4,买盘
2746,13:22:32,65.92,65923,10,卖盘
2747,13:22:35,65.93,39558,6,买盘
2748,13:22:38,65.94,59345,9,买盘
2749,13:22:41,65.94,171444,26,买盘
2750,13:22:44,65.93,237391,36,卖盘
2751,13:22:47,65.93,13192,2,卖盘
2752,13:22:50,65.93,59337,9,卖盘
2753,13:22:56,65.93,125270,19,卖盘
2754,13:22:59,66.0,184696,28,买盘
2755,13:23:02,66.0,125395,19,买盘
2756,13:23:05,66.04,99031,15,买盘
2757,13:23:08,66.04,99066,15,买盘
2758,13:23:11,66.11,79320,12,买盘
2759,13:23:14,66.03,118896,18,卖盘
2760,13:23:17,66.04,39622,6,买盘
2761,13:23:20,66.04,79246,12,买盘
2762,13:23:23,66.02,52820,8,卖盘
2763,13:23:26,66.02,415870,63,买盘
2764,13:23:29,66.02,19806,3,买盘
2765,13:23:32,66.02,39612,6,买盘
2766,13:23:35,66.01,79217,12,卖盘
2767,13:23:38,66.01,6601,1,卖盘
2768,13:23:41,66.0,277279,42,卖盘
2769,13:23:44,66.0,151800,23,买盘
2770,13:23:47,66.01,33003,5,买盘
2771,13:23:50,66.02,6602,1,买盘
2772,13:23:53,66.06,118840,18,买盘
2773,13:23:56,65.98,501571,76,卖盘
2774,13:23:59,65.98,131902,20,买盘
2775,13:24:02,65.97,39585,6,卖盘
2776,13:24:05,65.98,32975,5,买盘
2777,13:24:08,65.98,230801,35,买盘
2778,13:24:11,65.98,217600,33,买盘
2779,13:24:17,65.95,19785,3,中性盘
2780,13:24:23,65.97,92345,14,买盘
2781,13:24:26,65.98,329803,50,买盘
2782,13:24:29,66.01,125445,19,买盘
2783,13:24:32,65.98,6598,1,买盘
2784,13:24:35,65.96,52770,8,卖盘
2785,13:24:38,65.95,118726,18,卖盘
2786,13:24:41,65.95,125325,19,卖盘
2787,13:24:44,65.95,540790,82,卖盘
2788,13:24:47,65.96,79166,12,中性盘
2789,13:24:50,65.96,19790,3,卖盘
2790,13:24:56,65.96,217676,33,卖盘
2791,13:25:05,65.97,6597,1,买盘
2792,13:25:08,66.02,184787,28,买盘
2793,13:25:11,66.02,72621,11,买盘
2794,13:25:14,65.96,65976,10,卖盘
2795,13:25:17,65.96,52768,8,买盘
2796,13:25:20,65.96,39576,6,买盘
2797,13:25:23,65.97,131923,20,买盘
2798,13:25:29,65.96,125337,19,卖盘
2799,13:25:32,65.96,6596,1,卖盘
2800,13:25:35,65.97,131921,20,买盘
2801,13:25:38,65.96,72560,11,买盘
2802,13:25:41,65.95,1945575,295,卖盘
2803,13:25:44,65.95,85729,13,买盘
2804,13:25:47,65.94,19784,3,卖盘
2805,13:25:53,65.94,52752,8,卖盘
2806,13:25:56,65.93,250545,38,卖盘
2807,13:25:59,65.92,39557,6,卖盘
2808,13:26:02,65.92,145024,22,卖盘
2809,13:26:05,65.9,144983,22,卖盘
2810,13:26:08,65.86,797229,121,卖盘
2811,13:26:11,65.87,184385,28,中性盘
2812,13:26:14,65.86,302913,46,中性盘
2813,13:26:17,65.86,52687,8,买盘
2814,13:26:20,65.85,144882,22,卖盘
2815,13:26:23,65.85,26340,4,卖盘
2816,13:26:26,65.84,487283,74,卖盘
2817,13:26:29,65.84,230440,35,卖盘
2818,13:26:32,65.84,131679,20,买盘
2819,13:26:35,65.84,65839,10,买盘
2820,13:26:38,65.85,329192,50,买盘
2821,13:26:41,65.86,39511,6,买盘
2822,13:26:44,65.85,171210,26,卖盘
2823,13:26:47,65.86,368816,56,买盘
2824,13:26:50,65.86,184408,28,买盘
2825,13:26:53,65.87,158065,24,买盘
2826,13:26:59,65.87,32937,5,卖盘
2827,13:27:02,65.87,39522,6,买盘
2828,13:27:05,65.87,6587,1,买盘
2829,13:27:08,65.87,177831,27,买盘
2830,13:27:11,65.86,65869,10,卖盘
2831,13:27:14,65.86,184408,28,卖盘
2832,13:27:17,65.87,13174,2,卖盘
2833,13:27:20,65.88,118573,18,买盘
2834,13:27:23,65.88,111995,17,买盘
2835,13:27:26,65.86,19759,3,卖盘
2836,13:27:29,65.86,171236,26,卖盘
2837,13:27:32,65.87,52692,8,买盘
2838,13:27:35,65.86,79032,12,卖盘
2839,13:27:38,65.87,447829,68,买盘
2840,13:27:41,65.87,118566,18,卖盘
2841,13:27:44,65.84,474125,72,卖盘
2842,13:27:47,65.83,118502,18,卖盘
2843,13:27:50,65.85,59264,9,买盘
2844,13:27:53,65.87,256853,39,买盘
2845,13:27:56,65.88,52698,8,买盘
2846,13:27:59,65.84,184352,28,卖盘
2847,13:28:02,65.88,46110,7,买盘
2848,13:28:05,65.87,13174,2,买盘
2849,13:28:08,65.88,13175,2,买盘
2850,13:28:11,65.85,184384,28,卖盘
2851,13:28:14,65.86,6586,1,中性盘
2852,13:28:17,65.85,72445,11,卖盘
2853,13:28:23,65.85,13170,2,卖盘
2854,13:28:26,65.85,19755,3,卖盘
2855,13:28:29,65.85,184389,28,卖盘
2856,13:28:35,65.86,13172,2,买盘
2857,13:28:38,65.88,210800,32,买盘
2858,13:28:41,65.88,19764,3,买盘
2859,13:28:44,65.86,26348,4,卖盘
2860,13:28:47,65.86,26344,4,买盘
2861,13:28:50,65.85,223895,34,卖盘
2862,13:28:53,65.85,131685,20,买盘
2863,13:28:56,65.84,276534,42,卖盘
2864,13:28:59,65.85,243641,37,买盘
2865,13:29:02,65.85,85605,13,买盘
2866,13:29:05,65.88,171225,26,买盘
2867,13:29:08,65.88,72468,11,买盘
2868,13:29:11,65.87,111985,17,卖盘
2869,13:29:14,65.86,125141,19,卖盘
2870,13:29:17,65.85,125116,19,卖盘
2871,13:29:20,65.85,144880,22,卖盘
2872,13:29:23,65.86,223870,34,买盘
2873,13:29:26,65.84,105347,16,卖盘
2874,13:29:29,65.84,131680,20,买盘
2875,13:29:32,65.83,921647,140,卖盘
2876,13:29:41,65.84,19752,3,卖盘
2877,13:29:44,65.84,151444,23,卖盘
2878,13:29:47,65.84,52672,8,买盘
2879,13:29:50,65.86,85596,13,买盘
2880,13:29:53,65.85,32921,5,中性盘
2881,13:29:56,65.85,13170,2,买盘
2882,13:29:59,65.85,250217,38,买盘
2883,13:30:02,65.82,526691,80,卖盘
2884,13:30:05,65.82,236957,36,卖盘
2885,13:30:08,65.84,52677,8,中性盘
2886,13:30:11,65.84,13169,2,中性盘
2887,13:30:14,65.83,296277,45,卖盘
2888,13:30:17,65.84,6584,1,买盘
2889,13:30:20,65.83,26335,4,卖盘
2890,13:30:23,65.84,138252,21,买盘
2891,13:30:26,65.84,32919,5,卖盘
2892,13:30:29,65.83,434526,66,中性盘
2893,13:30:35,65.85,39510,6,买盘
2894,13:30:38,65.86,223892,34,买盘
2895,13:30:41,65.86,39516,6,买盘
2896,13:30:44,65.84,348992,53,卖盘
2897,13:30:50,65.85,6585,1,买盘
2898,13:30:53,65.84,111932,17,卖盘
2899,13:30:56,65.84,711072,108,卖盘
2900,13:30:59,65.84,46086,7,买盘
2901,13:31:02,65.84,65840,10,买盘
2902,13:31:05,65.84,92176,14,买盘
2903,13:31:11,65.84,52672,8,卖盘
2904,13:31:14,65.84,85592,13,卖盘
2905,13:31:17,65.84,92176,14,买盘
2906,13:31:20,65.84,32918,5,买盘
2907,13:31:23,65.84,144835,22,买盘
2908,13:31:26,65.83,177742,27,卖盘
2909,13:31:29,65.84,72417,11,买盘
2910,13:31:32,65.84,19750,3,买盘
2911,13:31:35,65.84,39504,6,买盘
2912,13:31:38,65.84,52672,8,买盘
2913,13:31:41,65.83,572690,87,卖盘
2914,13:31:44,65.83,85579,13,买盘
2915,13:31:47,65.83,217225,33,买盘
2916,13:31:50,65.84,32917,5,卖盘
2917,13:31:53,65.85,256774,39,买盘
2918,13:31:56,65.83,157994,24,卖盘
2919,13:31:59,65.84,6584,1,中性盘
2920,13:32:02,65.83,39503,6,卖盘
2921,13:32:05,65.84,85589,13,买盘
2922,13:32:08,65.84,427930,65,买盘
2923,13:32:11,65.84,302834,46,买盘
2924,13:32:14,65.83,171160,26,卖盘
2925,13:32:17,65.84,342318,52,买盘
2926,13:32:20,65.82,263311,40,卖盘
2927,13:32:23,65.84,85592,13,买盘
2928,13:32:26,65.84,138264,21,买盘
2929,13:32:29,65.83,447691,68,卖盘
2930,13:32:32,65.82,631890,96,卖盘
2931,13:32:35,65.81,658110,100,卖盘
2932,13:32:38,65.81,302729,46,卖盘
2933,13:32:41,65.82,704180,107,买盘
2934,13:32:44,65.82,895037,136,买盘
2935,13:32:47,65.81,585728,89,卖盘
2936,13:32:50,65.81,105293,16,买盘
2937,13:32:53,65.81,72391,11,买盘
2938,13:32:56,65.8,408017,62,卖盘
2939,13:32:59,65.81,263214,40,买盘
2940,13:33:02,65.81,223754,34,买盘
2941,13:33:05,65.81,230342,35,买盘
2942,13:33:08,65.84,6584,1,买盘
2943,13:33:11,65.81,302739,46,卖盘
2944,13:33:14,65.81,230337,35,卖盘
2945,13:33:17,65.8,822557,125,卖盘
2946,13:33:20,65.82,388352,59,买盘
2947,13:33:23,65.8,1217302,185,卖盘
2948,13:33:26,65.8,5046864,767,卖盘
2949,13:33:29,65.8,894894,136,卖盘
2950,13:33:32,65.8,2217466,337,卖盘
2951,13:33:35,65.8,769814,117,卖盘
2952,13:33:38,65.78,388120,59,卖盘
2953,13:33:41,65.78,565719,86,卖盘
2954,13:33:44,65.77,506454,77,卖盘
2955,13:33:47,65.77,269622,41,卖盘
2956,13:33:50,65.76,65766,10,卖盘
2957,13:33:53,65.76,13152,2,卖盘
2958,13:33:56,65.76,59184,9,买盘
2959,13:33:59,65.78,1012875,154,买盘
2960,13:34:02,65.79,190787,29,买盘
2961,13:34:05,65.78,440759,67,卖盘
2962,13:34:11,65.78,92096,14,卖盘
2963,13:34:14,65.78,105248,16,买盘
2964,13:34:17,65.77,388098,59,卖盘
2965,13:34:20,65.78,105248,16,买盘
2966,13:34:23,65.8,92115,14,买盘
2967,13:34:26,65.78,190769,29,卖盘
2968,13:34:29,65.8,6580,1,买盘
2969,13:34:32,65.8,1296254,197,买盘
2970,13:34:35,65.81,85542,13,买盘
2971,13:34:38,65.82,6582,1,买盘
2972,13:34:41,65.82,105312,16,卖盘
2973,13:34:44,65.82,217245,33,买盘
2974,13:34:47,65.81,447513,68,卖盘
2975,13:34:50,65.88,197472,30,买盘
2976,13:34:53,65.81,72447,11,卖盘
2977,13:34:56,65.87,164549,25,买盘
2978,13:34:59,65.87,72457,11,买盘
2979,13:35:02,65.86,151397,23,中性盘
2980,13:35:05,65.87,19755,3,买盘
2981,13:35:08,65.83,19749,3,卖盘
2982,13:35:11,65.87,32935,5,买盘
2983,13:35:14,65.83,151413,23,卖盘
2984,13:35:17,65.87,39519,6,卖盘
2985,13:35:20,65.87,19760,3,买盘
2986,13:35:23,65.86,164667,25,卖盘
2987,13:35:26,65.86,98768,15,买盘
2988,13:35:29,65.83,184340,28,卖盘
2989,13:35:32,65.86,237019,36,买盘
2990,13:35:35,65.86,39521,6,卖盘
2991,13:35:38,65.87,19761,3,买盘
2992,13:35:41,65.87,671871,102,买盘
2993,13:35:44,65.87,79044,12,卖盘
2994,13:35:47,65.89,118568,18,买盘
2995,13:35:50,65.89,1099888,167,买盘
2996,13:35:56,65.89,112013,17,卖盘
2997,13:35:59,65.88,105420,16,卖盘
2998,13:36:02,65.89,184457,28,买盘
2999,13:36:05,65.87,131759,20,卖盘
3000,13:36:08,65.88,46111,7,中性盘
3001,13:36:11,65.87,237134,36,卖盘
3002,13:36:14,65.87,72457,11,卖盘
3003,13:36:17,65.88,836658,127,买盘
3004,13:36:20,65.87,131749,20,卖盘
3005,13:36:23,65.88,46108,7,中性盘
3006,13:36:26,65.86,164678,25,卖盘
3007,13:36:29,65.85,39515,6,卖盘
3008,13:36:32,65.86,131717,20,买盘
3009,13:36:35,65.84,79011,12,卖盘
3010,13:36:38,65.85,6585,1,买盘
3011,13:36:41,65.84,19754,3,卖盘
3012,13:36:44,65.84,98760,15,卖盘
3013,13:36:47,65.85,520166,79,买盘
3014,13:36:50,65.83,526719,80,卖盘
3015,13:36:53,65.86,131698,20,买盘
3016,13:36:56,65.82,816256,124,卖盘
3017,13:36:59,65.84,32920,5,卖盘
3018,13:37:02,65.83,6583,1,卖盘
3019,13:37:05,65.83,204074,31,卖盘
3020,13:37:08,65.83,427876,65,买盘
3021,13:37:11,65.82,78988,12,卖盘
3022,13:37:14,65.82,256668,39,买盘
3023,13:37:17,65.82,204043,31,买盘
3024,13:37:20,65.84,256749,39,买盘
3025,13:37:23,65.85,32927,5,中性盘
3026,13:37:26,65.85,32926,5,中性盘
3027,13:37:29,65.85,829739,126,中性盘
3028,13:37:32,65.85,783631,119,买盘
3029,13:37:35,65.86,32930,5,买盘
3030,13:37:38,65.86,26344,4,卖盘
3031,13:37:41,65.86,177822,27,卖盘
3032,13:37:44,65.85,362195,55,卖盘
3033,13:37:47,65.86,296370,45,买盘
3034,13:37:50,65.87,500554,76,买盘
3035,13:37:56,65.87,171262,26,卖盘
3036,13:37:59,65.87,65870,10,卖盘
3037,13:38:02,65.87,6587,1,卖盘
3038,13:38:08,65.88,32940,5,买盘
3039,13:38:11,65.88,434794,66,买盘
3040,13:38:17,65.9,26357,4,买盘
3041,13:38:20,65.89,65898,10,卖盘
3042,13:38:23,65.92,217481,33,买盘
3043,13:38:26,65.9,19769,3,中性盘
3044,13:38:29,65.9,224076,34,买盘
3045,13:38:32,65.93,131806,20,买盘
3046,13:38:35,65.93,145046,22,买盘
3047,13:38:38,65.94,32969,5,买盘
3048,13:38:41,65.93,19780,3,卖盘
3049,13:38:44,65.94,204389,31,买盘
3050,13:38:47,65.94,138496,21,买盘
3051,13:38:50,65.94,6594,1,卖盘
3052,13:38:53,65.95,224187,34,买盘
3053,13:38:56,65.95,59355,9,卖盘
3054,13:38:59,65.93,395618,60,卖盘
3055,13:39:02,65.94,276882,42,买盘
3056,13:39:05,65.92,191160,29,买盘
3057,13:39:08,65.91,46135,7,卖盘
3058,13:39:11,65.89,1035083,157,卖盘
3059,13:39:14,65.88,85666,13,卖盘
3060,13:39:17,65.89,283282,43,买盘
3061,13:39:20,65.89,65888,10,买盘
3062,13:39:23,65.87,39532,6,卖盘
3063,13:39:26,65.87,322785,49,卖盘
3064,13:39:29,65.87,13174,2,卖盘
3065,13:39:32,65.89,59290,9,中性盘
3066,13:39:35,65.91,230633,35,买盘
3067,13:39:38,65.9,98886,15,卖盘
3068,13:39:41,65.9,250398,38,卖盘
3069,13:39:44,65.9,197622,30,卖盘
3070,13:39:47,65.9,164726,25,买盘
3071,13:39:50,65.86,454796,69,卖盘
3072,13:39:53,65.86,65877,10,卖盘
3073,13:39:56,65.87,434691,66,中性盘
3074,13:39:59,65.87,500723,76,买盘
3075,13:40:02,65.87,13174,2,买盘
3076,13:40:05,65.89,39524,6,买盘
3077,13:40:08,65.92,467710,71,买盘
3078,13:40:11,65.87,59298,9,卖盘
3079,13:40:14,65.87,98805,15,买盘
3080,13:40:20,65.88,375552,57,卖盘
3081,13:40:23,65.9,309720,47,买盘
3082,13:40:26,65.9,434771,66,卖盘
3083,13:40:29,65.86,26344,4,卖盘
3084,13:40:32,65.89,586417,89,买盘
3085,13:40:35,65.91,573307,87,买盘
3086,13:40:38,65.93,46147,7,买盘
3087,13:40:41,65.93,32963,5,买盘
3088,13:40:44,65.93,217494,33,买盘
3089,13:40:47,65.91,79093,12,卖盘
3090,13:40:50,65.9,26363,4,卖盘
3091,13:40:53,65.9,19771,3,卖盘
3092,13:40:56,65.92,731504,111,买盘
3093,13:40:59,65.87,164698,25,卖盘
3094,13:41:02,65.95,830707,126,买盘
3095,13:41:05,65.95,118700,18,买盘
3096,13:41:08,65.95,46163,7,买盘
3097,13:41:11,65.95,6595,1,买盘
3098,13:41:14,65.89,230732,35,卖盘
3099,13:41:17,65.9,237286,36,买盘
3100,13:41:20,65.91,138387,21,买盘
3101,13:41:23,65.91,6591,1,买盘
3102,13:41:29,65.88,151524,23,卖盘
3103,13:41:35,65.89,13180,2,卖盘
3104,13:41:38,65.9,46126,7,中性盘
3105,13:41:41,65.91,39546,6,买盘
3106,13:41:44,65.88,164708,25,卖盘
3107,13:41:47,65.9,322858,49,买盘
3108,13:41:50,65.88,224043,34,卖盘
3109,13:41:56,65.88,164706,25,卖盘
3110,13:41:59,65.9,191110,29,卖盘
3111,13:42:05,65.91,6591,1,买盘
3112,13:42:08,65.91,46137,7,买盘
3113,13:42:11,65.91,79092,12,买盘
3114,13:42:14,65.9,388825,59,卖盘
3115,13:42:17,65.91,6591,1,买盘
