,成交时间,成交价格,成交金额,成交量,性质
0,09:25:02,63.26,7217966,1141,卖盘
1,09:30:02,63.28,1202320,190,买盘
2,09:30:05,63.3,1392416,220,卖盘
3,09:30:08,63.37,2892076,457,买盘
4,09:30:11,63.25,2335292,369,卖盘
5,09:30:14,63.4,950753,150,买盘
6,09:30:17,63.49,963619,152,买盘
7,09:30:20,63.43,1687274,266,中性盘
8,09:30:23,63.3,1001623,158,卖盘
9,09:30:26,63.36,849073,134,买盘
10,09:30:29,63.43,843296,133,买盘
11,09:30:32,63.34,2432799,384,卖盘
12,09:30:35,63.34,994135,157,买盘
13,09:30:38,63.38,285075,45,买盘
14,09:30:41,63.3,1564790,247,卖盘
15,09:30:44,63.37,398951,63,买盘
16,09:30:47,63.37,506988,80,买盘
17,09:30:50,63.29,1165734,184,卖盘
18,09:30:53,63.3,822745,130,买盘
19,09:30:56,63.29,2608428,412,中性盘
20,09:30:59,63.29,373381,59,卖盘
21,09:31:02,63.29,1240144,196,买盘
22,09:31:05,63.31,588717,93,买盘
23,09:31:08,63.36,139308,22,买盘
24,09:31:11,63.37,177411,28,买盘
25,09:31:14,63.36,1280257,202,卖盘
26,09:31:17,63.33,297746,47,卖盘
27,09:31:20,63.37,272441,43,买盘
28,09:31:23,63.37,95050,15,买盘
29,09:31:26,63.4,253552,40,卖盘
30,09:31:29,63.4,215611,34,卖盘
31,09:31:32,63.39,215487,34,卖盘
32,09:31:35,63.35,95081,15,中性盘
33,09:31:38,63.4,82418,13,买盘
34,09:31:41,63.36,443782,70,卖盘
35,09:31:44,63.4,475333,75,买盘
36,09:31:47,63.45,164859,26,买盘
37,09:31:50,63.4,253630,40,卖盘
38,09:31:53,63.46,76150,12,买盘
39,09:31:56,63.46,38073,6,买盘
40,09:31:59,63.47,31733,5,买盘
41,09:32:02,63.46,412529,65,卖盘
42,09:32:05,63.46,336298,53,买盘
43,09:32:08,63.46,82492,13,买盘
44,09:32:11,63.47,362389,57,买盘
45,09:32:14,63.46,133265,21,中性盘
46,09:32:17,63.48,253918,40,买盘
47,09:32:20,63.48,672985,106,卖盘
48,09:32:23,63.48,323762,51,卖盘
49,09:32:26,63.55,120623,19,买盘
50,09:32:29,63.54,146100,23,买盘
51,09:32:32,63.66,2545180,400,买盘
52,09:32:35,63.66,82738,13,买盘
53,09:32:38,63.66,407377,64,买盘
54,09:32:41,63.77,8950835,1406,买盘
55,09:32:44,63.78,216854,34,买盘
56,09:32:47,63.68,197654,31,卖盘
57,09:32:50,63.68,592009,93,卖盘
58,09:32:53,63.66,114616,18,卖盘
59,09:32:56,63.69,254792,40,买盘
60,09:32:59,63.74,63748,10,买盘
61,09:33:02,63.69,471541,74,卖盘
62,09:33:05,63.69,286600,45,买盘
63,09:33:08,63.74,248495,39,买盘
64,09:33:11,63.74,356813,56,买盘
65,09:33:14,63.72,50976,8,中性盘
66,09:33:17,63.71,312179,49,卖盘
67,09:33:20,63.67,2057632,323,卖盘
68,09:33:23,63.62,350125,55,卖盘
69,09:33:26,63.64,190905,30,买盘
70,09:33:29,63.66,152762,24,买盘
71,09:33:32,63.64,50922,8,卖盘
72,09:33:35,63.67,127320,20,买盘
73,09:33:38,63.72,1267640,199,买盘
74,09:33:41,63.7,1121441,176,卖盘
75,09:33:44,63.74,146591,23,买盘
76,09:33:47,63.72,70094,11,卖盘
77,09:33:50,63.7,127412,20,卖盘
78,09:33:53,63.69,426786,67,卖盘
79,09:33:56,63.72,840916,132,买盘
80,09:33:59,63.72,146534,23,买盘
81,09:34:02,63.7,1757915,276,买盘
82,09:34:05,63.69,369485,58,卖盘
83,09:34:08,63.67,815262,128,卖盘
84,09:34:11,63.7,1108380,174,买盘
85,09:34:14,63.7,356553,56,买盘
86,09:34:17,63.7,286641,45,买盘
87,09:34:20,63.65,356477,56,卖盘
88,09:34:23,63.64,159138,25,卖盘
89,09:34:26,63.66,2605163,409,买盘
90,09:34:29,63.66,350110,55,买盘
91,09:34:32,63.65,82745,13,卖盘
92,09:34:35,63.66,178222,28,买盘
93,09:34:38,63.64,171838,27,卖盘
94,09:34:41,63.65,254596,40,买盘
95,09:34:44,63.71,1718284,270,买盘
96,09:34:47,63.7,662575,104,卖盘
97,09:34:50,63.66,369398,58,卖盘
98,09:34:53,63.67,50951,8,中性盘
99,09:34:56,63.7,57330,9,买盘
100,09:34:59,63.7,305719,48,买盘
101,09:35:02,63.69,203836,32,卖盘
102,09:35:05,63.7,172007,27,中性盘
103,09:35:08,63.71,191129,30,中性盘
104,09:35:11,63.72,248480,39,买盘
105,09:35:14,63.69,1777421,279,卖盘
106,09:35:17,63.73,1280541,201,买盘
107,09:35:20,63.74,344171,54,买盘
108,09:35:23,63.73,344113,54,中性盘
109,09:35:26,63.79,2275619,357,买盘
110,09:35:29,63.85,606209,95,买盘
111,09:35:32,63.88,389533,61,买盘
112,09:35:35,63.88,389641,61,买盘
113,09:35:38,63.88,313007,49,买盘
114,09:35:41,63.85,255449,40,卖盘
115,09:35:44,63.86,402275,63,中性盘
116,09:35:47,63.85,204233,32,中性盘
117,09:35:50,63.82,153099,24,中性盘
118,09:35:53,63.8,165828,26,中性盘
119,09:35:56,63.77,44631,7,买盘
120,09:35:59,63.75,178522,28,卖盘
121,09:36:02,63.79,133892,21,买盘
122,09:36:05,63.76,503942,79,中性盘
123,09:36:08,63.75,165776,26,卖盘
124,09:36:11,63.78,25509,4,中性盘
125,09:36:14,63.79,140299,22,买盘
126,09:36:17,63.76,178571,28,卖盘
127,09:36:20,63.75,854298,134,卖盘
128,09:36:23,63.71,898354,141,卖盘
129,09:36:26,63.65,471275,74,卖盘
130,09:36:29,63.65,305536,48,卖盘
131,09:36:32,63.63,63652,10,中性盘
132,09:36:35,63.62,12725,2,卖盘
133,09:36:38,63.65,419839,66,买盘
134,09:36:41,63.66,286355,45,买盘
135,09:36:44,63.59,502478,79,卖盘
136,09:36:47,63.58,508644,80,卖盘
137,09:36:50,63.57,88997,14,中性盘
138,09:36:53,63.58,184354,29,买盘
139,09:36:56,63.6,527779,83,买盘
140,09:36:59,63.6,387941,61,买盘
141,09:37:02,63.67,706288,111,买盘
142,09:37:05,63.73,44586,7,买盘
143,09:37:08,63.71,305870,48,卖盘
144,09:37:11,63.72,292979,46,中性盘
145,09:37:14,63.71,203818,32,买盘
146,09:37:17,63.67,133715,21,卖盘
147,09:37:20,63.66,159156,25,卖盘
148,09:37:23,63.65,241793,38,中性盘
149,09:37:26,63.63,197295,31,中性盘
150,09:37:29,63.58,839354,132,卖盘
151,09:37:32,63.65,209972,33,买盘
152,09:37:35,63.58,228961,36,卖盘
153,09:37:38,63.65,120898,19,买盘
154,09:37:41,63.6,12720,2,中性盘
155,09:37:44,63.59,165353,26,中性盘
156,09:37:47,63.61,38163,6,买盘
157,09:37:50,63.63,63616,10,买盘
158,09:37:53,63.67,1323863,208,买盘
159,09:37:56,63.67,3189971,501,卖盘
160,09:37:59,63.67,95493,15,买盘
161,09:38:02,63.61,165362,26,卖盘
162,09:38:05,63.57,254345,40,卖盘
163,09:38:08,63.57,216122,34,买盘
164,09:38:11,63.57,552898,87,买盘
165,09:38:14,63.6,457838,72,买盘
166,09:38:17,63.6,317989,50,买盘
167,09:38:20,63.65,2696404,424,买盘
168,09:38:23,63.61,178125,28,卖盘
169,09:38:26,63.67,19093,3,买盘
170,09:38:29,63.62,305497,48,卖盘
171,09:38:32,63.7,191098,30,买盘
172,09:38:35,63.7,273960,43,卖盘
173,09:38:38,63.75,76470,12,买盘
174,09:38:41,63.7,248529,39,卖盘
175,09:38:44,63.7,738503,116,卖盘
176,09:38:47,63.7,222855,35,买盘
177,09:38:50,63.72,3114928,489,买盘
178,09:38:53,63.75,63746,10,买盘
179,09:38:56,63.75,50999,8,买盘
180,09:38:59,63.76,82878,13,买盘
181,09:39:02,63.78,191315,30,买盘
182,09:39:05,63.78,204044,32,买盘
183,09:39:08,63.79,357210,56,买盘
184,09:39:11,63.78,102037,16,买盘
185,09:39:14,63.77,739598,116,中性盘
186,09:39:17,63.79,286922,45,买盘
187,09:39:20,63.78,197674,31,中性盘
188,09:39:23,63.79,318905,50,买盘
189,09:39:26,63.83,2430819,381,买盘
190,09:39:29,63.83,402121,63,买盘
191,09:39:32,63.83,248921,39,买盘
192,09:39:35,63.82,970186,152,卖盘
193,09:39:38,63.83,714858,112,买盘
194,09:39:41,63.82,325474,51,中性盘
195,09:39:44,63.88,1366405,214,买盘
196,09:39:47,63.88,319363,50,买盘
197,09:39:50,63.88,2171259,340,买盘
198,09:39:53,63.84,1999497,313,卖盘
199,09:39:56,63.84,102200,16,卖盘
200,09:39:59,63.88,523526,82,买盘
201,09:40:02,63.86,178764,28,中性盘
202,09:40:05,63.8,523345,82,卖盘
203,09:40:08,63.79,127584,20,卖盘
204,09:40:11,63.79,102041,16,买盘
205,09:40:14,63.77,102006,16,中性盘
206,09:40:17,63.74,82861,13,卖盘
207,09:40:20,63.73,70091,11,中性盘
208,09:40:23,63.7,643370,101,卖盘
209,09:40:26,63.72,331259,52,买盘
210,09:40:29,63.79,1517209,238,买盘
211,09:40:32,63.81,114798,18,中性盘
212,09:40:35,63.83,242510,38,买盘
213,09:40:38,63.86,670153,105,买盘
214,09:40:41,63.84,625756,98,中性盘
215,09:40:44,63.88,408658,64,买盘
216,09:40:47,63.87,89424,14,卖盘
217,09:40:50,63.88,63872,10,买盘
218,09:40:53,63.85,57477,9,卖盘
219,09:40:56,63.84,51077,8,卖盘
220,09:40:59,63.82,121272,19,卖盘
221,09:41:02,63.84,185113,29,买盘
222,09:41:05,63.8,267945,42,卖盘
223,09:41:08,63.79,82935,13,卖盘
224,09:41:11,63.8,102074,16,买盘
225,09:41:14,63.79,191318,30,买盘
226,09:41:17,63.77,165829,26,卖盘
227,09:41:20,63.77,204116,32,卖盘
228,09:41:23,63.79,82911,13,中性盘
229,09:41:26,63.75,44641,7,中性盘
230,09:41:29,63.72,178477,28,卖盘
231,09:41:32,63.68,3790300,595,卖盘
232,09:41:35,63.67,1088680,171,买盘
233,09:41:38,63.63,948174,149,卖盘
234,09:41:41,63.7,388319,61,买盘
235,09:41:44,63.75,497201,78,买盘
236,09:41:47,63.73,133831,21,中性盘
237,09:41:50,63.73,101968,16,卖盘
238,09:41:53,63.7,203900,32,卖盘
239,09:41:56,63.7,108323,17,卖盘
240,09:41:59,63.7,146496,23,买盘
241,09:42:02,63.69,70060,11,卖盘
242,09:42:05,63.7,178348,28,买盘
243,09:42:08,63.7,955446,150,买盘
244,09:42:11,63.7,216638,34,卖盘
245,09:42:14,63.72,178381,28,买盘
246,09:42:17,63.7,38220,6,卖盘
247,09:42:20,63.71,70071,11,买盘
248,09:42:23,63.69,541469,85,卖盘
249,09:42:26,63.71,95573,15,卖盘
250,09:42:29,63.73,184749,29,买盘
251,09:42:32,63.73,159317,25,买盘
252,09:42:35,63.75,216699,34,买盘
253,09:42:38,63.79,299577,47,买盘
254,09:42:41,63.8,44655,7,买盘
255,09:42:44,63.76,70147,11,中性盘
256,09:42:47,63.76,191280,30,卖盘
257,09:42:50,63.76,31880,5,卖盘
258,09:42:53,63.77,114801,18,买盘
259,09:42:56,63.77,153063,24,卖盘
260,09:42:59,63.8,178617,28,买盘
261,09:43:02,63.79,184971,29,买盘
262,09:43:05,63.78,382782,60,卖盘
263,09:43:08,63.82,89348,14,中性盘
264,09:43:11,63.81,12762,2,中性盘
265,09:43:14,63.8,146753,23,卖盘
266,09:43:17,63.8,995280,156,买盘
267,09:43:20,63.87,3273562,513,买盘
268,09:43:23,63.85,127707,20,卖盘
269,09:43:26,63.86,223480,35,买盘
270,09:43:29,63.87,83024,13,买盘
271,09:43:32,63.85,108561,17,卖盘
272,09:43:35,63.88,868682,136,买盘
273,09:43:38,63.88,581300,91,买盘
274,09:43:41,63.93,1137599,178,买盘
275,09:43:44,63.94,179007,28,买盘
276,09:43:47,63.94,191835,30,卖盘
277,09:43:50,63.94,140679,22,卖盘
278,09:43:53,63.94,319705,50,卖盘
279,09:43:56,63.96,786511,123,买盘
280,09:43:59,63.98,652460,102,买盘
281,09:44:02,63.99,2508230,392,买盘
282,09:44:05,63.98,422274,66,卖盘
283,09:44:08,63.95,2692688,421,卖盘
284,09:44:11,63.95,402814,63,中性盘
285,09:44:14,63.96,492477,77,买盘
286,09:44:17,63.91,332460,52,卖盘
287,09:44:20,63.93,83090,13,买盘
288,09:44:23,63.93,115042,18,买盘
289,09:44:26,63.94,178999,28,买盘
290,09:44:29,63.94,76735,12,卖盘
291,09:44:32,63.94,210930,33,卖盘
292,09:44:35,63.94,134268,21,买盘
293,09:44:38,63.91,191756,30,中性盘
294,09:44:41,63.9,127840,20,卖盘
295,09:44:44,63.94,102261,16,买盘
296,09:44:47,63.94,268473,42,买盘
297,09:44:50,63.94,83101,13,买盘
298,09:44:53,63.94,319659,50,买盘
299,09:44:56,63.97,1458523,228,买盘
300,09:44:59,63.96,562754,88,卖盘
301,09:45:02,63.94,396653,62,卖盘
302,09:45:05,63.92,179044,28,卖盘
303,09:45:08,63.96,83139,13,买盘
304,09:45:11,63.96,172677,27,买盘
305,09:45:14,63.94,2053135,321,卖盘
306,09:45:17,63.92,1048134,164,卖盘
307,09:45:20,63.9,44735,7,中性盘
308,09:45:23,63.96,862666,135,买盘
309,09:45:26,63.9,115027,18,卖盘
310,09:45:29,63.89,191803,30,中性盘
311,09:45:32,63.93,338716,53,买盘
312,09:45:35,63.93,83103,13,买盘
313,09:45:38,63.93,728777,114,买盘
314,09:45:41,63.94,198068,31,买盘
315,09:45:44,63.93,140606,22,买盘
316,09:45:47,63.94,185302,29,买盘
317,09:45:50,63.9,57518,9,中性盘
318,09:45:53,63.89,223620,35,卖盘
319,09:45:56,63.89,140578,22,买盘
320,09:45:59,63.88,115001,18,卖盘
321,09:46:02,63.87,2293242,359,卖盘
322,09:46:05,63.86,408656,64,中性盘
323,09:46:08,63.86,121292,19,买盘
324,09:46:14,63.86,185143,29,买盘
325,09:46:17,63.84,76603,12,买盘
326,09:46:20,63.83,70202,11,卖盘
327,09:46:23,63.81,63810,10,卖盘
328,09:46:26,63.81,306275,48,卖盘
329,09:46:29,63.81,204168,32,买盘
330,09:46:32,63.79,1180298,185,卖盘
331,09:46:35,63.78,554886,87,卖盘
332,09:46:38,63.8,491219,77,买盘
333,09:46:41,63.79,159484,25,买盘
334,09:46:44,63.8,63800,10,买盘
335,09:46:47,63.79,63796,10,卖盘
336,09:46:50,63.8,51039,8,买盘
337,09:46:53,63.8,229683,36,买盘
338,09:46:56,63.8,133991,21,卖盘
339,09:46:59,63.8,38280,6,卖盘
340,09:47:02,63.81,127608,20,买盘
341,09:47:05,63.87,363874,57,买盘
342,09:47:08,63.92,89479,14,买盘
343,09:47:11,63.92,44739,7,买盘
344,09:47:14,63.93,102261,16,买盘
345,09:47:17,63.92,140637,22,卖盘
346,09:47:20,63.9,146970,23,卖盘
347,09:47:23,63.89,140566,22,卖盘
348,09:47:26,63.87,159701,25,卖盘
349,09:47:29,63.87,127740,20,卖盘
350,09:47:32,63.87,57477,9,买盘
351,09:47:35,63.84,51082,8,卖盘
352,09:47:38,63.84,63834,10,买盘
353,09:47:41,63.83,172326,27,卖盘
354,09:47:44,63.8,197792,31,卖盘
355,09:47:47,63.8,51044,8,卖盘
356,09:47:50,63.79,446454,70,卖盘
357,09:47:53,63.79,459165,72,买盘
358,09:47:56,63.83,261570,41,买盘
359,09:47:59,63.83,312749,49,买盘
360,09:48:02,63.83,165943,26,买盘
361,09:48:05,63.85,102143,16,买盘
362,09:48:08,63.85,153248,24,卖盘
363,09:48:11,63.87,166018,26,买盘
364,09:48:14,63.85,121309,19,买盘
365,09:48:17,63.84,82993,13,中性盘
366,09:48:20,63.84,38299,6,买盘
367,09:48:23,63.84,185111,29,买盘
368,09:48:26,63.84,114897,18,买盘
369,09:48:29,63.84,31920,5,买盘
370,09:48:32,63.83,344685,54,卖盘
371,09:48:35,63.83,351090,55,卖盘
372,09:48:38,63.84,268099,42,买盘
373,09:48:41,63.85,287283,45,买盘
374,09:48:44,63.85,146846,23,买盘
375,09:48:47,63.83,25534,4,卖盘
376,09:48:50,63.85,561874,88,买盘
377,09:48:53,63.83,421323,66,卖盘
378,09:48:56,63.84,127678,20,中性盘
379,09:48:59,63.84,70214,11,买盘
380,09:49:02,63.8,44677,7,卖盘
381,09:49:05,63.82,165879,26,中性盘
382,09:49:08,63.85,714925,112,买盘
383,09:49:11,63.85,210673,33,买盘
384,09:49:14,63.86,191532,30,买盘
385,09:49:17,63.87,63862,10,买盘
386,09:49:20,63.85,12772,2,卖盘
387,09:49:23,63.85,159629,25,卖盘
388,09:49:26,63.85,504408,79,买盘
389,09:49:29,63.85,210705,33,买盘
390,09:49:32,63.86,63848,10,买盘
391,09:49:35,63.84,108547,17,卖盘
392,09:49:38,63.84,57455,9,买盘
393,09:49:41,63.84,44686,7,买盘
394,09:49:44,63.84,102139,16,买盘
395,09:49:47,63.84,19152,3,中性盘
396,09:49:50,63.85,57454,9,中性盘
397,09:49:53,63.84,19152,3,中性盘
398,09:49:56,63.85,38308,6,买盘
399,09:49:59,63.87,172403,27,买盘
400,09:50:02,63.87,191553,30,买盘
401,09:50:05,63.85,146853,23,卖盘
402,09:50:08,63.85,89390,14,买盘
403,09:50:11,63.87,191572,30,买盘
404,09:50:14,63.94,543048,85,买盘
405,09:50:17,63.95,102313,16,买盘
406,09:50:20,63.93,115045,18,中性盘
407,09:50:23,63.95,728875,114,买盘
408,09:50:26,63.99,716564,112,买盘
409,09:50:29,63.99,172771,27,买盘
410,09:50:32,63.95,281427,44,卖盘
411,09:50:35,64.0,1311943,205,买盘
412,09:50:38,63.99,1292587,202,中性盘
413,09:50:41,63.99,326351,51,买盘
414,09:50:44,63.98,89594,14,卖盘
415,09:50:47,64.0,134399,21,买盘
416,09:50:50,64.0,76795,12,买盘
417,09:50:53,63.99,12798,2,中性盘
418,09:50:56,63.99,185567,29,买盘
419,09:50:59,63.99,140777,22,买盘
420,09:51:02,63.99,703851,110,买盘
421,09:51:05,63.99,268750,42,买盘
422,09:51:08,63.98,108744,17,中性盘
423,09:51:11,64.0,275209,43,买盘
424,09:51:14,64.04,653254,102,买盘
425,09:51:17,64.05,38430,6,中性盘
426,09:51:20,64.05,147293,23,中性盘
427,09:51:23,64.06,320211,50,买盘
428,09:51:26,64.03,83262,13,中性盘
429,09:51:29,64.05,3235850,505,买盘
430,09:51:32,64.0,268858,42,卖盘
431,09:51:35,63.99,211154,33,卖盘
432,09:51:38,63.99,44789,7,买盘
433,09:51:41,63.95,51167,8,卖盘
434,09:51:44,63.98,831651,130,买盘
435,09:51:47,63.95,179112,28,中性盘
436,09:51:50,63.97,6397,1,中性盘
437,09:51:53,63.96,51174,8,中性盘
438,09:51:56,63.97,95968,15,中性盘
439,09:51:59,63.96,159959,25,卖盘
440,09:52:02,64.0,243046,38,买盘
441,09:52:05,64.03,3764235,588,买盘
442,09:52:08,64.0,51218,8,卖盘
443,09:52:11,63.97,159978,25,卖盘
444,09:52:14,64.03,121646,19,买盘
445,09:52:20,64.04,147247,23,买盘
446,09:52:23,63.99,44797,7,中性盘
447,09:52:26,64.0,57599,9,买盘
448,09:52:29,64.0,51197,8,买盘
449,09:52:32,64.02,390492,61,买盘
450,09:52:35,64.03,192098,30,买盘
451,09:52:38,64.01,3584587,560,卖盘
452,09:52:41,63.97,5728312,895,卖盘
453,09:52:44,64.0,134390,21,中性盘
454,09:52:47,64.02,448122,70,买盘
455,09:52:50,64.03,192073,30,买盘
456,09:52:53,64.05,147275,23,买盘
457,09:52:56,64.05,358581,56,买盘
458,09:52:59,64.03,102474,16,卖盘
459,09:53:02,64.01,902679,141,卖盘
460,09:53:05,64.01,147233,23,卖盘
461,09:53:08,64.01,1657822,259,卖盘
462,09:53:11,64.0,646443,101,卖盘
463,09:53:14,63.99,575286,90,中性盘
464,09:53:17,63.99,70388,11,买盘
465,09:53:20,63.98,505574,79,卖盘
466,09:53:23,63.98,6398,1,买盘
467,09:53:26,63.98,108766,17,买盘
468,09:53:29,63.96,108760,17,卖盘
469,09:53:32,63.98,70373,11,买盘
470,09:53:35,63.96,217524,34,卖盘
471,09:53:38,63.96,57575,9,卖盘
472,09:53:41,63.96,70369,11,卖盘
473,09:53:44,63.96,172687,27,卖盘
474,09:53:47,63.96,121507,19,买盘
475,09:53:50,63.96,6396,1,买盘
476,09:53:53,63.92,153447,24,卖盘
477,09:53:56,63.96,38376,6,买盘
478,09:53:59,63.95,268608,42,买盘
479,09:54:02,63.92,211039,33,卖盘
480,09:54:05,63.96,89525,14,买盘
481,09:54:08,63.95,243011,38,卖盘
482,09:54:11,63.94,76728,12,中性盘
483,09:54:14,63.95,185430,29,买盘
484,09:54:17,63.95,223805,35,买盘
485,09:54:20,63.97,1925042,301,买盘
486,09:54:23,63.94,409377,64,卖盘
487,09:54:26,63.98,127968,20,中性盘
488,09:54:29,64.0,191980,30,买盘
489,09:54:32,63.96,159911,25,中性盘
490,09:54:35,63.99,63987,10,买盘
491,09:54:38,63.99,57591,9,买盘
492,09:54:41,63.98,159945,25,中性盘
493,09:54:44,63.98,89563,14,买盘
494,09:54:47,63.98,115155,18,买盘
495,09:54:50,63.96,824969,129,中性盘
496,09:54:53,63.96,147106,23,买盘
497,09:54:56,63.97,275049,43,买盘
498,09:54:59,63.97,121529,19,买盘
499,09:55:02,63.97,63964,10,买盘
500,09:55:05,63.97,108745,17,买盘
501,09:55:08,63.98,63968,10,买盘
502,09:55:11,63.95,19187,3,卖盘
503,09:55:14,63.96,223918,35,中性盘
504,09:55:17,63.97,76748,12,买盘
505,09:55:20,63.96,63956,10,买盘
506,09:55:23,63.95,127899,20,买盘
507,09:55:26,63.95,31975,5,买盘
508,09:55:29,63.94,51155,8,卖盘
509,09:55:32,63.94,38364,6,卖盘
510,09:55:35,63.94,166243,26,买盘
511,09:55:38,63.94,57546,9,买盘
512,09:55:41,63.94,89509,14,买盘
513,09:55:44,63.92,6392,1,卖盘
514,09:55:47,63.94,153446,24,买盘
515,09:55:50,63.94,210956,33,买盘
516,09:55:53,63.94,127847,20,买盘
517,09:55:56,63.92,95899,15,卖盘
518,09:55:59,63.96,991233,155,买盘
519,09:56:02,63.99,1381478,216,买盘
520,09:56:05,63.99,236724,37,买盘
521,09:56:08,63.95,198247,31,卖盘
522,09:56:11,63.94,2685862,420,卖盘
523,09:56:14,63.96,1036131,162,买盘
524,09:56:17,63.98,115151,18,买盘
525,09:56:20,64.0,390369,61,买盘
526,09:56:23,63.97,243152,38,买盘
527,09:56:26,64.0,108770,17,买盘
528,09:56:29,64.0,172790,27,买盘
529,09:56:32,63.96,51171,8,中性盘
530,09:56:35,63.96,12792,2,买盘
531,09:56:41,63.96,44772,7,中性盘
532,09:56:44,63.97,63957,10,买盘
533,09:56:47,63.95,140719,22,中性盘
534,09:56:50,63.95,127895,20,买盘
535,09:56:56,63.95,70345,11,买盘
536,09:56:59,63.95,38370,6,买盘
537,09:57:02,63.94,95892,15,卖盘
538,09:57:05,63.92,134244,21,卖盘
539,09:57:08,63.93,12786,2,中性盘
540,09:57:11,63.92,166217,26,卖盘
541,09:57:14,63.88,236398,37,卖盘
542,09:57:17,63.87,63869,10,中性盘
543,09:57:20,63.8,759421,119,卖盘
544,09:57:23,63.85,185162,29,买盘
545,09:57:26,63.87,134090,21,买盘
546,09:57:29,63.83,121311,19,卖盘
547,09:57:32,63.82,191422,30,卖盘
548,09:57:35,63.83,76584,12,买盘
549,09:57:38,63.77,82929,13,卖盘
550,09:57:41,63.77,44648,7,卖盘
551,09:57:47,63.75,108390,17,卖盘
552,09:57:50,63.79,146692,23,买盘
553,09:57:53,63.79,12758,2,买盘
554,09:57:56,63.79,146717,23,卖盘
555,09:57:59,63.76,127577,20,卖盘
556,09:58:02,63.76,95640,15,卖盘
557,09:58:05,63.7,369579,58,卖盘
558,09:58:08,63.7,223046,35,卖盘
559,09:58:11,63.76,95630,15,买盘
560,09:58:14,63.72,229466,36,卖盘
561,09:58:17,63.72,140181,22,买盘
562,09:58:20,63.72,63718,10,买盘
563,09:58:23,63.8,1211350,190,买盘
564,09:58:26,63.79,4210786,660,卖盘
565,09:58:29,63.73,102039,16,卖盘
566,09:58:35,63.78,318813,50,买盘
567,09:58:38,63.77,76516,12,买盘
568,09:58:41,63.76,19130,3,中性盘
569,09:58:44,63.73,140215,22,卖盘
570,09:58:47,63.76,280506,44,买盘
571,09:58:50,63.73,216772,34,卖盘
572,09:58:53,63.77,63769,10,买盘
573,09:58:56,63.73,121107,19,卖盘
574,09:58:59,63.71,324957,51,卖盘
575,09:59:02,63.67,2617748,411,卖盘
576,09:59:05,63.67,89156,14,卖盘
577,09:59:08,63.71,159255,25,买盘
578,09:59:11,63.67,547608,86,卖盘
579,09:59:14,63.68,439372,69,买盘
580,09:59:17,63.68,534803,84,卖盘
581,09:59:20,63.67,63670,10,中性盘
582,09:59:23,63.65,146395,23,卖盘
583,09:59:26,63.64,178166,28,中性盘
584,09:59:29,63.62,57266,9,卖盘
585,09:59:32,63.65,299046,47,买盘
586,09:59:35,63.61,44539,7,卖盘
587,09:59:38,63.62,248093,39,买盘
588,09:59:41,63.62,190860,30,买盘
589,09:59:44,63.62,591627,93,买盘
590,09:59:47,63.66,31821,5,买盘
591,09:59:50,63.63,464470,73,中性盘
592,09:59:53,63.67,89138,14,中性盘
593,09:59:56,63.66,82737,13,中性盘
594,09:59:59,63.63,82739,13,卖盘
595,10:00:02,63.6,1158000,182,卖盘
596,10:00:05,63.58,311626,49,卖盘
597,10:00:08,63.53,197061,31,卖盘
598,10:00:11,63.54,120832,19,中性盘
599,10:00:14,63.56,57190,9,中性盘
600,10:00:17,63.58,209722,33,买盘
601,10:00:20,63.56,209804,33,中性盘
602,10:00:23,63.59,38147,6,中性盘
603,10:00:26,63.56,38137,6,卖盘
604,10:00:29,63.58,63577,10,买盘
605,10:00:32,63.58,158959,25,买盘
606,10:00:35,63.59,63604,10,卖盘
607,10:00:38,63.58,31797,5,卖盘
608,10:00:41,63.6,89040,14,买盘
609,10:00:44,63.59,165354,26,卖盘
610,10:00:47,63.61,69971,11,买盘
611,10:00:50,63.6,38163,6,卖盘
612,10:00:53,63.5,3870807,609,卖盘
613,10:00:56,63.55,152611,24,卖盘
614,10:00:59,63.6,146199,23,买盘
615,10:01:02,63.61,44527,7,买盘
616,10:01:05,63.61,44526,7,买盘
617,10:01:08,63.61,69970,11,买盘
618,10:01:11,63.59,38156,6,卖盘
619,10:01:14,63.59,69959,11,中性盘
620,10:01:17,63.58,50865,8,中性盘
621,10:01:20,63.57,387693,61,中性盘
622,10:01:23,63.56,88995,14,中性盘
623,10:01:29,63.57,203346,32,买盘
624,10:01:32,63.58,89001,14,买盘
625,10:01:35,63.58,25432,4,买盘
626,10:01:38,63.54,108042,17,卖盘
627,10:01:41,63.55,57192,9,中性盘
628,10:01:44,63.53,95318,15,卖盘
629,10:01:47,63.54,108015,17,中性盘
630,10:01:50,63.53,292233,46,卖盘
631,10:01:53,63.54,641691,101,买盘
632,10:01:56,63.56,31785,5,中性盘
633,10:01:59,63.6,502123,79,买盘
634,10:02:02,63.61,31804,5,买盘
635,10:02:05,63.61,31806,5,中性盘
636,10:02:08,63.62,44527,7,买盘
637,10:02:11,63.64,114496,18,中性盘
638,10:02:17,63.63,50894,8,中性盘
639,10:02:20,63.63,108155,17,中性盘
640,10:02:23,63.63,31814,5,买盘
641,10:02:26,63.62,120863,19,中性盘
642,10:02:29,63.6,63622,10,卖盘
643,10:02:32,63.6,12722,2,卖盘
644,10:02:35,63.6,152645,24,卖盘
645,10:02:38,63.59,139892,22,买盘
646,10:02:41,63.57,158946,25,卖盘
647,10:02:44,63.59,25436,4,买盘
648,10:02:47,63.57,120794,19,买盘
649,10:02:50,63.56,311492,49,卖盘
650,10:02:53,63.58,108076,17,买盘
651,10:02:56,63.56,38136,6,卖盘
652,10:02:59,63.56,120771,19,卖盘
653,10:03:02,63.55,190662,30,卖盘
654,10:03:05,63.54,1124985,177,卖盘
655,10:03:08,63.55,177940,28,买盘
656,10:03:11,63.53,63535,10,卖盘
657,10:03:14,63.53,63536,10,卖盘
658,10:03:17,63.53,82589,13,卖盘
659,10:03:20,63.53,362163,57,卖盘
660,10:03:23,63.55,44485,7,买盘
661,10:03:26,63.53,44477,7,卖盘
662,10:03:29,63.57,31779,5,买盘
663,10:03:32,63.54,152497,24,卖盘
664,10:03:35,63.54,330413,52,卖盘
665,10:03:38,63.54,336767,53,卖盘
666,10:03:41,63.54,127076,20,买盘
667,10:03:44,63.54,241452,38,买盘
668,10:03:47,63.58,578369,91,买盘
669,10:03:50,63.59,552940,87,买盘
670,10:03:53,63.59,152616,24,买盘
671,10:03:56,63.62,101750,16,买盘
672,10:03:59,63.63,19089,3,买盘
673,10:04:02,63.63,146354,23,卖盘
674,10:04:05,63.65,82742,13,中性盘
675,10:04:08,63.68,566581,89,买盘
676,10:04:11,63.68,171968,27,卖盘
677,10:04:14,63.72,31860,5,中性盘
678,10:04:17,63.69,57321,9,中性盘
679,10:04:20,63.65,50920,8,卖盘
680,10:04:23,63.65,31825,5,买盘
681,10:04:26,63.64,31820,5,卖盘
682,10:04:29,63.65,152748,24,买盘
683,10:04:32,63.65,127294,20,买盘
684,10:04:35,63.67,89132,14,买盘
685,10:04:38,63.7,121020,19,买盘
686,10:04:41,63.66,82769,13,卖盘
687,10:04:44,63.65,178228,28,卖盘
688,10:04:47,63.68,95496,15,买盘
689,10:04:50,63.68,38208,6,买盘
690,10:04:53,63.65,44562,7,卖盘
691,10:04:56,63.66,38196,6,中性盘
692,10:04:59,63.67,50936,8,买盘
693,10:05:02,63.66,70022,11,买盘
694,10:05:05,63.66,108220,17,卖盘
695,10:05:08,63.67,305545,48,买盘
696,10:05:14,63.66,184647,29,卖盘
697,10:05:17,63.65,25460,4,卖盘
698,10:05:20,63.65,127308,20,卖盘
699,10:05:23,63.65,324619,51,卖盘
700,10:05:26,63.65,140016,22,买盘
701,10:05:29,63.65,25460,4,买盘
702,10:05:32,63.6,108125,17,卖盘
703,10:05:35,63.6,184440,29,买盘
704,10:05:38,63.59,146274,23,卖盘
705,10:05:41,63.6,76315,12,买盘
706,10:05:44,63.6,165370,26,买盘
707,10:05:50,63.62,57258,9,买盘
708,10:05:53,63.62,133564,21,买盘
709,10:05:56,63.59,216239,34,卖盘
710,10:05:59,63.59,63590,10,买盘
711,10:06:02,63.59,146256,23,买盘
712,10:06:05,63.59,139896,22,买盘
713,10:06:08,63.59,146244,23,买盘
714,10:06:11,63.58,101732,16,卖盘
715,10:06:14,63.58,114433,18,买盘
716,10:06:17,63.58,31790,5,买盘
717,10:06:20,63.58,190733,30,买盘
718,10:06:23,63.59,50872,8,买盘
719,10:06:26,63.59,305192,48,买盘
720,10:06:29,63.64,324356,51,买盘
721,10:06:32,63.64,159020,25,买盘
722,10:06:35,63.59,305269,48,卖盘
723,10:06:38,63.62,82674,13,买盘
724,10:06:41,63.58,12716,2,卖盘
725,10:06:44,63.59,108103,17,买盘
726,10:06:47,63.62,108093,17,买盘
727,10:06:50,63.58,139909,22,卖盘
728,10:06:53,63.62,44531,7,买盘
729,10:06:56,63.6,12719,2,买盘
730,10:06:59,63.6,133545,21,买盘
731,10:07:02,63.59,120834,19,卖盘
732,10:07:05,63.59,89029,14,中性盘
733,10:07:08,63.57,673939,106,卖盘
734,10:07:11,63.59,139868,22,买盘
735,10:07:14,63.56,6356,1,中性盘
736,10:07:17,63.55,76260,12,卖盘
737,10:07:20,63.53,317698,50,卖盘
738,10:07:23,63.53,1778812,280,卖盘
739,10:07:26,63.53,139747,22,买盘
740,10:07:29,63.52,177864,28,卖盘
741,10:07:32,63.43,5619489,885,卖盘
742,10:07:35,63.45,101486,16,买盘
743,10:07:38,63.4,431263,68,卖盘
744,10:07:41,63.4,171188,27,卖盘
745,10:07:44,63.41,266368,42,卖盘
746,10:07:47,63.46,367816,58,买盘
747,10:07:50,63.41,145849,23,卖盘
748,10:07:53,63.43,183930,29,买盘
749,10:07:56,63.41,443894,70,卖盘
750,10:07:59,63.44,88817,14,中性盘
751,10:08:02,63.43,69774,11,中性盘
752,10:08:05,63.43,183940,29,买盘
753,10:08:08,63.4,1794258,283,卖盘
754,10:08:11,63.4,57060,9,买盘
755,10:08:14,63.4,843144,133,买盘
756,10:08:17,63.4,488164,77,买盘
757,10:08:20,63.4,266290,42,买盘
758,10:08:23,63.42,126810,20,买盘
759,10:08:26,63.4,272621,43,卖盘
760,10:08:29,63.4,602298,95,卖盘
761,10:08:32,63.4,291573,46,买盘
762,10:08:35,63.37,532372,84,卖盘
763,10:08:38,63.39,741267,117,买盘
764,10:08:41,63.38,209085,33,中性盘
765,10:08:44,63.38,69704,11,买盘
766,10:08:47,63.33,494080,78,卖盘
767,10:08:50,63.33,373672,59,卖盘
768,10:08:53,63.34,120342,19,买盘
769,10:08:56,63.33,525677,83,卖盘
770,10:08:59,63.34,209029,33,买盘
771,10:09:02,63.33,145650,23,卖盘
772,10:09:05,63.33,107659,17,买盘
773,10:09:08,63.32,398959,63,卖盘
774,10:09:11,63.33,1627471,257,买盘
775,10:09:14,63.31,551069,87,卖盘
776,10:09:17,63.38,63328,10,买盘
777,10:09:20,63.37,25348,4,卖盘
778,10:09:23,63.38,101386,16,买盘
779,10:09:26,63.38,120441,19,买盘
780,10:09:29,63.43,69760,11,买盘
781,10:09:32,63.43,25369,4,买盘
782,10:09:35,63.46,76127,12,买盘
783,10:09:38,63.49,69815,11,买盘
784,10:09:41,63.44,31716,5,买盘
785,10:09:44,63.43,316999,50,卖盘
786,10:09:47,63.43,114139,18,买盘
787,10:09:50,63.43,107806,17,买盘
788,10:09:53,63.43,57087,9,买盘
789,10:09:56,63.44,82457,13,买盘
790,10:09:59,63.49,31740,5,买盘
791,10:10:05,63.45,209358,33,卖盘
792,10:10:08,63.48,126901,20,买盘
793,10:10:11,63.45,215628,34,中性盘
794,10:10:14,63.49,311033,49,买盘
795,10:10:17,63.5,107935,17,买盘
796,10:10:20,63.54,19062,3,买盘
797,10:10:23,63.48,12696,2,卖盘
798,10:10:26,63.48,95211,15,卖盘
799,10:10:29,63.53,171402,27,买盘
800,10:10:32,63.54,44478,7,买盘
801,10:10:35,63.46,222202,35,卖盘
802,10:10:38,63.52,126958,20,买盘
803,10:10:41,63.5,44460,7,卖盘
804,10:10:44,63.51,95249,15,中性盘
805,10:10:47,63.55,57188,9,买盘
806,10:10:50,63.55,133455,21,买盘
807,10:10:53,63.53,133437,21,卖盘
808,10:10:56,63.46,317614,50,卖盘
809,10:10:59,63.55,82600,13,买盘
810,10:11:02,63.51,101646,16,卖盘
811,10:11:05,63.55,95325,15,买盘
812,10:11:08,63.55,82607,13,买盘
813,10:11:11,63.57,355940,56,买盘
814,10:11:14,63.55,95354,15,卖盘
815,10:11:17,63.57,57205,9,中性盘
816,10:11:20,63.57,165230,26,买盘
817,10:11:23,63.55,6355,1,中性盘
818,10:11:26,63.55,146159,23,买盘
819,10:11:29,63.55,25420,4,买盘
820,10:11:32,63.54,44476,7,买盘
821,10:11:35,63.54,57186,9,买盘
822,10:11:38,63.54,76248,12,买盘
823,10:11:41,63.53,76245,12,卖盘
824,10:11:44,63.52,44479,7,卖盘
825,10:11:47,63.55,50828,8,买盘
826,10:11:50,63.55,69897,11,买盘
827,10:11:59,63.51,63533,10,卖盘
828,10:12:02,63.55,44481,7,买盘
829,10:12:05,63.51,25409,4,卖盘
830,10:12:08,63.54,165225,26,中性盘
831,10:12:11,63.56,146169,23,买盘
832,10:12:14,63.57,38141,6,买盘
833,10:12:17,63.57,114424,18,买盘
834,10:12:20,63.55,44485,7,卖盘
835,10:12:23,63.57,76267,12,买盘
836,10:12:26,63.58,38147,6,买盘
837,10:12:29,63.59,387870,61,买盘
838,10:12:32,63.6,31799,5,买盘
839,10:12:35,63.59,12718,2,中性盘
840,10:12:38,63.59,197126,31,卖盘
841,10:12:41,63.59,69942,11,买盘
842,10:12:44,63.58,50864,8,买盘
843,10:12:50,63.57,445005,70,卖盘
844,10:12:53,63.57,38144,6,卖盘
845,10:12:56,63.58,6358,1,中性盘
846,10:12:59,63.6,50869,8,买盘
847,10:13:05,63.65,159076,25,买盘
848,10:13:08,63.65,44553,7,买盘
849,10:13:17,63.64,25456,4,买盘
850,10:13:20,63.67,120955,19,买盘
851,10:13:23,63.68,700384,110,买盘
852,10:13:26,63.72,101948,16,买盘
853,10:13:29,63.69,31849,5,卖盘
854,10:13:32,63.67,133774,21,卖盘
855,10:13:35,63.72,19114,3,买盘
856,10:13:38,63.69,50952,8,中性盘
857,10:13:41,63.69,6369,1,买盘
858,10:13:47,63.72,159277,25,买盘
859,10:13:50,63.72,76453,12,买盘
860,10:13:53,63.72,63716,10,买盘
861,10:13:56,63.69,6369,1,卖盘
862,10:13:59,63.67,31840,5,卖盘
863,10:14:02,63.71,535142,84,买盘
864,10:14:05,63.7,57330,9,中性盘
865,10:14:08,63.68,38213,6,中性盘
866,10:14:11,63.67,50936,8,卖盘
867,10:14:14,63.69,38209,6,买盘
868,10:14:17,63.68,6368,1,卖盘
869,10:14:20,63.69,31845,5,买盘
870,10:14:23,63.72,254794,40,买盘
871,10:14:26,63.68,592257,93,卖盘
872,10:14:29,63.68,152907,24,卖盘
873,10:14:32,63.69,12738,2,中性盘
874,10:14:35,63.72,82818,13,买盘
875,10:14:38,63.72,82836,13,卖盘
876,10:14:41,63.72,44592,7,买盘
877,10:14:47,63.72,12744,2,买盘
878,10:14:50,63.7,50964,8,卖盘
879,10:14:59,63.71,57339,9,买盘
880,10:15:02,63.72,114680,18,买盘
881,10:15:05,63.71,50973,8,中性盘
882,10:15:08,63.7,31859,5,卖盘
883,10:15:11,63.7,101932,16,卖盘
884,10:15:14,63.7,133771,21,卖盘
885,10:15:17,63.72,25488,4,买盘
886,10:15:20,63.72,63713,10,买盘
887,10:15:23,63.7,127401,20,卖盘
888,10:15:26,63.69,299399,47,卖盘
889,10:15:29,63.75,133821,21,买盘
890,10:15:35,63.7,101922,16,卖盘
891,10:15:38,63.74,31870,5,买盘
892,10:15:41,63.75,25498,4,买盘
893,10:15:44,63.69,25478,4,卖盘
894,10:15:47,63.68,6368,1,卖盘
895,10:15:50,63.69,6369,1,中性盘
896,10:15:59,63.7,19110,3,买盘
897,10:16:02,63.69,19107,3,买盘
898,10:16:05,63.69,184730,29,卖盘
899,10:16:08,63.72,101919,16,买盘
900,10:16:11,63.68,31842,5,卖盘
901,10:16:17,63.68,19104,3,买盘
902,10:16:20,63.68,76416,12,买盘
903,10:16:23,63.7,12738,2,买盘
904,10:16:29,63.68,57321,9,卖盘
905,10:16:32,63.65,324740,51,卖盘
906,10:16:35,63.65,38189,6,买盘
907,10:16:38,63.65,63650,10,买盘
908,10:16:41,63.64,63641,10,卖盘
909,10:16:44,63.64,25456,4,卖盘
910,10:16:50,63.65,38190,6,买盘
911,10:16:53,63.64,57280,9,卖盘
912,10:16:56,63.63,12726,2,卖盘
913,10:16:59,63.6,50896,8,卖盘
914,10:17:02,63.6,6360,1,卖盘
915,10:17:05,63.57,25428,4,卖盘
916,10:17:08,63.62,25446,4,买盘
917,10:17:11,63.53,279839,44,卖盘
918,10:17:14,63.61,44527,7,买盘
919,10:17:20,63.61,165351,26,买盘
920,10:17:23,63.63,76356,12,买盘
921,10:17:26,63.62,718945,113,卖盘
922,10:17:29,63.61,127245,20,卖盘
923,10:17:32,63.59,152670,24,卖盘
924,10:17:35,63.62,356285,56,买盘
925,10:17:38,63.62,209982,33,卖盘
926,10:17:41,63.64,50912,8,买盘
927,10:17:44,63.67,114561,18,买盘
928,10:17:47,63.63,6363,1,中性盘
929,10:17:50,63.65,63660,10,中性盘
930,10:17:53,63.65,439299,69,卖盘
931,10:17:56,63.66,12732,2,买盘
932,10:17:59,63.68,108242,17,买盘
933,10:18:02,63.65,190969,30,卖盘
934,10:18:05,63.66,942013,148,买盘
935,10:18:08,63.67,534760,84,买盘
936,10:18:11,63.66,19098,3,卖盘
937,10:18:14,63.65,407425,64,卖盘
938,10:18:17,63.64,70020,11,卖盘
939,10:18:20,63.66,114588,18,买盘
940,10:18:23,63.63,2118967,333,卖盘
941,10:18:26,63.63,947967,149,买盘
942,10:18:29,63.6,381760,60,卖盘
943,10:18:32,63.59,782279,123,卖盘
944,10:18:35,63.6,108119,17,买盘
945,10:18:38,63.58,76300,12,卖盘
946,10:18:41,63.57,6357,1,卖盘
947,10:18:44,63.56,877135,138,卖盘
948,10:18:47,63.53,406740,64,卖盘
949,10:18:50,63.56,578330,91,买盘
950,10:18:53,63.56,209766,33,卖盘
951,10:18:56,63.5,1741168,274,卖盘
952,10:18:59,63.55,241464,38,买盘
953,10:19:02,63.54,82602,13,买盘
954,10:19:05,63.55,1378699,217,买盘
955,10:19:08,63.58,521068,82,买盘
956,10:19:11,63.54,819849,129,卖盘
957,10:19:14,63.6,711726,112,买盘
958,10:19:17,63.55,69905,11,中性盘
959,10:19:20,63.52,76233,12,卖盘
960,10:19:23,63.51,19053,3,卖盘
961,10:19:26,63.54,158804,25,买盘
962,10:19:29,63.51,1473570,232,卖盘
963,10:19:32,63.57,539993,85,买盘
964,10:19:35,63.5,800446,126,卖盘
965,10:19:38,63.52,241365,38,买盘
966,10:19:41,63.51,25407,4,卖盘
967,10:19:44,63.51,1321024,208,卖盘
968,10:19:47,63.51,234987,37,卖盘
969,10:19:50,63.51,152424,24,买盘
970,10:19:53,63.51,412763,65,买盘
971,10:19:56,63.5,1003302,158,卖盘
972,10:19:59,63.5,158748,25,买盘
973,10:20:02,63.5,120638,19,买盘
974,10:20:05,63.5,2209513,348,买盘
975,10:20:08,63.52,349180,55,买盘
976,10:20:11,63.51,57163,9,卖盘
977,10:20:14,63.48,57150,9,卖盘
978,10:20:17,63.52,6352,1,买盘
979,10:20:20,63.51,57163,9,卖盘
980,10:20:23,63.48,323751,51,卖盘
981,10:20:26,63.51,158723,25,买盘
982,10:20:29,63.49,6349,1,买盘
983,10:20:32,63.48,1034732,163,卖盘
984,10:20:35,63.48,126948,20,买盘
985,10:20:38,63.47,38082,6,买盘
986,10:20:41,63.46,31730,5,卖盘
987,10:20:44,63.52,2184707,344,买盘
988,10:20:47,63.52,285846,45,买盘
989,10:20:50,63.46,641123,101,卖盘
990,10:20:53,63.54,101640,16,买盘
991,10:20:56,63.5,120650,19,卖盘
992,10:20:59,63.47,1181081,186,卖盘
993,10:21:02,63.48,25392,4,买盘
994,10:21:05,63.48,279312,44,买盘
995,10:21:08,63.53,57150,9,中性盘
996,10:21:11,63.47,1320245,208,卖盘
997,10:21:14,63.47,387167,61,买盘
998,10:21:17,63.46,1504175,237,卖盘
999,10:21:20,63.45,126917,20,卖盘
1000,10:21:23,63.47,329994,52,买盘
1001,10:21:26,63.48,190440,30,买盘
1002,10:21:29,63.48,1389577,219,中性盘
1003,10:21:32,63.48,12696,2,中性盘
1004,10:21:35,63.46,44426,7,卖盘
1005,10:21:38,63.46,139622,22,卖盘
1006,10:21:41,63.47,152327,24,买盘
1007,10:21:47,63.46,1580328,249,卖盘
1008,10:21:50,63.47,647337,102,卖盘
1009,10:21:53,63.47,1700923,268,买盘
1010,10:21:56,63.46,38075,6,中性盘
1011,10:21:59,63.49,133270,21,买盘
1012,10:22:02,63.45,1669151,263,卖盘
1013,10:22:05,63.48,31740,5,买盘
1014,10:22:08,63.45,1396285,220,卖盘
1015,10:22:11,63.48,57132,9,中性盘
1016,10:22:14,63.48,69828,11,卖盘
1017,10:22:17,63.48,63480,10,卖盘
1018,10:22:20,63.49,1770591,279,中性盘
1019,10:22:23,63.5,253981,40,买盘
1020,10:22:26,63.5,38100,6,卖盘
1021,10:22:29,63.51,50808,8,买盘
1022,10:22:32,63.54,3487092,549,买盘
1023,10:22:35,63.57,235151,37,买盘
1024,10:22:38,63.59,425786,67,买盘
1025,10:22:44,63.56,6356,1,中性盘
1026,10:22:47,63.54,1112288,175,卖盘
1027,10:22:50,63.54,800604,126,买盘
1028,10:22:53,63.54,6354,1,卖盘
1029,10:22:56,63.53,781496,123,卖盘
1030,10:22:59,63.52,120676,19,中性盘
1031,10:23:02,63.52,76220,12,买盘
1032,10:23:05,63.51,882789,139,卖盘
1033,10:23:08,63.5,222256,35,卖盘
1034,10:23:11,63.51,38104,6,买盘
1035,10:23:14,63.5,2660653,419,卖盘
1036,10:23:17,63.5,50804,8,卖盘
1037,10:23:20,63.53,590640,93,买盘
1038,10:23:23,63.53,12706,2,买盘
1039,10:23:26,63.53,1105410,174,买盘
1040,10:23:29,63.55,114396,18,中性盘
1041,10:23:32,63.53,12706,2,中性盘
1042,10:23:35,63.56,76261,12,买盘
1043,10:23:38,63.58,152533,24,买盘
1044,10:23:41,63.53,1664639,262,卖盘
1045,10:23:44,63.58,12716,2,买盘
1046,10:23:47,63.57,127140,20,买盘
1047,10:23:50,63.56,25424,4,中性盘
1048,10:23:53,63.53,12706,2,卖盘
1049,10:23:56,63.54,6354,1,买盘
1050,10:23:59,63.53,1912184,301,卖盘
1051,10:24:02,63.53,1848801,291,买盘
1052,10:24:05,63.53,19059,3,买盘
1053,10:24:08,63.53,38118,6,买盘
1054,10:24:11,63.52,184228,29,卖盘
1055,10:24:14,63.52,1886851,297,卖盘
1056,10:24:17,63.54,76246,12,中性盘
1057,10:24:20,63.52,1391120,219,卖盘
1058,10:24:23,63.52,1016320,160,买盘
1059,10:24:26,63.53,31761,5,买盘
1060,10:24:29,63.54,1435772,226,中性盘
1061,10:24:32,63.54,6354,1,卖盘
1062,10:24:38,63.56,1988488,313,买盘
1063,10:24:44,63.52,50827,8,卖盘
1064,10:24:47,63.55,609938,96,中性盘
1065,10:24:50,63.57,38142,6,买盘
1066,10:24:53,63.56,305112,48,买盘
1067,10:24:56,63.53,1639329,258,卖盘
1068,10:24:59,63.58,44497,7,买盘
1069,10:25:02,63.57,305202,48,中性盘
1070,10:25:05,63.58,12716,2,中性盘
1071,10:25:08,63.55,63557,10,卖盘
1072,10:25:14,63.56,146176,23,卖盘
1073,10:25:17,63.58,2040858,321,买盘
1074,10:25:20,63.63,3402776,535,买盘
1075,10:25:23,63.65,82717,13,中性盘
1076,10:25:26,63.66,1787708,281,买盘
1077,10:25:29,63.65,57285,9,中性盘
1078,10:25:35,63.6,1882830,296,卖盘
1079,10:25:38,63.65,31825,5,买盘
1080,10:25:41,63.62,12726,2,中性盘
1081,10:25:44,63.62,337322,53,卖盘
1082,10:25:47,63.62,1838618,289,卖盘
1083,10:25:50,63.63,82719,13,买盘
1084,10:25:53,63.62,101804,16,中性盘
1085,10:25:56,63.62,38172,6,卖盘
1086,10:25:59,63.63,286395,45,中性盘
1087,10:26:02,63.68,1394177,219,买盘
1088,10:26:05,63.67,1940602,305,中性盘
1089,10:26:08,63.69,216512,34,买盘
1090,10:26:11,63.68,5963154,937,卖盘
1091,10:26:14,63.7,337591,53,买盘
1092,10:26:17,63.7,19110,3,卖盘
1093,10:26:20,63.74,458780,72,买盘
1094,10:26:23,63.7,1911276,300,卖盘
1095,10:26:26,63.7,1784839,280,中性盘
1096,10:26:29,63.74,38246,6,中性盘
1097,10:26:32,63.74,82853,13,买盘
1098,10:26:35,63.71,76464,12,卖盘
1099,10:26:38,63.71,38226,6,买盘
1100,10:26:41,63.7,1388875,218,卖盘
1101,10:26:44,63.69,910903,143,卖盘
1102,10:26:47,63.68,70049,11,卖盘
1103,10:26:50,63.68,120996,19,卖盘
1104,10:26:53,63.68,146466,23,卖盘
1105,10:26:59,63.69,165584,26,买盘
1106,10:27:02,63.69,19107,3,买盘
1107,10:27:05,63.69,63682,10,买盘
1108,10:27:08,63.69,254765,40,买盘
1109,10:27:11,63.71,1478202,232,买盘
1110,10:27:14,63.78,2913673,457,买盘
1111,10:27:17,63.8,299779,47,买盘
1112,10:27:20,63.8,1110196,174,买盘
1113,10:27:23,63.85,12770,2,买盘
1114,10:27:26,63.8,12760,2,卖盘
1115,10:27:29,63.83,82971,13,买盘
1116,10:27:32,63.8,31902,5,卖盘
1117,10:27:35,63.79,57403,9,中性盘
1118,10:27:38,63.79,25516,4,买盘
1119,10:27:41,63.79,140333,22,买盘
1120,10:27:44,63.8,165872,26,买盘
1121,10:27:47,63.8,689208,108,中性盘
1122,10:27:50,63.84,472520,74,中性盘
1123,10:27:53,63.9,1271130,199,买盘
1124,10:27:56,63.93,549564,86,买盘
1125,10:27:59,63.93,645256,101,中性盘
1126,10:28:02,63.94,2159369,338,买盘
1127,10:28:05,63.94,223783,35,买盘
1128,10:28:08,63.92,38356,6,卖盘
1129,10:28:11,63.92,166179,26,买盘
1130,10:28:14,63.91,178964,28,卖盘
1131,10:28:17,63.91,1284756,201,卖盘
1132,10:28:20,63.9,568795,89,卖盘
1133,10:28:23,63.9,89460,14,卖盘
1134,10:28:26,63.91,1878969,294,买盘
1135,10:28:29,63.9,613472,96,卖盘
1136,10:28:32,63.91,901049,141,中性盘
1137,10:28:35,63.85,83042,13,卖盘
1138,10:28:38,63.88,57492,9,中性盘
1139,10:28:41,63.94,4219069,660,买盘
1140,10:28:44,63.96,972122,152,买盘
1141,10:28:47,63.95,70345,11,卖盘
1142,10:28:50,63.97,287776,45,买盘
1143,10:28:53,64.05,9023993,1410,买盘
1144,10:28:56,64.05,377701,59,买盘
1145,10:28:59,64.06,397119,62,买盘
1146,10:29:02,64.03,569853,89,中性盘
1147,10:29:05,64.06,192066,30,买盘
1148,10:29:08,64.03,1146036,179,中性盘
1149,10:29:11,64.01,448076,70,卖盘
1150,10:29:14,64.02,243262,38,买盘
1151,10:29:17,64.02,864270,135,卖盘
1152,10:29:20,64.01,620917,97,卖盘
1153,10:29:23,64.03,1939996,303,买盘
1154,10:29:26,64.02,70429,11,卖盘
1155,10:29:29,64.03,288111,45,买盘
1156,10:29:32,64.02,524964,82,卖盘
1157,10:29:35,64.0,89613,14,卖盘
1158,10:29:38,63.99,31999,5,卖盘
1159,10:29:41,64.01,288019,45,买盘
1160,10:29:44,63.99,646510,101,卖盘
1161,10:29:47,64.05,4000172,625,买盘
1162,10:29:50,64.11,3434829,536,买盘
1163,10:29:53,64.16,705582,110,买盘
1164,10:29:56,64.16,974725,152,买盘
1165,10:29:59,64.12,1154447,180,卖盘
1166,10:30:02,64.18,1167297,182,买盘
1167,10:30:05,64.14,102679,16,中性盘
1168,10:30:08,64.17,2452088,382,卖盘
1169,10:30:11,64.18,186099,29,中性盘
1170,10:30:14,64.26,1304174,203,买盘
1171,10:30:17,64.21,3916762,610,卖盘
1172,10:30:20,64.26,1137692,177,买盘
1173,10:30:23,64.28,282829,44,买盘
1174,10:30:26,64.3,3175032,494,买盘
1175,10:30:29,64.3,925713,144,买盘
1176,10:30:32,64.3,1195891,186,买盘
1177,10:30:35,64.34,2115504,329,买盘
1178,10:30:38,64.37,1409465,219,买盘
1179,10:30:41,64.37,1538104,239,买盘
1180,10:30:44,64.37,3552858,552,买盘
1181,10:30:47,64.33,861805,134,卖盘
1182,10:30:50,64.3,4739056,736,中性盘
1183,10:30:53,64.35,77208,12,买盘
1184,10:30:56,64.27,186457,29,卖盘
1185,10:30:59,64.3,231480,36,买盘
1186,10:31:02,64.3,610798,95,买盘
1187,10:31:05,64.29,372910,58,中性盘
1188,10:31:08,64.25,122131,19,卖盘
1189,10:31:11,64.27,141342,22,买盘
1190,10:31:14,64.24,134852,21,中性盘
1191,10:31:17,64.23,19267,3,中性盘
1192,10:31:20,64.18,269607,42,卖盘
1193,10:31:23,64.2,770378,120,买盘
1194,10:31:26,64.18,57760,9,中性盘
1195,10:31:29,64.16,70603,11,卖盘
1196,10:31:32,64.15,211688,33,卖盘
1197,10:31:35,64.15,866134,135,卖盘
1198,10:31:38,64.16,481166,75,中性盘
1199,10:31:41,64.15,186034,29,卖盘
1200,10:31:44,64.15,1769884,276,买盘
1201,10:31:47,64.15,44900,7,买盘
1202,10:31:50,64.13,115461,18,卖盘
1203,10:31:53,64.11,147513,23,卖盘
1204,10:31:56,64.11,83347,13,卖盘
1205,10:31:59,64.11,44877,7,买盘
1206,10:32:02,64.1,1288590,201,卖盘
1207,10:32:05,64.11,333372,52,买盘
1208,10:32:08,64.11,1968052,307,买盘
1209,10:32:11,64.1,1494191,233,卖盘
1210,10:32:14,64.15,679846,106,买盘
1211,10:32:17,64.1,679487,106,卖盘
1212,10:32:20,64.09,1640869,256,卖盘
1213,10:32:23,64.08,12817,2,中性盘
1214,10:32:26,64.08,121741,19,买盘
1215,10:32:29,64.09,115357,18,买盘
1216,10:32:32,64.08,173016,27,卖盘
1217,10:32:35,64.09,281996,44,买盘
1218,10:32:38,64.11,121787,19,买盘
1219,10:32:41,64.09,820366,128,卖盘
1220,10:32:44,64.11,602433,94,买盘
1221,10:32:47,64.08,262753,41,卖盘
1222,10:32:50,64.07,557483,87,卖盘
1223,10:32:53,64.08,230688,36,买盘
1224,10:32:56,64.07,685654,107,卖盘
1225,10:32:59,64.1,57683,9,买盘
1226,10:33:02,64.11,249920,39,买盘
1227,10:33:05,64.05,1736071,271,卖盘
1228,10:33:08,64.02,736200,115,卖盘
1229,10:33:11,64.05,249688,39,买盘
1230,10:33:14,64.02,32018,5,卖盘
1231,10:33:17,64.09,25627,4,买盘
1232,10:33:20,64.07,913861,143,中性盘
1233,10:33:23,64.04,531490,83,买盘
1234,10:33:26,64.03,358570,56,卖盘
1235,10:33:29,64.07,262538,41,买盘
1236,10:33:32,63.98,128031,20,卖盘
1237,10:33:35,64.07,25620,4,卖盘
1238,10:33:38,64.07,1645607,257,买盘
1239,10:33:41,64.05,281840,44,卖盘
1240,10:33:44,64.05,614880,96,卖盘
1241,10:33:47,64.07,44847,7,买盘
1242,10:33:50,64.07,115312,18,买盘
1243,10:33:53,64.07,128140,20,买盘
1244,10:33:56,64.07,243399,38,买盘
1245,10:33:59,64.05,140890,22,卖盘
1246,10:34:02,64.03,57627,9,卖盘
1247,10:34:05,64.05,294630,46,买盘
1248,10:34:08,64.04,211304,33,中性盘
1249,10:34:11,64.03,12805,2,中性盘
1250,10:34:14,64.01,76812,12,卖盘
1251,10:34:17,64.02,32010,5,中性盘
1252,10:34:20,64.01,128033,20,卖盘
1253,10:34:23,64.02,160041,25,中性盘
1254,10:34:26,64.01,243180,38,买盘
1255,10:34:29,64.0,32003,5,卖盘
1256,10:34:32,64.01,198405,31,买盘
1257,10:34:35,64.01,147226,23,卖盘
1258,10:34:38,64.02,83217,13,买盘
1259,10:34:44,64.02,102421,16,买盘
1260,10:34:47,64.03,243274,38,买盘
1261,10:34:50,64.07,3010475,470,买盘
1262,10:34:53,64.08,102515,16,买盘
1263,10:34:56,64.08,371566,58,买盘
1264,10:34:59,64.07,301143,47,卖盘
1265,10:35:02,64.08,134557,21,买盘
1266,10:35:05,64.09,102536,16,买盘
1267,10:35:08,64.08,474199,74,卖盘
1268,10:35:11,64.05,775248,121,卖盘
1269,10:35:14,64.04,275341,43,中性盘
1270,10:35:17,64.05,634124,99,买盘
1271,10:35:20,64.05,198590,31,卖盘
1272,10:35:23,64.07,12814,2,买盘
1273,10:35:26,64.07,172956,27,买盘
1274,10:35:29,64.07,51258,8,买盘
1275,10:35:32,64.08,608825,95,买盘
1276,10:35:35,64.14,1082716,169,买盘
1277,10:35:38,64.14,147417,23,买盘
1278,10:35:41,64.14,307642,48,买盘
1279,10:35:44,64.1,32057,5,中性盘
1280,10:35:47,64.12,288452,45,买盘
1281,10:35:50,64.12,32060,5,买盘
1282,10:35:53,64.11,134632,21,买盘
1283,10:35:56,64.11,51288,8,卖盘
1284,10:35:59,64.09,2877912,449,卖盘
1285,10:36:02,64.06,83292,13,卖盘
1286,10:36:05,64.11,480711,75,买盘
1287,10:36:08,64.15,1019472,159,买盘
1288,10:36:11,64.15,1423584,222,买盘
1289,10:36:14,64.15,19245,3,买盘
1290,10:36:17,64.15,134660,21,买盘
1291,10:36:20,64.14,38488,6,买盘
1292,10:36:23,64.14,64140,10,买盘
1293,10:36:26,64.14,6414,1,卖盘
1294,10:36:29,64.16,500372,78,买盘
1295,10:36:32,64.15,32075,5,中性盘
1296,10:36:35,64.16,19246,3,买盘
1297,10:36:38,64.16,19248,3,买盘
1298,10:36:41,64.16,911072,142,买盘
1299,10:36:44,64.16,737750,115,卖盘
1300,10:36:47,64.16,76998,12,卖盘
1301,10:36:50,64.17,51329,8,买盘
1302,10:36:53,64.15,1321692,206,卖盘
1303,10:36:56,64.12,1949815,304,卖盘
1304,10:36:59,64.12,1179810,184,卖盘
1305,10:37:02,64.07,6673109,1041,卖盘
1306,10:37:05,64.08,922733,144,买盘
1307,10:37:08,64.04,954869,149,卖盘
1308,10:37:11,64.06,1191794,186,卖盘
1309,10:37:14,64.03,1332232,208,卖盘
1310,10:37:17,64.03,288276,45,卖盘
1311,10:37:20,64.02,377846,59,卖盘
1312,10:37:23,64.09,83296,13,买盘
1313,10:37:26,64.08,1684357,263,买盘
1314,10:37:29,64.04,947908,148,卖盘
1315,10:37:32,64.08,884046,138,买盘
1316,10:37:35,64.02,557117,87,卖盘
1317,10:37:38,64.02,640460,100,卖盘
1318,10:37:41,64.01,365025,57,卖盘
1319,10:37:44,64.05,1583018,247,中性盘
1320,10:37:47,64.01,198487,31,卖盘
1321,10:37:50,64.11,160285,25,买盘
1322,10:37:53,64.01,1485452,232,卖盘
1323,10:37:56,64.02,108953,17,卖盘
1324,10:37:59,64.05,51272,8,卖盘
1325,10:38:02,64.05,64079,10,卖盘
1326,10:38:05,64.05,455133,71,卖盘
1327,10:38:08,64.03,883637,138,卖盘
1328,10:38:11,64.09,76873,12,中性盘
1329,10:38:14,64.11,256376,40,买盘
1330,10:38:17,64.03,192090,30,卖盘
1331,10:38:20,64.1,57686,9,买盘
1332,10:38:23,64.04,64076,10,卖盘
1333,10:38:29,64.04,1306553,204,卖盘
1334,10:38:32,64.0,1273855,199,卖盘
1335,10:38:35,64.0,352094,55,买盘
1336,10:38:38,64.02,569764,89,买盘
1337,10:38:41,64.03,64035,10,中性盘
1338,10:38:44,64.0,179271,28,卖盘
1339,10:38:47,64.02,518404,81,中性盘
1340,10:38:50,63.91,1055786,165,卖盘
1341,10:38:53,63.95,159989,25,中性盘
1342,10:38:56,63.95,345540,54,卖盘
1343,10:38:59,63.95,166286,26,卖盘
1344,10:39:02,63.95,524390,82,卖盘
1345,10:39:05,63.93,415572,65,卖盘
1346,10:39:08,63.93,153455,24,卖盘
1347,10:39:11,63.95,863319,135,买盘
1348,10:39:14,63.93,466703,73,卖盘
1349,10:39:17,63.93,543405,85,卖盘
1350,10:39:20,63.94,274993,43,卖盘
1351,10:39:23,63.9,1189090,186,卖盘
1352,10:39:26,63.93,1227427,192,买盘
1353,10:39:29,63.9,434698,68,卖盘
1354,10:39:32,63.94,249530,39,中性盘
1355,10:39:35,63.9,1764240,276,卖盘
1356,10:39:38,63.98,1028975,161,买盘
1357,10:39:41,63.98,102297,16,买盘
1358,10:39:44,63.9,913941,143,卖盘
1359,10:39:47,63.96,524037,82,中性盘
1360,10:39:50,63.86,108604,17,卖盘
1361,10:39:53,63.86,1105457,173,卖盘
1362,10:39:56,63.9,364222,57,买盘
1363,10:39:59,63.9,402496,63,买盘
1364,10:40:02,63.86,779200,122,卖盘
1365,10:40:05,63.88,1136932,178,买盘
1366,10:40:08,63.85,364099,57,卖盘
1367,10:40:11,63.84,300126,47,卖盘
1368,10:40:14,63.83,255376,40,卖盘
1369,10:40:17,63.84,255442,40,中性盘
1370,10:40:20,63.82,376658,59,卖盘
1371,10:40:23,63.83,127661,20,卖盘
1372,10:40:26,63.82,178701,28,卖盘
1373,10:40:29,63.81,1742487,273,卖盘
1374,10:40:32,63.82,248916,39,中性盘
1375,10:40:35,63.8,1672001,262,卖盘
1376,10:40:38,63.82,19146,3,买盘
1377,10:40:41,63.82,1493190,234,买盘
1378,10:40:44,63.81,185064,29,卖盘
1379,10:40:47,63.79,153134,24,卖盘
1380,10:40:50,63.82,1276386,200,买盘
1381,10:40:53,63.79,44653,7,卖盘
1382,10:40:56,63.75,38260,6,卖盘
1383,10:40:59,63.81,95675,15,买盘
1384,10:41:02,63.75,102014,16,卖盘
1385,10:41:05,63.76,38255,6,中性盘
1386,10:41:08,63.75,337876,53,卖盘
1387,10:41:11,63.75,1427866,224,买盘
1388,10:41:14,63.75,6375,1,买盘
1389,10:41:17,63.73,758322,119,卖盘
1390,10:41:20,63.73,1344656,211,买盘
1391,10:41:23,63.73,662582,104,买盘
1392,10:41:26,63.68,598704,94,卖盘
1393,10:41:29,63.68,210144,33,买盘
1394,10:41:35,63.68,12736,2,买盘
1395,10:41:38,63.7,50951,8,买盘
1396,10:41:41,63.68,89175,14,卖盘
1397,10:41:44,63.69,89164,14,中性盘
1398,10:41:47,63.7,140140,22,中性盘
1399,10:41:50,63.7,44590,7,买盘
1400,10:41:53,63.7,350290,55,买盘
1401,10:41:56,63.69,560367,88,中性盘
1402,10:41:59,63.69,165517,26,买盘
1403,10:42:02,63.63,210014,33,卖盘
1404,10:42:05,63.73,1821876,286,买盘
1405,10:42:08,63.63,2139301,336,卖盘
1406,10:42:11,63.63,292784,46,卖盘
1407,10:42:17,63.66,210005,33,中性盘
1408,10:42:20,63.66,190967,30,买盘
1409,10:42:23,63.62,1718325,270,卖盘
1410,10:42:26,63.7,1120037,176,买盘
1411,10:42:29,63.62,909888,143,卖盘
1412,10:42:32,63.62,1832124,288,卖盘
1413,10:42:35,63.63,979467,154,中性盘
1414,10:42:41,63.62,19086,3,中性盘
1415,10:42:44,63.64,50905,8,中性盘
1416,10:42:47,63.66,63647,10,买盘
1417,10:42:50,63.7,2929643,460,买盘
1418,10:42:53,63.69,171954,27,中性盘
1419,10:42:59,63.7,63700,10,中性盘
1420,10:43:02,63.71,50968,8,买盘
1421,10:43:05,63.71,31855,5,中性盘
1422,10:43:08,63.7,57336,9,卖盘
1423,10:43:11,63.73,1688069,265,买盘
1424,10:43:14,63.72,57356,9,中性盘
1425,10:43:17,63.7,1745396,274,卖盘
1426,10:43:20,63.72,38237,6,卖盘
1427,10:43:23,63.71,12743,2,卖盘
1428,10:43:26,63.71,6371,1,买盘
1429,10:43:29,63.71,133783,21,买盘
1430,10:43:32,63.71,19113,3,买盘
1431,10:43:35,63.68,25472,4,卖盘
1432,10:43:38,63.71,6371,1,买盘
1433,10:43:41,63.71,152892,24,买盘
1434,10:43:44,63.68,3254869,511,卖盘
1435,10:43:47,63.7,6370,1,买盘
1436,10:43:50,63.69,140131,22,卖盘
1437,10:43:53,63.71,89194,14,买盘
1438,10:43:56,63.71,121055,19,卖盘
1439,10:43:59,63.74,76498,12,买盘
1440,10:44:02,63.74,184846,29,卖盘
1441,10:44:05,63.73,12746,2,卖盘
1442,10:44:08,63.71,25484,4,卖盘
1443,10:44:11,63.71,229369,36,买盘
1444,10:44:14,63.71,1560895,245,买盘
1445,10:44:17,63.71,63710,10,买盘
1446,10:44:20,63.75,25494,4,中性盘
1447,10:44:23,63.75,25500,4,卖盘
1448,10:44:29,63.76,76511,12,买盘
1449,10:44:32,63.76,38256,6,买盘
1450,10:44:35,63.76,184904,29,卖盘
1451,10:44:38,63.77,165781,26,买盘
1452,10:44:41,63.76,637705,100,卖盘
1453,10:44:44,63.76,19128,3,买盘
1454,10:44:47,63.75,12750,2,卖盘
1455,10:44:50,63.76,1791273,281,买盘
1456,10:44:53,63.76,988280,155,买盘
1457,10:44:59,63.76,6376,1,卖盘
1458,10:45:02,63.74,121120,19,卖盘
1459,10:45:05,63.77,38262,6,买盘
1460,10:45:08,63.77,19131,3,卖盘
1461,10:45:11,63.74,1529805,240,卖盘
1462,10:45:14,63.8,12760,2,买盘
1463,10:45:17,63.79,6379,1,中性盘
1464,10:45:20,63.8,89318,14,买盘
1465,10:45:23,63.82,38289,6,买盘
1466,10:45:26,63.78,1754105,275,卖盘
1467,10:45:29,63.84,6384,1,买盘
1468,10:45:35,63.79,861348,135,卖盘
1469,10:45:38,63.84,975997,153,买盘
1470,10:45:41,63.83,12766,2,中性盘
1471,10:45:47,63.83,57453,9,卖盘
1472,10:45:50,63.88,31935,5,买盘
1473,10:45:53,63.84,146838,23,卖盘
1474,10:45:56,63.84,51072,8,买盘
1475,10:45:59,63.84,63837,10,买盘
1476,10:46:02,63.84,25534,4,买盘
1477,10:46:08,63.84,57456,9,买盘
1478,10:46:11,63.84,38304,6,买盘
1479,10:46:14,63.81,1639952,257,卖盘
1480,10:46:17,63.85,83027,13,买盘
1481,10:46:20,63.85,31933,5,卖盘
1482,10:46:23,63.9,12780,2,买盘
1483,10:46:29,63.9,689496,108,买盘
1484,10:46:32,63.92,57528,9,买盘
1485,10:46:35,63.9,76713,12,中性盘
1486,10:46:38,63.89,1034899,162,卖盘
1487,10:46:41,63.94,12788,2,中性盘
1488,10:46:44,63.94,25576,4,卖盘
1489,10:46:47,63.9,6390,1,卖盘
1490,10:46:50,63.94,31970,5,买盘
1491,10:46:53,63.93,6393,1,中性盘
1492,10:46:56,63.92,6392,1,卖盘
1493,10:46:59,63.93,31961,5,买盘
1494,10:47:02,63.93,12786,2,买盘
1495,10:47:08,63.91,594365,93,卖盘
1496,10:47:11,63.92,102271,16,买盘
1497,10:47:14,63.92,460215,72,买盘
1498,10:47:20,63.9,63900,10,卖盘
1499,10:47:26,63.9,12780,2,卖盘
1500,10:47:29,63.92,185332,29,买盘
1501,10:47:32,63.91,12782,2,卖盘
1502,10:47:38,63.91,389851,61,卖盘
1503,10:47:41,63.91,108651,17,卖盘
1504,10:47:44,63.91,6391,1,买盘
1505,10:47:47,63.9,204480,32,卖盘
1506,10:47:50,63.92,51129,8,买盘
1507,10:47:56,63.92,926821,145,买盘
1508,10:47:59,63.94,38359,6,买盘
1509,10:48:02,63.92,19180,3,卖盘
1510,10:48:05,63.92,102272,16,卖盘
1511,10:48:11,63.91,51128,8,卖盘
1512,10:48:17,63.87,1373632,215,卖盘
1513,10:48:20,63.85,242634,38,卖盘
1514,10:48:23,63.82,478711,75,卖盘
1515,10:48:26,63.82,31910,5,买盘
1516,10:48:29,63.79,229647,36,卖盘
1517,10:48:38,63.78,127565,20,卖盘
1518,10:48:41,63.79,51035,8,买盘
1519,10:48:44,63.83,1141715,179,买盘
1520,10:48:47,63.8,31902,5,中性盘
1521,10:48:50,63.85,25540,4,买盘
1522,10:48:56,63.81,165918,26,卖盘
1523,10:48:59,63.86,38314,6,买盘
1524,10:49:02,63.86,268105,42,买盘
1525,10:49:05,63.86,1141733,179,买盘
1526,10:49:08,63.86,683302,107,买盘
1527,10:49:11,63.87,51093,8,买盘
1528,10:49:17,63.89,376835,59,买盘
1529,10:49:20,63.89,670602,105,买盘
1530,10:49:23,63.88,6388,1,中性盘
1531,10:49:26,63.86,766532,120,卖盘
1532,10:49:29,63.91,38344,6,买盘
1533,10:49:44,63.89,19167,3,买盘
1534,10:49:47,63.9,70280,11,买盘
1535,10:49:50,63.91,95853,15,买盘
1536,10:49:56,63.91,76692,12,买盘
1537,10:49:59,63.93,19179,3,买盘
1538,10:50:02,63.94,147053,23,买盘
1539,10:50:05,63.93,19179,3,卖盘
1540,10:50:08,63.94,217352,34,买盘
1541,10:50:11,63.93,89502,14,买盘
1542,10:50:14,63.93,38358,6,买盘
1543,10:50:20,63.94,95910,15,买盘
1544,10:50:23,63.95,294133,46,买盘
1545,10:50:26,63.95,1342944,210,买盘
1546,10:50:29,64.0,63984,10,买盘
1547,10:50:32,64.0,147200,23,买盘
1548,10:50:35,64.0,12800,2,中性盘
1549,10:50:41,64.04,32020,5,买盘
1550,10:50:44,64.0,44817,7,卖盘
1551,10:50:47,64.0,467350,73,卖盘
1552,10:50:53,64.04,6404,1,中性盘
1553,10:50:59,64.05,38427,6,买盘
1554,10:51:02,64.06,19218,3,买盘
1555,10:51:05,64.03,685220,107,卖盘
1556,10:51:08,64.06,486601,76,买盘
1557,10:51:11,64.05,352275,55,卖盘
1558,10:51:14,64.04,25613,4,买盘
1559,10:51:17,64.04,249755,39,买盘
1560,10:51:20,64.01,1184583,185,卖盘
1561,10:51:23,64.04,51233,8,卖盘
1562,10:51:26,64.03,339408,53,卖盘
1563,10:51:29,64.03,83239,13,买盘
1564,10:51:35,64.02,70422,11,卖盘
1565,10:51:38,64.02,1152309,180,卖盘
1566,10:51:41,64.02,12804,2,买盘
1567,10:51:44,64.02,19206,3,买盘
1568,10:51:50,64.02,83221,13,买盘
1569,10:51:56,64.01,6401,1,卖盘
1570,10:51:59,64.01,19203,3,卖盘
1571,10:52:02,64.03,518601,81,买盘
1572,10:52:05,64.04,550644,86,买盘
1573,10:52:08,64.05,89641,14,买盘
1574,10:52:11,64.05,217769,34,买盘
1575,10:52:14,64.06,416384,65,买盘
1576,10:52:17,64.06,19218,3,买盘
1577,10:52:20,64.08,96115,15,买盘
1578,10:52:23,64.1,121764,19,买盘
1579,10:52:26,64.07,1031819,161,卖盘
1580,10:52:29,64.08,70518,11,卖盘
1581,10:52:32,64.13,32063,5,买盘
1582,10:52:35,64.11,19233,3,卖盘
1583,10:52:38,64.11,352558,55,买盘
1584,10:52:41,64.11,230788,36,买盘
1585,10:52:44,64.11,64096,10,买盘
1586,10:52:47,64.08,115344,18,卖盘
1587,10:52:50,64.08,19224,3,买盘
1588,10:52:53,64.07,38442,6,卖盘
1589,10:52:56,64.05,1697459,265,卖盘
1590,10:52:59,64.03,1210107,189,卖盘
1591,10:53:02,64.03,864003,135,买盘
1592,10:53:05,63.95,6395,1,卖盘
1593,10:53:08,64.0,121600,19,买盘
1594,10:53:11,64.0,115167,18,买盘
1595,10:53:14,64.0,166400,26,买盘
1596,10:53:17,63.96,805896,126,卖盘
1597,10:53:20,63.97,70403,11,中性盘
1598,10:53:23,63.96,83203,13,卖盘
1599,10:53:26,63.96,1272642,199,买盘
1600,10:53:29,64.0,32000,5,买盘
1601,10:53:32,63.99,31988,5,买盘
1602,10:53:35,64.0,31994,5,买盘
1603,10:53:38,64.02,351902,55,买盘
1604,10:53:41,64.0,31998,5,中性盘
1605,10:53:44,64.04,12808,2,买盘
1606,10:53:47,64.0,12800,2,买盘
1607,10:53:50,64.0,44806,7,买盘
1608,10:53:53,64.0,371143,58,买盘
1609,10:53:56,64.0,38400,6,买盘
1610,10:53:59,64.0,76812,12,卖盘
1611,10:54:05,64.0,38395,6,买盘
1612,10:54:08,64.0,63999,10,买盘
1613,10:54:11,64.0,6400,1,买盘
1614,10:54:14,63.98,742281,116,卖盘
1615,10:54:17,63.98,159950,25,卖盘
1616,10:54:20,64.0,6400,1,买盘
1617,10:54:23,64.0,6400,1,买盘
1618,10:54:26,64.0,19198,3,买盘
1619,10:54:29,64.0,51200,8,买盘
1620,10:54:32,64.0,25600,4,买盘
1621,10:54:35,63.99,1011191,158,中性盘
1622,10:54:38,63.95,735443,115,卖盘
1623,10:54:41,64.0,32000,5,卖盘
1624,10:54:44,64.0,32000,5,买盘
1625,10:54:47,64.0,38401,6,卖盘
1626,10:54:50,64.0,32000,5,买盘
1627,10:54:53,64.02,185683,29,买盘
1628,10:54:56,64.03,345803,54,中性盘
1629,10:54:59,64.04,83270,13,中性盘
1630,10:55:02,64.03,19210,3,卖盘
1631,10:55:05,64.03,44817,7,买盘
1632,10:55:08,64.03,153672,24,买盘
1633,10:55:11,64.03,268926,42,买盘
1634,10:55:17,64.03,12805,2,买盘
1635,10:55:20,64.03,44819,7,买盘
1636,10:55:26,64.0,825600,129,卖盘
1637,10:55:35,64.01,6401,1,中性盘
1638,10:55:38,64.02,12804,2,买盘
1639,10:55:41,64.01,51210,8,卖盘
1640,10:55:44,64.01,108817,17,卖盘
1641,10:55:50,64.01,217639,34,卖盘
1642,10:55:56,64.01,281644,44,卖盘
1643,10:55:59,64.01,166405,26,买盘
1644,10:56:02,64.02,102432,16,买盘
1645,10:56:05,64.0,70401,11,卖盘
1646,10:56:08,64.0,38400,6,卖盘
1647,10:56:11,64.0,44805,7,卖盘
1648,10:56:17,64.0,160000,25,卖盘
1649,10:56:20,64.0,83206,13,卖盘
1650,10:56:26,64.0,70403,11,卖盘
1651,10:56:29,64.01,243207,38,买盘
1652,10:56:32,64.0,38402,6,卖盘
1653,10:56:35,64.01,6401,1,买盘
1654,10:56:38,64.01,6401,1,卖盘
1655,10:56:41,64.01,108817,17,卖盘
1656,10:56:47,63.99,31999,5,卖盘
1657,10:56:50,64.0,57587,9,买盘
1658,10:56:53,63.97,70387,11,卖盘
1659,10:56:56,63.97,6397,1,卖盘
1660,10:56:59,63.96,38382,6,卖盘
1661,10:57:02,64.0,83187,13,买盘
1662,10:57:05,63.98,70398,11,卖盘
1663,10:57:08,64.0,1004787,157,买盘
1664,10:57:11,63.98,19198,3,中性盘
1665,10:57:14,63.97,6397,1,卖盘
1666,10:57:17,63.97,12794,2,买盘
1667,10:57:20,64.0,31994,5,买盘
1668,10:57:23,63.97,6397,1,卖盘
1669,10:57:26,63.97,76754,12,中性盘
1670,10:57:29,63.95,741832,116,卖盘
1671,10:57:32,63.95,185430,29,买盘
1672,10:57:35,63.93,754422,118,卖盘
1673,10:57:38,63.93,370777,58,卖盘
1674,10:57:41,63.88,485578,76,卖盘
1675,10:57:44,63.88,217172,34,买盘
1676,10:57:47,63.86,121350,19,中性盘
1677,10:57:50,63.88,51102,8,买盘
1678,10:57:53,63.88,89432,14,买盘
1679,10:57:56,63.88,12776,2,买盘
1680,10:58:02,63.93,51131,8,买盘
1681,10:58:05,63.93,51143,8,买盘
1682,10:58:08,63.93,70310,11,买盘
1683,10:58:11,63.93,25572,4,买盘
1684,10:58:14,63.93,31965,5,买盘
1685,10:58:17,63.97,313316,49,买盘
1686,10:58:20,63.93,19183,3,中性盘
1687,10:58:23,63.93,31965,5,卖盘
1688,10:58:26,63.95,44729,7,中性盘
1689,10:58:29,63.95,57549,9,买盘
1690,10:58:32,63.98,268668,42,买盘
1691,10:58:38,63.86,153264,24,卖盘
1692,10:58:41,63.97,287747,45,买盘
1693,10:58:44,63.85,198110,31,卖盘
1694,10:58:47,63.82,230076,36,卖盘
1695,10:58:50,63.88,89392,14,中性盘
1696,10:58:53,63.82,127640,20,卖盘
1697,10:58:59,63.82,25528,4,中性盘
1698,10:59:02,63.82,44674,7,卖盘
1699,10:59:05,63.83,6383,1,卖盘
1700,10:59:11,63.88,38328,6,买盘
1701,10:59:14,63.83,31915,5,卖盘
1702,10:59:17,63.83,127655,20,卖盘
1703,10:59:20,63.88,89382,14,买盘
1704,10:59:26,63.91,6391,1,买盘
1705,10:59:29,63.88,38328,6,中性盘
1706,10:59:35,63.88,25552,4,中性盘
1707,10:59:38,63.9,38317,6,中性盘
1708,10:59:41,63.84,95790,15,卖盘
1709,10:59:50,63.9,6390,1,买盘
1710,10:59:53,63.9,134100,21,买盘
1711,10:59:56,63.9,6390,1,买盘
1712,10:59:59,63.89,31946,5,买盘
1713,11:00:02,63.9,25557,4,买盘
1714,11:00:17,63.88,12776,2,中性盘
1715,11:00:20,63.9,38339,6,买盘
1716,11:00:29,63.88,89441,14,卖盘
1717,11:00:32,63.89,12779,2,中性盘
1718,11:00:35,63.89,6389,1,买盘
1719,11:00:38,63.88,31943,5,中性盘
1720,11:00:41,63.88,38328,6,买盘
1721,11:00:47,63.87,12774,2,卖盘
1722,11:00:50,63.87,19161,3,买盘
1723,11:00:53,63.87,114964,18,买盘
1724,11:00:59,63.9,57496,9,买盘
1725,11:01:08,63.88,434450,68,卖盘
1726,11:01:11,63.89,76668,12,买盘
1727,11:01:14,63.88,76657,12,卖盘
1728,11:01:17,63.86,63860,10,卖盘
1729,11:01:29,63.88,44713,7,买盘
1730,11:01:41,63.89,31944,5,买盘
1731,11:01:44,63.89,38320,6,买盘
1732,11:01:50,63.89,31945,5,买盘
1733,11:01:53,63.86,568354,89,卖盘
1734,11:01:56,63.85,19155,3,卖盘
1735,11:01:59,63.86,89386,14,买盘
1736,11:02:02,63.86,6386,1,买盘
1737,11:02:05,63.86,1213350,190,买盘
1738,11:02:11,63.89,25556,4,买盘
1739,11:02:17,63.88,31942,5,卖盘
1740,11:02:20,63.9,38334,6,买盘
1741,11:02:23,63.89,57501,9,中性盘
1742,11:02:26,63.85,517212,81,卖盘
1743,11:02:29,63.84,12768,2,卖盘
1744,11:02:32,63.85,19155,3,买盘
1745,11:02:35,63.84,31923,5,卖盘
1746,11:02:38,63.84,51072,8,卖盘
1747,11:02:41,63.89,31943,5,买盘
1748,11:02:44,63.86,19158,3,卖盘
1749,11:02:50,63.86,51088,8,买盘
1750,11:02:53,63.86,134106,21,买盘
1751,11:02:56,63.86,25544,4,买盘
1752,11:02:59,63.89,31944,5,买盘
1753,11:03:11,63.87,70270,11,卖盘
1754,11:03:14,63.88,12776,2,中性盘
1755,11:03:17,63.87,12774,2,卖盘
1756,11:03:20,63.89,31941,5,买盘
1757,11:03:23,63.89,6389,1,买盘
1758,11:03:29,63.88,44716,7,中性盘
1759,11:03:35,63.87,12774,2,卖盘
1760,11:03:50,63.88,19164,3,买盘
1761,11:03:56,63.87,6387,1,卖盘
1762,11:03:59,63.88,44716,7,买盘
1763,11:04:05,63.87,6387,1,卖盘
1764,11:04:11,63.89,31941,5,买盘
1765,11:04:14,63.85,753445,118,卖盘
1766,11:04:17,63.86,38316,6,买盘
1767,11:04:20,63.86,95777,15,买盘
1768,11:04:23,63.86,229894,36,买盘
1769,11:04:29,63.88,19164,3,买盘
1770,11:04:35,63.89,31942,5,买盘
1771,11:04:41,63.89,38332,6,买盘
1772,11:04:53,63.89,166107,26,买盘
1773,11:04:59,63.89,31945,5,买盘
1774,11:05:02,63.89,12778,2,买盘
1775,11:05:05,63.88,6388,1,卖盘
1776,11:05:11,63.89,31945,5,买盘
1777,11:05:20,63.87,63888,10,卖盘
1778,11:05:23,63.87,6387,1,买盘
1779,11:05:29,63.87,38322,6,买盘
1780,11:05:35,63.85,57479,9,卖盘
1781,11:05:41,63.87,38322,6,买盘
1782,11:05:44,63.87,44709,7,买盘
1783,11:05:47,63.87,51096,8,买盘
1784,11:05:50,63.87,31935,5,买盘
1785,11:05:53,63.87,95805,15,买盘
1786,11:05:56,63.86,76632,12,卖盘
1787,11:06:02,63.86,6386,1,买盘
1788,11:06:05,63.85,6385,1,卖盘
1789,11:06:08,63.85,12770,2,卖盘
1790,11:06:11,63.84,70238,11,卖盘
1791,11:06:14,63.85,38309,6,买盘
1792,11:06:20,63.85,83000,13,买盘
1793,11:06:23,63.83,1072404,168,卖盘
1794,11:06:26,63.83,242554,38,卖盘
1795,11:06:29,63.81,108466,17,中性盘
1796,11:06:32,63.8,57420,9,卖盘
1797,11:06:35,63.8,19140,3,卖盘
1798,11:06:38,63.78,44646,7,卖盘
1799,11:06:41,63.76,255067,40,卖盘
1800,11:06:47,63.76,675856,106,卖盘
1801,11:06:50,63.76,146648,23,卖盘
1802,11:06:53,63.75,114757,18,卖盘
1803,11:06:56,63.73,57357,9,卖盘
1804,11:06:59,63.73,89227,14,卖盘
1805,11:07:02,63.74,12748,2,买盘
1806,11:07:05,63.73,31865,5,卖盘
1807,11:07:08,63.73,6373,1,买盘
1808,11:07:11,63.72,44604,7,卖盘
1809,11:07:14,63.73,19119,3,买盘
1810,11:07:17,63.72,31863,5,卖盘
1811,11:07:20,63.73,127458,20,买盘
1812,11:07:23,63.72,12744,2,卖盘
1813,11:07:29,63.73,76468,12,买盘
1814,11:07:32,63.73,19119,3,买盘
1815,11:07:35,63.72,248541,39,卖盘
1816,11:07:38,63.73,70103,11,买盘
1817,11:07:41,63.73,248575,39,卖盘
1818,11:07:44,63.73,50984,8,卖盘
1819,11:07:47,63.73,12746,2,卖盘
1820,11:07:50,63.74,267670,42,买盘
1821,11:07:53,63.72,31860,5,卖盘
1822,11:07:56,63.72,70092,11,中性盘
1823,11:07:59,63.72,89218,14,中性盘
1824,11:08:02,63.72,140184,22,卖盘
1825,11:08:05,63.67,2962088,465,卖盘
1826,11:08:08,63.67,57303,9,卖盘
1827,11:08:11,63.67,101880,16,卖盘
1828,11:08:17,63.68,6368,1,卖盘
1829,11:08:20,63.69,12737,2,中性盘
1830,11:08:26,63.69,6369,1,卖盘
1831,11:08:29,63.7,44588,7,买盘
1832,11:08:32,63.7,12740,2,买盘
1833,11:08:38,63.7,19110,3,卖盘
1834,11:08:41,63.71,31851,5,买盘
1835,11:08:44,63.71,229346,36,买盘
1836,11:08:50,63.71,101945,16,卖盘
1837,11:08:53,63.71,25484,4,卖盘
1838,11:08:56,63.72,63714,10,买盘
1839,11:08:59,63.7,38229,6,卖盘
1840,11:09:02,63.72,31860,5,买盘
1841,11:09:05,63.72,44595,7,卖盘
1842,11:09:08,63.7,63708,10,卖盘
1843,11:09:11,63.69,1165559,183,卖盘
1844,11:09:14,63.73,31865,5,买盘
1845,11:09:17,63.73,63730,10,买盘
1846,11:09:20,63.73,31865,5,买盘
1847,11:09:23,63.73,6373,1,买盘
1848,11:09:26,63.73,12746,2,买盘
1849,11:09:29,63.72,19118,3,中性盘
1850,11:09:32,63.73,6373,1,买盘
1851,11:09:35,63.73,38238,6,买盘
1852,11:09:41,63.75,57367,9,买盘
1853,11:09:50,63.79,25512,4,买盘
1854,11:09:53,63.75,76481,12,中性盘
1855,11:09:56,63.75,6375,1,买盘
1856,11:09:59,63.79,12758,2,买盘
1857,11:10:02,63.78,57405,9,卖盘
1858,11:10:11,63.76,31883,5,中性盘
1859,11:10:17,63.76,6376,1,买盘
1860,11:10:20,63.77,57387,9,买盘
1861,11:10:23,63.76,19129,3,卖盘
1862,11:10:26,63.76,31876,5,买盘
1863,11:10:32,63.77,38259,6,买盘
1864,11:10:35,63.76,6376,1,买盘
1865,11:10:38,63.76,12752,2,卖盘
1866,11:10:41,63.76,6376,1,中性盘
1867,11:10:44,63.76,70136,11,卖盘
1868,11:10:50,63.76,31880,5,买盘
1869,11:10:56,63.75,6375,1,卖盘
1870,11:10:59,63.76,44627,7,买盘
1871,11:11:05,63.74,6374,1,卖盘
1872,11:11:08,63.74,6374,1,卖盘
1873,11:11:11,63.76,25502,4,买盘
1874,11:11:14,63.75,6375,1,中性盘
1875,11:11:17,63.74,50997,8,卖盘
1876,11:11:20,63.74,51003,8,卖盘
1877,11:11:23,63.74,12748,2,卖盘
1878,11:11:29,63.75,31873,5,买盘
1879,11:11:32,63.75,19125,3,买盘
1880,11:11:35,63.75,12748,2,买盘
1881,11:11:41,63.73,44623,7,卖盘
1882,11:11:44,63.73,25492,4,卖盘
1883,11:11:53,63.75,19125,3,买盘
1884,11:11:56,63.73,12746,2,卖盘
1885,11:11:59,63.75,38245,6,买盘
1886,11:12:02,63.75,127500,20,买盘
1887,11:12:11,63.76,114761,18,买盘
1888,11:12:17,63.76,70136,11,买盘
1889,11:12:20,63.76,51008,8,买盘
1890,11:12:23,63.77,57389,9,买盘
1891,11:12:26,63.77,19131,3,买盘
1892,11:12:29,63.77,44637,7,买盘
1893,11:12:38,63.76,6376,1,卖盘
1894,11:12:41,63.77,114784,18,买盘
1895,11:12:50,63.77,51022,8,卖盘
1896,11:12:59,63.78,6378,1,买盘
1897,11:13:02,63.78,31890,5,买盘
1898,11:13:08,63.78,38268,6,卖盘
1899,11:13:11,63.79,31895,5,买盘
1900,11:13:14,63.79,12758,2,买盘
1901,11:13:17,63.79,70164,11,买盘
1902,11:13:20,63.82,76566,12,买盘
1903,11:13:23,63.83,19149,3,中性盘
1904,11:13:29,63.8,51040,8,卖盘
1905,11:13:35,63.8,6380,1,买盘
1906,11:13:41,63.79,216897,34,卖盘
1907,11:13:44,63.8,25520,4,买盘
1908,11:13:50,63.83,25530,4,买盘
1909,11:13:53,63.84,63837,10,买盘
1910,11:13:59,63.83,210618,33,买盘
1911,11:14:08,63.83,25529,4,买盘
1912,11:14:11,63.8,57438,9,卖盘
1913,11:14:20,63.83,868444,136,买盘
1914,11:14:23,63.83,44684,7,买盘
1915,11:14:26,63.86,6386,1,买盘
1916,11:14:29,63.87,57476,9,买盘
1917,11:14:32,63.86,6386,1,买盘
1918,11:14:35,63.86,38317,6,卖盘
1919,11:14:38,63.86,25544,4,卖盘
1920,11:14:41,63.85,19155,3,买盘
1921,11:14:47,63.84,31920,5,中性盘
1922,11:14:50,63.87,51090,8,买盘
1923,11:14:53,63.87,63870,10,买盘
1924,11:14:59,63.85,25540,4,买盘
1925,11:15:02,63.88,31935,5,买盘
1926,11:15:08,63.88,25547,4,买盘
1927,11:15:11,63.88,76656,12,买盘
1928,11:15:14,63.91,268319,42,买盘
1929,11:15:17,63.92,31958,5,买盘
1930,11:15:32,63.9,127775,20,卖盘
1931,11:15:41,63.85,38326,6,卖盘
1932,11:15:50,63.89,31941,5,买盘
1933,11:16:02,63.89,38332,6,买盘
1934,11:16:11,63.89,25555,4,买盘
1935,11:16:14,63.86,121334,19,卖盘
1936,11:16:17,63.85,159689,25,卖盘
1937,11:16:20,63.86,31929,5,买盘
1938,11:16:23,63.85,44697,7,卖盘
1939,11:16:26,63.85,12770,2,卖盘
1940,11:16:32,63.83,70213,11,卖盘
1941,11:16:35,63.91,766725,120,买盘
1942,11:16:44,63.87,38322,6,卖盘
1943,11:16:50,63.87,12774,2,买盘
1944,11:16:53,63.82,19156,3,卖盘
1945,11:17:02,63.83,89435,14,卖盘
1946,11:17:08,63.83,6383,1,卖盘
1947,11:17:11,63.88,38328,6,买盘
1948,11:17:14,63.88,44712,7,买盘
1949,11:17:17,63.81,497754,78,卖盘
1950,11:17:20,63.89,70261,11,买盘
1951,11:17:23,63.89,51112,8,买盘
1952,11:17:29,63.87,31935,5,买盘
1953,11:17:32,63.83,38313,6,卖盘
1954,11:17:35,63.83,38298,6,买盘
1955,11:17:38,63.83,44681,7,买盘
1956,11:17:41,63.83,57447,9,买盘
1957,11:17:44,63.84,102150,16,中性盘
1958,11:17:47,63.85,38304,6,买盘
1959,11:17:50,63.87,76632,12,买盘
1960,11:17:53,63.85,19155,3,卖盘
1961,11:17:59,63.85,134086,21,卖盘
1962,11:18:02,63.87,913075,143,买盘
1963,11:18:05,63.87,6387,1,买盘
1964,11:18:08,63.85,178830,28,卖盘
1965,11:18:11,63.85,293702,46,卖盘
1966,11:18:14,63.87,798127,125,买盘
1967,11:18:17,63.88,57498,9,买盘
1968,11:18:20,63.84,1187561,186,卖盘
1969,11:18:23,63.89,6389,1,买盘
1970,11:18:26,63.85,1072725,168,卖盘
1971,11:18:29,63.85,31925,5,买盘
1972,11:18:32,63.89,31945,5,买盘
1973,11:18:35,63.89,1194100,187,买盘
1974,11:18:41,63.89,70279,11,买盘
1975,11:18:44,63.92,1571384,246,买盘
1976,11:18:47,63.91,6391,1,卖盘
1977,11:18:50,63.94,25567,4,买盘
1978,11:18:53,63.94,134274,21,买盘
1979,11:18:56,63.94,31970,5,买盘
1980,11:18:59,63.94,428398,67,买盘
1981,11:19:02,63.94,786152,123,买盘
1982,11:19:05,63.92,102284,16,卖盘
1983,11:19:08,63.92,1029110,161,中性盘
1984,11:19:11,63.89,255573,40,卖盘
1985,11:19:14,63.89,332228,52,卖盘
1986,11:19:17,63.9,1060748,166,卖盘
1987,11:19:20,63.9,38340,6,买盘
1988,11:19:23,63.9,639000,100,买盘
1989,11:19:26,63.9,191700,30,卖盘
1990,11:19:29,63.9,115020,18,卖盘
1991,11:19:32,63.89,57516,9,卖盘
1992,11:19:35,63.89,6389,1,卖盘
1993,11:19:38,63.89,12778,2,卖盘
1994,11:19:41,63.9,31949,5,买盘
1995,11:19:44,63.89,12778,2,卖盘
1996,11:19:50,63.9,44730,7,买盘
1997,11:19:59,63.89,236393,37,卖盘
1998,11:20:02,63.9,696510,109,买盘
1999,11:20:05,63.9,12780,2,买盘
2000,11:20:08,63.91,428131,67,买盘
2001,11:20:11,63.91,44737,7,买盘
2002,11:20:17,63.91,134211,21,买盘
2003,11:20:20,63.92,57528,9,买盘
2004,11:20:23,63.91,31955,5,卖盘
2005,11:20:26,63.91,83083,13,卖盘
2006,11:20:29,63.91,485716,76,卖盘
2007,11:20:32,63.89,868914,136,卖盘
2008,11:20:35,63.89,325841,51,卖盘
2009,11:20:38,63.91,1054035,165,买盘
2010,11:20:41,63.92,51129,8,买盘
2011,11:20:56,63.92,6392,1,买盘
2012,11:20:59,63.89,31947,5,卖盘
2013,11:21:02,63.89,38333,6,买盘
2014,11:21:08,63.89,70275,11,买盘
2015,11:21:17,63.85,159625,25,卖盘
2016,11:21:20,63.85,874745,137,买盘
2017,11:21:23,63.85,580736,91,买盘
2018,11:21:32,63.85,31925,5,买盘
2019,11:21:41,63.88,498094,78,买盘
2020,11:21:44,63.86,44702,7,卖盘
2021,11:21:50,63.88,38328,6,买盘
2022,11:21:59,63.86,6386,1,卖盘
2023,11:22:02,63.88,51098,8,买盘
2024,11:22:11,63.92,817877,128,买盘
2025,11:22:14,63.92,19168,3,买盘
2026,11:22:23,63.89,127780,20,中性盘
2027,11:22:26,63.93,786282,123,买盘
2028,11:22:32,63.92,31959,5,买盘
2029,11:22:38,63.88,581238,91,中性盘
2030,11:22:41,63.88,31940,5,买盘
2031,11:22:47,63.9,785890,123,买盘
2032,11:22:50,63.89,25556,4,中性盘
2033,11:22:53,63.9,587867,92,买盘
2034,11:22:56,63.9,6390,1,卖盘
2035,11:22:59,63.9,6390,1,卖盘
2036,11:23:02,63.9,44736,7,卖盘
2037,11:23:05,63.91,63910,10,买盘
2038,11:23:08,63.91,89474,14,买盘
2039,11:23:11,63.92,25568,4,买盘
2040,11:23:14,63.91,95876,15,卖盘
2041,11:23:17,63.92,44743,7,买盘
2042,11:23:20,63.92,89478,14,买盘
2043,11:23:23,63.92,57528,9,买盘
2044,11:23:29,63.9,121415,19,卖盘
2045,11:23:32,63.9,31951,5,卖盘
2046,11:23:38,63.92,25567,4,买盘
2047,11:23:41,63.9,172545,27,卖盘
2048,11:23:50,63.92,31960,5,买盘
2049,11:23:59,63.92,25568,4,买盘
2050,11:24:02,63.92,51134,8,买盘
2051,11:24:05,63.92,6392,1,买盘
2052,11:24:08,63.91,83082,13,卖盘
2053,11:24:11,63.92,102269,16,买盘
2054,11:24:14,63.91,6391,1,卖盘
2055,11:24:20,63.9,44741,7,卖盘
2056,11:24:26,63.92,31960,5,买盘
2057,11:24:29,63.91,6391,1,中性盘
2058,11:24:32,63.92,38352,6,买盘
2059,11:24:35,63.9,639000,100,卖盘
2060,11:24:41,63.91,6391,1,买盘
2061,11:24:44,63.9,370620,58,卖盘
2062,11:24:47,63.9,19170,3,卖盘
2063,11:24:50,63.9,63906,10,卖盘
2064,11:24:53,63.9,63900,10,卖盘
2065,11:24:56,63.9,76680,12,卖盘
2066,11:25:02,63.9,31950,5,买盘
2067,11:25:08,63.9,31950,5,买盘
2068,11:25:11,63.9,44730,7,买盘
2069,11:25:20,63.89,44723,7,买盘
2070,11:25:32,63.9,414842,65,买盘
2071,11:25:35,63.81,121285,19,卖盘
2072,11:25:38,63.91,12782,2,买盘
2073,11:25:41,63.92,31960,5,买盘
2074,11:25:44,63.91,83027,13,中性盘
2075,11:25:47,63.91,6391,1,买盘
2076,11:25:50,63.92,140620,22,买盘
2077,11:25:53,63.92,19175,3,买盘
2078,11:25:56,63.91,19174,3,卖盘
2079,11:25:59,63.91,31955,5,卖盘
2080,11:26:02,63.92,51134,8,买盘
2081,11:26:05,63.82,108516,17,卖盘
2082,11:26:08,63.92,83067,13,买盘
2083,11:26:11,63.92,76704,12,卖盘
2084,11:26:14,63.82,261972,41,卖盘
2085,11:26:17,63.82,95730,15,卖盘
2086,11:26:20,63.93,6393,1,买盘
2087,11:26:26,63.87,12774,2,卖盘
2088,11:26:32,63.92,38352,6,中性盘
2089,11:26:38,63.92,204344,32,买盘
2090,11:26:41,63.92,38345,6,买盘
2091,11:26:44,63.87,19161,3,中性盘
2092,11:26:50,63.87,83053,13,卖盘
2093,11:26:53,63.81,25525,4,卖盘
2094,11:26:56,63.82,6382,1,中性盘
2095,11:26:59,63.91,6391,1,买盘
2096,11:27:05,63.91,108504,17,买盘
2097,11:27:11,63.91,6391,1,买盘
2098,11:27:14,63.87,12774,2,卖盘
2099,11:27:17,63.82,44707,7,卖盘
2100,11:27:23,63.92,38348,6,买盘
2101,11:27:29,63.92,6392,1,买盘
2102,11:27:32,63.92,38347,6,买盘
2103,11:27:35,63.92,6392,1,买盘
2104,11:27:38,63.92,95835,15,买盘
2105,11:27:41,63.92,83096,13,卖盘
2106,11:27:44,63.92,121460,19,卖盘
2107,11:27:47,63.93,198167,31,买盘
2108,11:27:50,63.92,63928,10,中性盘
2109,11:27:53,63.86,51102,8,卖盘
2110,11:27:56,63.85,25556,4,中性盘
2111,11:28:02,63.92,6392,1,买盘
2112,11:28:05,63.9,12780,2,卖盘
2113,11:28:08,63.83,63860,10,卖盘
2114,11:28:11,63.83,114914,18,卖盘
2115,11:28:17,63.9,6390,1,买盘
2116,11:28:20,63.9,12780,2,买盘
2117,11:28:23,63.9,31954,5,卖盘
2118,11:28:26,63.83,83002,13,卖盘
2119,11:28:32,63.91,12782,2,买盘
2120,11:28:35,63.91,19173,3,卖盘
2121,11:28:41,63.9,51120,8,买盘
2122,11:28:50,63.9,38338,6,买盘
2123,11:28:56,63.85,63858,10,卖盘
2124,11:29:02,63.9,31950,5,买盘
2125,11:29:05,63.9,12780,2,买盘
2126,11:29:11,63.86,121383,19,卖盘
2127,11:29:14,63.91,12777,2,买盘
2128,11:29:17,63.9,6390,1,中性盘
2129,11:29:20,63.9,12780,2,买盘
2130,11:29:23,63.9,19170,3,买盘
2131,11:29:26,63.9,12780,2,买盘
2132,11:29:29,63.9,146907,23,买盘
2133,11:29:32,63.9,44730,7,买盘
2134,11:29:35,63.9,12780,2,买盘
2135,11:29:38,63.91,146953,23,买盘
2136,11:29:41,63.92,31960,5,买盘
2137,11:29:44,63.92,38352,6,买盘
2138,11:29:47,63.92,12784,2,买盘
2139,11:29:50,63.92,89488,14,买盘
2140,11:29:53,63.92,12784,2,买盘
2141,11:29:56,63.92,12784,2,买盘
2142,13:00:02,63.92,223782,35,买盘
2143,13:00:05,63.92,377134,59,卖盘
2144,13:00:08,63.9,849970,133,卖盘
2145,13:00:11,63.9,102237,16,卖盘
2146,13:00:14,63.87,204458,32,卖盘
2147,13:00:17,63.89,19167,3,买盘
2148,13:00:20,63.89,229943,36,买盘
2149,13:00:23,63.89,146924,23,买盘
2150,13:00:26,63.87,38327,6,卖盘
2151,13:00:29,63.88,6388,1,买盘
2152,13:00:32,63.88,6388,1,买盘
2153,13:00:35,63.88,114991,18,买盘
2154,13:00:38,63.91,89463,14,买盘
2155,13:00:41,63.93,159799,25,买盘
2156,13:00:44,63.92,19177,3,卖盘
2157,13:00:47,63.93,51138,8,买盘
2158,13:00:50,63.93,44751,7,买盘
2159,13:00:53,63.93,70326,11,买盘
2160,13:00:56,63.94,57545,9,买盘
2161,13:00:59,63.96,473225,74,买盘
2162,13:01:02,64.05,3090981,483,买盘
2163,13:01:05,64.06,1549249,242,买盘
2164,13:01:08,63.99,505593,79,卖盘
2165,13:01:11,64.05,371231,58,中性盘
2166,13:01:14,64.02,19209,3,卖盘
2167,13:01:17,64.01,70402,11,中性盘
2168,13:01:20,64.06,300830,47,买盘
2169,13:01:23,64.06,38436,6,卖盘
2170,13:01:26,64.06,499668,78,卖盘
2171,13:01:29,64.06,730258,114,卖盘
2172,13:01:32,64.07,294638,46,买盘
2173,13:01:35,64.13,1429285,223,买盘
2174,13:01:38,64.12,448769,70,中性盘
2175,13:01:41,64.12,12824,2,买盘
2176,13:01:44,64.1,185862,29,卖盘
2177,13:01:47,64.15,6415,1,买盘
2178,13:01:50,64.15,96200,15,买盘
2179,13:01:53,64.12,32060,5,买盘
2180,13:01:56,64.07,115380,18,卖盘
2181,13:01:59,64.12,38472,6,买盘
2182,13:02:02,64.11,96133,15,中性盘
2183,13:02:05,64.08,32046,5,中性盘
2184,13:02:08,64.08,224284,35,卖盘
2185,13:02:11,64.07,115250,18,买盘
2186,13:02:14,63.92,512573,80,卖盘
2187,13:02:20,63.96,102351,16,卖盘
2188,13:02:23,64.06,12812,2,中性盘
2189,13:02:26,64.02,6402,1,卖盘
2190,13:02:29,64.07,25617,4,买盘
2191,13:02:32,64.02,57618,9,卖盘
2192,13:02:35,64.02,89688,14,中性盘
2193,13:02:38,63.97,121677,19,中性盘
2194,13:02:41,63.97,38390,6,卖盘
2195,13:02:44,64.05,32025,5,买盘
2196,13:02:50,64.03,57643,9,卖盘
2197,13:02:53,64.05,38427,6,买盘
2198,13:02:56,64.03,57629,9,卖盘
2199,13:02:59,64.03,96065,15,卖盘
2200,13:03:02,64.06,864756,135,买盘
2201,13:03:05,64.1,538292,84,买盘
2202,13:03:08,64.03,211363,33,卖盘
2203,13:03:11,64.08,320259,50,中性盘
2204,13:03:14,64.08,96109,15,卖盘
2205,13:03:17,64.08,44860,7,卖盘
2206,13:03:20,64.05,147406,23,卖盘
2207,13:03:23,64.03,121742,19,卖盘
2208,13:03:29,64.03,70433,11,卖盘
2209,13:03:32,64.08,38445,6,买盘
2210,13:03:35,64.08,486707,76,买盘
2211,13:03:38,64.03,147258,23,卖盘
2212,13:03:41,64.09,211518,33,买盘
2213,13:03:44,64.1,801247,125,买盘
2214,13:03:47,64.09,134599,21,卖盘
2215,13:03:50,64.1,877779,137,买盘
2216,13:03:53,64.1,262815,41,买盘
2217,13:03:59,64.1,76922,12,卖盘
2218,13:04:02,64.1,64097,10,买盘
2219,13:04:05,64.1,89745,14,卖盘
2220,13:04:08,64.1,314084,49,买盘
2221,13:04:11,64.1,134632,21,中性盘
2222,13:04:14,64.09,83322,13,卖盘
2223,13:04:17,64.1,19230,3,买盘
2224,13:04:20,64.08,76907,12,卖盘
2225,13:04:23,64.09,57685,9,中性盘
2226,13:04:26,64.09,38452,6,买盘
2227,13:04:29,64.08,38451,6,卖盘
2228,13:04:32,64.07,128166,20,卖盘
2229,13:04:35,64.1,19228,3,买盘
2230,13:04:38,64.0,70471,11,卖盘
2231,13:04:44,64.07,6407,1,中性盘
2232,13:04:50,64.05,12810,2,中性盘
2233,13:04:53,64.05,38439,6,买盘
2234,13:04:59,64.08,83268,13,买盘
2235,13:05:02,64.07,32039,5,中性盘
2236,13:05:08,64.05,12810,2,卖盘
2237,13:05:17,64.03,76847,12,卖盘
2238,13:05:20,63.97,76792,12,卖盘
2239,13:05:23,63.98,44801,7,中性盘
2240,13:05:26,63.97,25588,4,卖盘
2241,13:05:29,64.03,6403,1,买盘
2242,13:05:32,63.97,38402,6,卖盘
2243,13:05:38,64.03,83236,13,买盘
2244,13:05:41,63.97,57577,9,卖盘
2245,13:05:44,63.97,89589,14,卖盘
2246,13:05:47,63.97,19191,3,卖盘
2247,13:05:53,64.01,96003,15,买盘
2248,13:05:56,63.97,19191,3,卖盘
2249,13:05:59,63.97,70382,11,卖盘
2250,13:06:02,64.04,332948,52,买盘
2251,13:06:05,64.02,70436,11,卖盘
2252,13:06:11,64.1,217873,34,买盘
2253,13:06:14,64.04,70466,11,卖盘
2254,13:06:17,64.1,6410,1,买盘
2255,13:06:23,64.09,76858,12,买盘
2256,13:06:26,64.06,249625,39,买盘
2257,13:06:29,64.08,12814,2,中性盘
2258,13:06:32,64.09,102479,16,买盘
2259,13:06:35,64.09,134534,21,买盘
2260,13:06:38,64.09,32045,5,买盘
2261,13:06:41,64.01,25608,4,卖盘
2262,13:06:44,64.06,19218,3,卖盘
2263,13:06:47,64.06,6406,1,卖盘
2264,13:06:50,64.07,51222,8,买盘
2265,13:06:53,64.06,89700,14,中性盘
2266,13:06:59,64.0,25601,4,卖盘
2267,13:07:02,64.03,51232,8,中性盘
2268,13:07:05,64.04,6404,1,买盘
2269,13:07:08,64.06,12810,2,中性盘
2270,13:07:11,64.09,153767,24,买盘
2271,13:07:17,64.01,44821,7,卖盘
2272,13:07:23,64.08,57655,9,买盘
2273,13:07:26,64.06,38440,6,卖盘
2274,13:07:38,64.03,38418,6,中性盘
2275,13:07:41,64.06,44839,7,买盘
2276,13:07:44,64.01,25613,4,卖盘
2277,13:07:47,64.03,25614,4,中性盘
2278,13:07:50,64.05,12810,2,买盘
2279,13:07:53,64.06,57648,9,买盘
2280,13:07:56,64.05,38427,6,卖盘
2281,13:08:02,64.06,153736,24,中性盘
2282,13:08:08,64.04,44845,7,卖盘
2283,13:08:11,64.08,166598,26,买盘
2284,13:08:14,64.08,333214,52,买盘
2285,13:08:17,64.08,64075,10,买盘
2286,13:08:20,64.06,314006,49,卖盘
2287,13:08:23,64.1,313999,49,买盘
2288,13:08:26,64.08,749939,117,卖盘
2289,13:08:29,64.11,141021,22,买盘
2290,13:08:32,64.08,262778,41,卖盘
2291,13:08:35,64.1,224334,35,中性盘
2292,13:08:41,64.08,64080,10,卖盘
2293,13:08:44,64.09,12818,2,买盘
2294,13:08:47,64.09,6409,1,买盘
2295,13:08:50,64.08,102530,16,卖盘
2296,13:08:53,64.08,25629,4,买盘
2297,13:08:56,64.08,83293,13,买盘
2298,13:08:59,64.09,217854,34,买盘
2299,13:09:02,64.11,1096244,171,买盘
2300,13:09:05,64.14,153891,24,买盘
2301,13:09:08,64.09,230752,36,卖盘
2302,13:09:11,64.15,147502,23,买盘
2303,13:09:14,64.08,83369,13,卖盘
2304,13:09:17,64.15,25657,4,买盘
2305,13:09:20,64.14,25648,4,中性盘
2306,13:09:23,64.16,519638,81,买盘
2307,13:09:26,64.14,577275,90,中性盘
2308,13:09:29,64.15,166759,26,买盘
2309,13:09:32,64.15,57741,9,卖盘
2310,13:09:35,64.16,173240,27,买盘
2311,13:09:38,64.16,115488,18,卖盘
2312,13:09:41,64.17,77004,12,买盘
2313,13:09:44,64.17,166842,26,买盘
2314,13:09:47,64.17,115499,18,卖盘
2315,13:09:50,64.18,141176,22,买盘
2316,13:09:53,64.18,57762,9,买盘
2317,13:09:56,64.17,128313,20,买盘
2318,13:09:59,64.17,179636,28,买盘
2319,13:10:02,64.16,64165,10,卖盘
2320,13:10:05,64.17,64168,10,买盘
2321,13:10:08,64.16,115498,18,中性盘
2322,13:10:11,64.18,12836,2,买盘
2323,13:10:14,64.23,2426649,378,买盘
2324,13:10:17,64.2,89874,14,中性盘
2325,13:10:20,64.21,352978,55,买盘
2326,13:10:23,64.21,173265,27,买盘
2327,13:10:26,64.15,51332,8,卖盘
2328,13:10:29,64.13,32068,5,卖盘
2329,13:10:32,64.18,83394,13,买盘
2330,13:10:35,64.16,64171,10,买盘
2331,13:10:38,64.21,6421,1,买盘
2332,13:10:41,64.21,77010,12,买盘
2333,13:10:44,64.21,12842,2,卖盘
2334,13:10:47,64.16,32081,5,卖盘
2335,13:10:50,64.16,250228,39,卖盘
2336,13:10:53,64.19,77007,12,中性盘
2337,13:10:56,64.19,6419,1,买盘
2338,13:10:59,64.17,109129,17,中性盘
2339,13:11:02,64.16,32085,5,卖盘
2340,13:11:05,64.19,32089,5,买盘
2341,13:11:08,64.19,6419,1,买盘
2342,13:11:11,64.21,134801,21,买盘
2343,13:11:14,64.16,64160,10,卖盘
2344,13:11:17,64.16,205312,32,卖盘
2345,13:11:20,64.19,77003,12,买盘
2346,13:11:23,64.17,121907,19,买盘
2347,13:11:26,64.17,128337,20,卖盘
2348,13:11:29,64.14,32070,5,卖盘
2349,13:11:32,64.18,160450,25,买盘
2350,13:11:35,64.17,19248,3,买盘
2351,13:11:38,64.1,44889,7,卖盘
2352,13:11:41,64.18,96267,15,买盘
2353,13:11:44,64.1,134646,21,卖盘
2354,13:11:47,64.15,57735,9,卖盘
2355,13:11:50,64.08,19226,3,卖盘
2356,13:11:53,64.06,89704,14,卖盘
2357,13:11:56,64.09,25636,4,卖盘
2358,13:11:59,64.14,6414,1,买盘
2359,13:12:02,64.14,57697,9,买盘
2360,13:12:14,64.11,32052,5,中性盘
2361,13:12:17,64.12,12823,2,买盘
2362,13:12:20,64.11,44880,7,卖盘
2363,13:12:23,64.13,57721,9,中性盘
2364,13:12:26,64.11,25648,4,卖盘
2365,13:12:32,64.11,128226,20,卖盘
2366,13:12:35,64.1,102572,16,卖盘
2367,13:12:38,64.12,64123,10,中性盘
2368,13:12:41,64.13,44890,7,买盘
2369,13:12:44,64.11,32057,5,卖盘
2370,13:12:47,64.13,6413,1,买盘
2371,13:12:50,64.11,51290,8,卖盘
2372,13:12:53,64.1,57690,9,买盘
2373,13:12:59,64.1,12820,2,买盘
2374,13:13:02,64.1,525567,82,买盘
2375,13:13:05,64.09,147417,23,卖盘
2376,13:13:11,64.1,141005,22,中性盘
2377,13:13:14,64.08,44863,7,卖盘
2378,13:13:17,64.11,6411,1,中性盘
2379,13:13:20,64.11,25644,4,卖盘
2380,13:13:29,64.09,12818,2,买盘
2381,13:13:32,64.08,96120,15,卖盘
2382,13:13:35,64.09,6409,1,买盘
2383,13:13:38,64.08,121757,19,卖盘
2384,13:13:41,64.1,32047,5,买盘
2385,13:13:47,64.07,64077,10,卖盘
2386,13:13:50,64.08,12816,2,买盘
2387,13:13:53,64.07,51264,8,卖盘
2388,13:13:56,64.07,6407,1,卖盘
2389,13:13:59,64.07,25628,4,卖盘
2390,13:14:02,64.09,57670,9,买盘
2391,13:14:05,64.07,12814,2,卖盘
2392,13:14:08,64.09,76897,12,买盘
2393,13:14:11,64.09,44861,7,买盘
2394,13:14:17,64.07,102524,16,卖盘
2395,13:14:20,64.07,147361,23,卖盘
2396,13:14:23,64.08,32040,5,买盘
2397,13:14:26,64.06,64061,10,卖盘
2398,13:14:29,64.07,51256,8,买盘
2399,13:14:38,64.07,83287,13,买盘
2400,13:14:41,64.07,224225,35,卖盘
2401,13:14:44,64.07,44844,7,买盘
2402,13:14:47,64.04,64056,10,卖盘
2403,13:14:53,64.06,25624,4,买盘
2404,13:14:56,64.07,121726,19,买盘
2405,13:14:59,64.01,44818,7,卖盘
2406,13:15:02,64.02,89659,14,中性盘
2407,13:15:08,64.04,89653,14,买盘
2408,13:15:11,64.02,57615,9,卖盘
2409,13:15:14,64.02,6402,1,买盘
2410,13:15:17,64.02,89628,14,买盘
2411,13:15:20,64.04,518715,81,买盘
2412,13:15:23,64.07,70472,11,买盘
2413,13:15:26,64.1,147412,23,买盘
2414,13:15:29,64.12,262839,41,买盘
2415,13:15:32,64.12,64114,10,买盘
2416,13:15:35,64.12,83357,13,买盘
2417,13:15:38,64.12,6412,1,卖盘
2418,13:15:41,64.11,384672,60,卖盘
2419,13:15:44,64.12,314118,49,买盘
2420,13:15:47,64.12,44885,7,卖盘
2421,13:15:50,64.11,83336,13,中性盘
2422,13:15:53,64.12,455242,71,买盘
2423,13:15:56,64.12,141043,22,买盘
2424,13:15:59,64.1,365366,57,中性盘
2425,13:16:02,64.1,44869,7,买盘
2426,13:16:05,64.09,70502,11,卖盘
2427,13:16:08,64.13,2192077,342,买盘
2428,13:16:11,64.14,96201,15,买盘
2429,13:16:14,64.08,461695,72,卖盘
2430,13:16:17,64.13,115349,18,中性盘
2431,13:16:20,64.07,102531,16,卖盘
2432,13:16:23,64.12,32057,5,买盘
2433,13:16:29,64.1,6410,1,买盘
2434,13:16:32,64.1,38460,6,买盘
2435,13:16:35,64.09,51269,8,中性盘
2436,13:16:38,64.1,147446,23,卖盘
2437,13:16:41,64.1,506376,79,买盘
2438,13:16:44,64.1,442290,69,买盘
2439,13:16:47,64.12,871782,136,买盘
2440,13:16:50,64.13,628370,98,买盘
2441,13:16:53,64.14,333486,52,买盘
2442,13:16:56,64.15,147528,23,买盘
2443,13:16:59,64.13,96209,15,卖盘
2444,13:17:02,64.15,70544,11,买盘
2445,13:17:05,64.12,115416,18,卖盘
2446,13:17:08,64.09,429592,67,卖盘
2447,13:17:11,64.11,57684,9,买盘
2448,13:17:14,64.11,423130,66,买盘
2449,13:17:17,64.12,1397816,218,买盘
2450,13:17:20,64.1,1384689,216,卖盘
2451,13:17:23,64.07,442312,69,卖盘
2452,13:17:29,64.09,185866,29,卖盘
2453,13:17:32,64.07,499767,78,卖盘
2454,13:17:41,64.08,76890,12,买盘
2455,13:17:44,64.07,153768,24,卖盘
2456,13:17:50,64.06,32031,5,卖盘
2457,13:17:53,64.06,83278,13,卖盘
2458,13:17:56,64.04,25613,4,中性盘
2459,13:17:59,64.04,6404,1,买盘
2460,13:18:02,64.06,1864132,291,买盘
2461,13:18:05,64.09,1569830,245,买盘
2462,13:18:08,64.08,2236802,349,中性盘
2463,13:18:11,64.14,19241,3,中性盘
2464,13:18:14,64.1,1275597,199,卖盘
2465,13:18:17,64.11,19233,3,中性盘
2466,13:18:23,64.12,44884,7,买盘
2467,13:18:26,64.11,25646,4,卖盘
2468,13:18:32,64.13,2000582,312,买盘
2469,13:18:35,64.14,1173961,183,中性盘
2470,13:18:38,64.2,2952816,460,买盘
2471,13:18:41,64.21,565149,88,卖盘
2472,13:18:44,64.21,64233,10,卖盘
2473,13:18:47,64.22,64208,10,中性盘
2474,13:18:53,64.2,192608,30,买盘
2475,13:18:56,64.22,12844,2,中性盘
2476,13:18:59,64.21,12842,2,中性盘
2477,13:19:02,64.19,83481,13,卖盘
2478,13:19:05,64.2,134878,21,中性盘
2479,13:19:08,64.28,2975288,463,买盘
2480,13:19:11,64.26,527121,82,中性盘
2481,13:19:14,64.28,951433,148,中性盘
2482,13:19:17,64.28,141428,22,买盘
2483,13:19:20,64.28,154286,24,买盘
2484,13:19:23,64.28,244324,38,卖盘
2485,13:19:26,64.32,1376054,214,买盘
2486,13:19:29,64.33,90047,14,买盘
2487,13:19:32,64.34,1010119,157,买盘
2488,13:19:35,64.34,920130,143,买盘
2489,13:19:38,64.35,90090,14,买盘
2490,13:19:41,64.36,733573,114,买盘
2491,13:19:44,64.35,341043,53,中性盘
2492,13:19:47,64.34,19303,3,卖盘
2493,13:19:50,64.34,57909,9,卖盘
2494,13:19:53,64.35,592005,92,买盘
2495,13:19:56,64.35,527672,82,卖盘
2496,13:19:59,64.36,1171289,182,买盘
2497,13:20:02,64.38,341120,53,买盘
2498,13:20:05,64.35,321876,50,卖盘
2499,13:20:08,64.39,3045702,473,买盘
2500,13:20:11,64.43,2106370,327,买盘
2501,13:20:14,64.44,1791237,278,买盘
2502,13:20:17,64.45,380250,59,买盘
2503,13:20:20,64.44,238460,37,卖盘
2504,13:20:23,64.44,605821,94,卖盘
2505,13:20:26,64.44,57992,9,买盘
2506,13:20:29,64.43,122419,19,卖盘
2507,13:20:32,64.42,1024008,159,卖盘
2508,13:20:35,64.4,309120,48,卖盘
2509,13:20:38,64.39,405845,63,卖盘
2510,13:20:41,64.39,199615,31,卖盘
2511,13:20:44,64.39,77279,12,中性盘
2512,13:20:47,64.38,19314,3,卖盘
2513,13:20:50,64.37,6437,1,中性盘
2514,13:20:53,64.34,45049,7,中性盘
2515,13:20:56,64.33,77203,12,卖盘
2516,13:20:59,64.34,231620,36,买盘
2517,13:21:02,64.34,257336,40,买盘
2518,13:21:05,64.34,32174,5,卖盘
2519,13:21:08,64.34,488985,76,卖盘
2520,13:21:11,64.34,51481,8,卖盘
2521,13:21:14,64.34,57918,9,卖盘
2522,13:21:17,64.33,205880,32,卖盘
2523,13:21:20,64.34,141533,22,买盘
2524,13:21:23,64.33,392422,61,卖盘
2525,13:21:26,64.32,662596,103,卖盘
2526,13:21:29,64.32,6432,1,卖盘
2527,13:21:32,64.32,1717341,267,买盘
2528,13:21:35,64.31,6431,1,买盘
2529,13:21:38,64.3,115740,18,卖盘
2530,13:21:41,64.3,848666,132,买盘
2531,13:21:44,64.19,2126028,331,卖盘
2532,13:21:47,64.32,643145,100,买盘
2533,13:21:50,64.29,6429,1,买盘
2534,13:21:53,64.27,19282,3,中性盘
2535,13:21:56,64.29,1965696,306,买盘
2536,13:21:59,64.28,44996,7,卖盘
2537,13:22:02,64.27,1156860,180,买盘
2538,13:22:05,64.24,109217,17,卖盘
2539,13:22:08,64.24,102779,16,买盘
2540,13:22:11,64.21,366044,57,卖盘
2541,13:22:14,64.22,931424,145,中性盘
2542,13:22:17,64.22,38537,6,卖盘
2543,13:22:20,64.21,96339,15,卖盘
2544,13:22:23,64.24,77081,12,买盘
2545,13:22:26,64.22,38532,6,买盘
2546,13:22:29,64.23,610271,95,买盘
2547,13:22:32,64.22,1124118,175,卖盘
2548,13:22:35,64.22,128478,20,卖盘
2549,13:22:38,64.23,64230,10,买盘
2550,13:22:41,64.23,38538,6,买盘
2551,13:22:44,64.23,231228,36,买盘
2552,13:22:47,64.23,950593,148,买盘
2553,13:22:50,64.23,64230,10,卖盘
2554,13:22:53,64.26,32130,5,买盘
2555,13:22:56,64.25,6425,1,卖盘
2556,13:23:02,64.26,70687,11,买盘
2557,13:23:05,64.25,19277,3,卖盘
2558,13:23:08,64.25,1233601,192,卖盘
2559,13:23:11,64.26,481882,75,买盘
2560,13:23:14,64.29,893477,139,买盘
2561,13:23:17,64.33,810243,126,买盘
2562,13:23:20,64.33,225009,35,买盘
2563,13:23:23,64.33,19299,3,买盘
2564,13:23:26,64.3,270182,42,卖盘
2565,13:23:29,64.31,263740,41,中性盘
2566,13:23:32,64.31,38591,6,中性盘
2567,13:23:35,64.35,3995371,621,买盘
2568,13:23:38,64.38,566495,88,买盘
2569,13:23:41,64.38,77256,12,买盘
2570,13:23:44,64.39,2079507,323,买盘
2571,13:23:47,64.4,489448,76,买盘
2572,13:23:50,64.41,19323,3,中性盘
2573,13:23:53,64.4,38638,6,卖盘
2574,13:23:56,64.4,103040,16,买盘
2575,13:23:59,64.4,334877,52,买盘
2576,13:24:02,64.41,611845,95,买盘
2577,13:24:05,64.39,405658,63,卖盘
2578,13:24:08,64.39,251121,39,买盘
2579,13:24:11,64.39,444289,69,买盘
2580,13:24:14,64.41,4005330,622,买盘
2581,13:24:17,64.39,843779,131,卖盘
2582,13:24:20,64.42,302715,47,买盘
2583,13:24:23,64.41,38646,6,买盘
2584,13:24:26,64.39,302641,47,卖盘
2585,13:24:29,64.39,6439,1,买盘
2586,13:24:32,64.38,1345551,209,卖盘
2587,13:24:35,64.38,122322,19,买盘
2588,13:24:38,64.37,199558,31,卖盘
2589,13:24:41,64.38,167368,26,买盘
2590,13:24:44,64.37,1384142,215,买盘
2591,13:24:47,64.4,83687,13,买盘
2592,13:24:50,64.36,1660520,258,卖盘
2593,13:24:53,64.36,122304,19,买盘
2594,13:24:56,64.35,727247,113,卖盘
2595,13:24:59,64.35,566280,88,买盘
2596,13:25:02,64.4,2303830,358,买盘
2597,13:25:05,64.37,6437,1,卖盘
2598,13:25:08,64.4,32196,5,买盘
2599,13:25:11,64.4,1494215,232,买盘
2600,13:25:14,64.4,238243,37,买盘
2601,13:25:17,64.38,218902,34,卖盘
2602,13:25:20,64.38,231760,36,买盘
2603,13:25:23,64.38,135198,21,买盘
2604,13:25:26,64.38,579419,90,买盘
2605,13:25:29,64.38,959259,149,买盘
2606,13:25:32,64.38,418464,65,买盘
2607,13:25:35,64.39,727471,113,买盘
2608,13:25:38,64.38,103020,16,买盘
2609,13:25:41,64.39,186731,29,买盘
2610,13:25:44,64.39,64395,10,买盘
2611,13:25:47,64.4,96591,15,买盘
2612,13:25:50,64.39,824318,128,卖盘
2613,13:25:53,64.39,2369538,368,买盘
2614,13:25:56,64.39,109465,17,买盘
2615,13:25:59,64.4,1532444,238,买盘
2616,13:26:02,64.4,463638,72,买盘
2617,13:26:05,64.39,656777,102,买盘
2618,13:26:08,64.39,534437,83,买盘
2619,13:26:11,64.39,90135,14,买盘
2620,13:26:14,64.38,6438,1,卖盘
2621,13:26:17,64.38,32190,5,卖盘
2622,13:26:20,64.4,3219689,500,买盘
2623,13:26:23,64.46,7602472,1180,买盘
2624,13:26:26,64.46,45125,7,卖盘
2625,13:26:29,64.47,2338168,363,买盘
2626,13:26:32,64.47,264322,41,买盘
2627,13:26:35,64.46,122488,19,中性盘
2628,13:26:38,64.46,109571,17,买盘
2629,13:26:41,64.46,683273,106,买盘
2630,13:26:44,64.46,58014,9,买盘
2631,13:26:47,64.43,418801,65,卖盘
2632,13:26:50,64.43,380137,59,买盘
2633,13:26:53,64.43,186847,29,买盘
2634,13:26:56,64.43,2061562,320,买盘
2635,13:26:59,64.42,547671,85,卖盘
2636,13:27:02,64.42,560454,87,买盘
2637,13:27:05,64.41,1591076,247,卖盘
2638,13:27:08,64.43,38658,6,中性盘
2639,13:27:11,64.42,1359304,211,卖盘
2640,13:27:14,64.42,38664,6,卖盘
2641,13:27:17,64.43,45097,7,中性盘
2642,13:27:20,64.42,109514,17,卖盘
2643,13:27:23,64.42,212586,33,买盘
2644,13:27:26,64.41,206118,32,卖盘
2645,13:27:29,64.41,45087,7,买盘
2646,13:27:32,64.41,154584,24,买盘
2647,13:27:35,64.4,972446,151,卖盘
2648,13:27:38,64.39,77279,12,卖盘
2649,13:27:41,64.38,1500291,233,卖盘
2650,13:27:44,64.39,51512,8,买盘
2651,13:27:47,64.37,1396997,217,卖盘
2652,13:27:50,64.37,19311,3,卖盘
2653,13:27:53,64.37,173822,27,卖盘
2654,13:27:56,64.37,1087853,169,卖盘
2655,13:27:59,64.37,32185,5,卖盘
2656,13:28:02,64.37,1409703,219,卖盘
2657,13:28:05,64.36,366864,57,卖盘
2658,13:28:08,64.36,38620,6,卖盘
2659,13:28:11,64.36,881864,137,卖盘
2660,13:28:14,64.37,875326,136,买盘
2661,13:28:17,64.36,1049067,163,卖盘
2662,13:28:20,64.35,1055179,164,卖盘
2663,13:28:23,64.35,135139,21,买盘
2664,13:28:26,64.36,12872,2,买盘
2665,13:28:29,64.35,6435,1,卖盘
2666,13:28:32,64.34,1531509,238,卖盘
2667,13:28:38,64.34,212322,33,卖盘
2668,13:28:41,64.34,1466952,228,卖盘
2669,13:28:44,64.34,1286782,200,买盘
2670,13:28:47,64.34,70767,11,买盘
2671,13:28:50,64.33,32163,5,买盘
2672,13:28:53,64.32,926215,144,卖盘
2673,13:28:56,64.31,1324786,206,卖盘
2674,13:28:59,64.3,128606,20,卖盘
2675,13:29:02,64.31,675266,105,买盘
2676,13:29:05,64.32,739470,115,买盘
2677,13:29:08,64.31,90030,14,买盘
2678,13:29:11,64.31,135051,21,买盘
2679,13:29:14,64.3,122174,19,卖盘
2680,13:29:17,64.3,488680,76,卖盘
2681,13:29:23,64.29,51438,8,卖盘
2682,13:29:26,64.29,443615,69,卖盘
2683,13:29:32,64.28,1349888,210,卖盘
2684,13:29:35,64.28,64280,10,买盘
2685,13:29:38,64.27,6427,1,卖盘
2686,13:29:41,64.27,642700,100,卖盘
2687,13:29:44,64.27,38562,6,买盘
2688,13:29:47,64.26,565488,88,卖盘
2689,13:29:50,64.27,1336703,208,买盘
2690,13:29:53,64.28,1420135,221,买盘
2691,13:29:56,64.27,32135,5,买盘
2692,13:29:59,64.27,1619676,252,卖盘
2693,13:30:02,64.29,1709770,266,买盘
2694,13:30:05,64.25,2300508,358,卖盘
2695,13:30:08,64.25,96375,15,买盘
2696,13:30:11,64.25,70675,11,买盘
2697,13:30:14,64.25,128498,20,买盘
2698,13:30:17,64.25,12850,2,买盘
2699,13:30:20,64.25,269850,42,买盘
2700,13:30:23,64.26,51408,8,买盘
2701,13:30:26,64.25,32125,5,卖盘
2702,13:30:29,64.25,1291428,201,卖盘
2703,13:30:32,64.25,32125,5,买盘
2704,13:30:35,64.24,873667,136,卖盘
2705,13:30:38,64.24,38540,6,买盘
2706,13:30:41,64.24,128472,20,买盘
2707,13:30:44,64.23,430345,67,卖盘
2708,13:30:47,64.23,1881764,293,买盘
2709,13:30:50,64.16,2240287,349,卖盘
2710,13:30:53,64.16,1546687,241,卖盘
2711,13:30:56,64.14,57727,9,卖盘
2712,13:30:59,64.14,12828,2,卖盘
2713,13:31:02,64.13,38480,6,中性盘
2714,13:31:05,64.16,147509,23,买盘
2715,13:31:08,64.14,647898,101,卖盘
2716,13:31:11,64.14,89799,14,卖盘
2717,13:31:14,64.14,1007005,157,卖盘
2718,13:31:17,64.15,320703,50,买盘
2719,13:31:20,64.14,602975,94,卖盘
2720,13:31:23,64.14,186005,29,买盘
2721,13:31:26,64.13,269342,42,卖盘
2722,13:31:29,64.13,833577,130,买盘
2723,13:31:32,64.13,1250259,195,买盘
2724,13:31:35,64.12,179527,28,卖盘
2725,13:31:38,64.12,980814,153,买盘
2726,13:31:41,64.11,230762,36,买盘
2727,13:31:44,64.1,339726,53,卖盘
2728,13:31:47,64.11,1544885,241,买盘
2729,13:31:53,64.09,38458,6,中性盘
2730,13:31:56,64.1,173063,27,买盘
2731,13:31:59,64.1,249989,39,买盘
2732,13:32:02,64.1,1679167,262,买盘
2733,13:32:05,64.11,198713,31,买盘
2734,13:32:08,64.11,44871,7,买盘
2735,13:32:11,64.08,1313795,205,卖盘
2736,13:32:14,64.07,32036,5,中性盘
2737,13:32:17,64.06,70480,11,中性盘
2738,13:32:20,64.13,1827301,285,买盘
2739,13:32:23,64.05,2145852,335,卖盘
2740,13:32:26,64.09,38453,6,中性盘
2741,13:32:29,64.13,44888,7,买盘
2742,13:32:32,64.08,628107,98,卖盘
2743,13:32:35,64.08,121749,19,买盘
2744,13:32:38,64.07,6407,1,买盘
2745,13:32:41,64.07,12814,2,买盘
2746,13:32:44,64.06,249834,39,卖盘
2747,13:32:47,64.06,57646,9,买盘
2748,13:32:50,64.05,44835,7,卖盘
2749,13:32:53,64.06,102486,16,买盘
2750,13:32:56,64.05,198555,31,卖盘
2751,13:32:59,64.05,134489,21,买盘
2752,13:33:02,64.02,1369978,214,卖盘
2753,13:33:05,64.02,448025,70,买盘
2754,13:33:11,64.0,748799,117,卖盘
2755,13:33:14,64.01,160027,25,中性盘
2756,13:33:17,64.0,614404,96,卖盘
2757,13:33:20,64.01,684882,107,买盘
2758,13:33:23,63.97,38407,6,卖盘
2759,13:33:26,63.97,658883,103,买盘
2760,13:33:29,63.97,19193,3,卖盘
2761,13:33:32,64.11,365266,57,买盘
2762,13:33:41,64.06,121716,19,卖盘
2763,13:33:44,64.06,32021,5,买盘
2764,13:33:47,64.01,300910,47,卖盘
2765,13:33:50,64.01,320047,50,买盘
2766,13:33:53,64.04,192092,30,买盘
2767,13:33:56,63.99,511984,80,卖盘
2768,13:33:59,64.06,38424,6,买盘
2769,13:34:02,64.05,620905,97,中性盘
2770,13:34:05,64.06,44840,7,买盘
2771,13:34:08,64.03,51226,8,卖盘
2772,13:34:11,64.03,108825,17,买盘
2773,13:34:14,64.01,1824909,285,卖盘
2774,13:34:17,64.03,6403,1,买盘
2775,13:34:20,64.12,185867,29,买盘
2776,13:34:23,64.01,467502,73,卖盘
2777,13:34:26,64.12,89765,14,买盘
2778,13:34:29,64.13,32056,5,买盘
2779,13:34:35,64.03,550753,86,卖盘
2780,13:34:38,64.1,102560,16,买盘
2781,13:34:41,64.05,6405,1,中性盘
2782,13:34:44,64.08,1069338,167,买盘
2783,13:34:47,64.04,32020,5,卖盘
2784,13:34:50,64.03,646742,101,卖盘
2785,13:34:53,64.03,102448,16,买盘
2786,13:34:56,64.02,96040,15,卖盘
2787,13:34:59,64.02,320116,50,卖盘
2788,13:35:02,64.02,864267,135,买盘
2789,13:35:05,64.01,1376215,215,卖盘
2790,13:35:08,64.01,121629,19,卖盘
2791,13:35:11,63.99,1856140,290,卖盘
2792,13:35:14,64.0,147194,23,中性盘
2793,13:35:17,64.0,64000,10,买盘
2794,13:35:20,63.99,12798,2,卖盘
2795,13:35:23,63.99,76788,12,买盘
2796,13:35:26,63.98,371091,58,卖盘
2797,13:35:32,63.98,70378,11,卖盘
2798,13:35:35,63.97,1957499,306,卖盘
2799,13:35:38,63.98,505394,79,买盘
2800,13:35:41,63.97,223871,35,买盘
2801,13:35:44,63.97,57573,9,买盘
2802,13:35:47,63.96,505284,79,卖盘
2803,13:35:50,63.95,57561,9,卖盘
2804,13:35:53,63.96,44772,7,买盘
2805,13:35:56,63.96,818688,128,买盘
2806,13:35:59,63.96,645911,101,买盘
2807,13:36:02,63.95,2692302,421,卖盘
2808,13:36:05,63.94,319718,50,卖盘
2809,13:36:08,63.94,505126,79,卖盘
2810,13:36:11,63.94,44757,7,买盘
2811,13:36:14,63.94,63936,10,买盘
2812,13:36:17,63.93,632919,99,卖盘
2813,13:36:20,63.93,741588,116,卖盘
2814,13:36:23,63.92,70320,11,卖盘
2815,13:36:26,63.93,44748,7,买盘
2816,13:36:29,63.92,1393456,218,卖盘
2817,13:36:32,63.93,210964,33,买盘
2818,13:36:35,63.92,607240,95,卖盘
2819,13:36:38,63.91,1329567,208,卖盘
2820,13:36:41,63.91,300379,47,卖盘
2821,13:36:44,63.91,300377,47,买盘
2822,13:36:47,63.92,747763,117,买盘
2823,13:36:50,63.93,127851,20,买盘
2824,13:36:53,63.91,587972,92,卖盘
2825,13:36:59,63.89,479249,75,卖盘
2826,13:37:02,63.89,357751,56,卖盘
2827,13:37:05,63.9,153325,24,买盘
2828,13:37:08,63.88,913456,143,买盘
2829,13:37:14,63.87,19161,3,买盘
2830,13:37:17,63.85,664055,104,卖盘
2831,13:37:20,63.85,25540,4,卖盘
2832,13:37:23,63.88,593816,93,买盘
2833,13:37:26,63.85,191551,30,卖盘
2834,13:37:29,63.86,44702,7,买盘
2835,13:37:32,63.88,31940,5,买盘
2836,13:37:35,63.87,644916,101,中性盘
2837,13:37:38,63.85,51082,8,卖盘
2838,13:37:41,63.85,25540,4,卖盘
2839,13:37:44,63.86,166036,26,买盘
2840,13:37:47,63.86,734172,115,买盘
2841,13:37:50,63.85,6385,1,卖盘
2842,13:37:53,63.84,31920,5,买盘
2843,13:37:56,63.84,57453,9,买盘
2844,13:37:59,63.84,57456,9,买盘
2845,13:38:02,63.88,134102,21,买盘
2846,13:38:05,63.9,19168,3,买盘
2847,13:38:08,63.89,6389,1,中性盘
2848,13:38:11,63.85,421484,66,卖盘
2849,13:38:14,63.85,197935,31,买盘
2850,13:38:17,63.84,644859,101,卖盘
2851,13:38:20,63.86,6386,1,卖盘
2852,13:38:23,63.91,38336,6,买盘
2853,13:38:26,63.86,306533,48,卖盘
2854,13:38:29,63.86,95790,15,买盘
2855,13:38:32,63.86,6386,1,买盘
2856,13:38:35,63.85,415055,65,卖盘
2857,13:38:38,63.87,312867,49,买盘
2858,13:38:44,63.86,485363,76,卖盘
2859,13:38:47,63.89,6389,1,买盘
2860,13:38:50,63.86,287376,45,卖盘
2861,13:38:53,63.89,389559,61,买盘
2862,13:38:56,63.87,562068,88,卖盘
2863,13:39:02,63.88,843309,132,卖盘
2864,13:39:05,63.9,31952,5,中性盘
2865,13:39:08,63.91,83083,13,买盘
2866,13:39:11,63.91,44734,7,买盘
2867,13:39:14,63.91,140602,22,买盘
2868,13:39:20,63.91,198121,31,买盘
2869,13:39:23,63.89,1277986,200,卖盘
2870,13:39:29,63.88,728244,114,卖盘
2871,13:39:32,63.89,868776,136,买盘
2872,13:39:35,63.87,1852495,290,卖盘
2873,13:39:38,63.88,6388,1,卖盘
2874,13:39:41,63.89,6389,1,买盘
2875,13:39:44,63.9,51123,8,中性盘
2876,13:39:47,63.88,1942361,304,卖盘
2877,13:39:50,63.91,153384,24,买盘
2878,13:39:53,63.89,1731598,271,卖盘
2879,13:39:59,63.92,19175,3,买盘
2880,13:40:02,63.93,6393,1,中性盘
2881,13:40:05,63.93,31967,5,买盘
2882,13:40:08,63.93,76718,12,买盘
2883,13:40:11,63.94,19182,3,买盘
2884,13:40:14,63.98,31981,5,买盘
2885,13:40:17,63.98,83182,13,买盘
2886,13:40:20,64.03,684809,107,买盘
2887,13:40:23,64.05,19215,3,买盘
2888,13:40:26,64.05,1428063,223,买盘
2889,13:40:29,64.06,871083,136,买盘
2890,13:40:32,64.09,83290,13,中性盘
2891,13:40:35,64.07,83289,13,中性盘
2892,13:40:38,64.08,999507,156,买盘
2893,13:40:41,64.08,83298,13,买盘
2894,13:40:44,64.1,51272,8,买盘
2895,13:40:47,64.08,1121414,175,卖盘
2896,13:40:50,64.09,6409,1,卖盘
2897,13:40:53,64.1,922900,144,买盘
2898,13:40:56,64.09,83317,13,卖盘
2899,13:40:59,64.08,692078,108,卖盘
2900,13:41:02,64.09,333172,52,买盘
2901,13:41:05,64.08,301153,47,卖盘
2902,13:41:08,64.09,1947843,304,买盘
2903,13:41:11,64.07,25616,4,买盘
2904,13:41:14,64.06,32032,5,中性盘
2905,13:41:20,64.07,25627,4,买盘
2906,13:41:23,64.07,1050748,164,中性盘
2907,13:41:26,64.08,6408,1,买盘
2908,13:41:29,64.08,121752,19,买盘
2909,13:41:32,64.08,6408,1,卖盘
2910,13:41:35,64.09,1390574,217,买盘
2911,13:41:38,64.09,6409,1,卖盘
2912,13:41:41,64.1,2897135,452,买盘
2913,13:41:44,64.1,32049,5,买盘
2914,13:41:47,64.09,1737084,271,卖盘
2915,13:41:53,64.1,38460,6,买盘
2916,13:41:56,64.1,993398,155,中性盘
2917,13:42:02,64.11,1083296,169,买盘
2918,13:42:05,64.13,25652,4,买盘
2919,13:42:08,64.1,96153,15,卖盘
2920,13:42:11,64.09,1044828,163,卖盘
2921,13:42:14,64.09,44863,7,买盘
2922,13:42:17,64.08,1050826,164,中性盘
2923,13:42:20,64.09,32041,5,买盘
2924,13:42:23,64.09,25636,4,买盘
2925,13:42:26,64.07,563894,88,卖盘
2926,13:42:29,64.07,19221,3,卖盘
2927,13:42:32,64.05,38435,6,卖盘
2928,13:42:35,64.05,32021,5,卖盘
2929,13:42:38,64.01,89614,14,卖盘
2930,13:42:41,64.0,25600,4,卖盘
2931,13:42:44,64.01,57611,9,中性盘
2932,13:42:50,63.92,95912,15,卖盘
2933,13:42:53,63.95,76749,12,中性盘
2934,13:42:56,63.99,70353,11,买盘
2935,13:42:59,63.95,134274,21,卖盘
2936,13:43:02,63.95,972034,152,买盘
2937,13:43:05,64.0,12795,2,买盘
2938,13:43:08,63.9,896164,140,卖盘
2939,13:43:11,64.0,44798,7,买盘
2940,13:43:23,64.0,159978,25,买盘
2941,13:43:26,63.99,19197,3,买盘
2942,13:43:29,63.99,25596,4,卖盘
2943,13:43:35,63.99,63997,10,卖盘
2944,13:43:41,64.0,6400,1,买盘
2945,13:43:44,64.0,6400,1,买盘
2946,13:43:47,64.0,12800,2,买盘
2947,13:43:53,64.0,25600,4,买盘
2948,13:43:56,64.0,281559,44,买盘
2949,13:44:05,63.95,102366,16,卖盘
2950,13:44:08,63.96,6396,1,卖盘
2951,13:44:14,64.01,76788,12,买盘
2952,13:44:17,63.98,44786,7,卖盘
2953,13:44:20,64.01,6401,1,买盘
2954,13:44:23,63.99,57605,9,中性盘
2955,13:44:32,64.01,89598,14,买盘
2956,13:44:35,64.03,12806,2,中性盘
2957,13:44:41,64.03,6403,1,卖盘
2958,13:44:44,63.99,153609,24,卖盘
2959,13:44:47,64.05,6405,1,买盘
2960,13:44:50,63.99,127984,20,卖盘
2961,13:44:53,63.99,25596,4,买盘
2962,13:44:56,63.99,12798,2,中性盘
2963,13:44:59,64.03,12802,2,买盘
2964,13:45:02,64.02,6402,1,中性盘
2965,13:45:05,64.03,25609,4,买盘
2966,13:45:11,63.99,63990,10,卖盘
2967,13:45:14,64.07,76856,12,买盘
2968,13:45:23,64.05,44831,7,买盘
2969,13:45:32,64.01,19206,3,卖盘
2970,13:45:35,64.02,57625,9,中性盘
2971,13:45:41,64.04,6404,1,买盘
2972,13:45:44,64.07,70451,11,买盘
2973,13:45:47,64.06,32026,5,中性盘
2974,13:45:50,64.06,6406,1,买盘
2975,13:45:53,64.08,38444,6,买盘
2976,13:45:56,64.06,38436,6,买盘
2977,13:46:05,64.05,83270,13,卖盘
2978,13:46:08,64.05,25620,4,卖盘
2979,13:46:11,64.04,6404,1,卖盘
2980,13:46:14,64.03,64034,10,卖盘
2981,13:46:17,64.04,25610,4,买盘
2982,13:46:20,64.02,12804,2,卖盘
2983,13:46:23,64.04,51215,8,买盘
2984,13:46:26,64.05,51228,8,买盘
2985,13:46:29,64.01,19203,3,卖盘
2986,13:46:35,64.06,38434,6,买盘
2987,13:46:41,64.02,6402,1,卖盘
2988,13:46:44,64.02,44811,7,买盘
2989,13:46:53,64.02,76823,12,买盘
2990,13:46:59,64.01,6401,1,卖盘
2991,13:47:02,64.02,6402,1,买盘
2992,13:47:05,64.02,83224,13,买盘
2993,13:47:08,64.01,57609,9,卖盘
2994,13:47:17,64.01,83225,13,卖盘
2995,13:47:20,64.02,38412,6,买盘
2996,13:47:23,64.02,32010,5,买盘
2997,13:47:26,64.02,32010,5,买盘
2998,13:47:29,64.02,6402,1,卖盘
2999,13:47:35,64.05,25614,4,买盘
3000,13:47:44,64.05,38426,6,买盘
3001,13:47:53,64.05,38427,6,买盘
3002,13:47:59,64.08,269037,42,买盘
3003,13:48:05,64.08,38445,6,买盘
3004,13:48:08,64.08,102528,16,买盘
3005,13:48:14,64.07,25627,4,买盘
3006,13:48:26,64.06,6406,1,中性盘
3007,13:48:32,64.05,6405,1,卖盘
3008,13:48:35,64.06,89684,14,买盘
3009,13:48:41,64.05,12811,2,卖盘
3010,13:48:44,64.05,25620,4,买盘
3011,13:48:50,64.07,76874,12,买盘
3012,13:48:53,64.04,70465,11,卖盘
3013,13:48:59,64.07,32035,5,买盘
3014,13:49:02,64.05,115294,18,卖盘
3015,13:49:05,64.07,19219,3,买盘
3016,13:49:08,64.06,19218,3,买盘
3017,13:49:14,64.07,32030,5,买盘
3018,13:49:20,64.07,19221,3,卖盘
3019,13:49:23,64.09,96131,15,买盘
3020,13:49:26,64.1,25638,4,买盘
3021,13:49:29,64.1,6410,1,买盘
3022,13:49:35,64.1,38460,6,买盘
3023,13:49:38,64.1,19230,3,买盘
3024,13:49:44,64.09,64104,10,卖盘
3025,13:49:50,64.1,147429,23,买盘
3026,13:49:53,64.1,44868,7,买盘
3027,13:49:56,64.09,134589,21,卖盘
3028,13:49:59,64.09,6409,1,买盘
3029,13:50:02,64.08,115352,18,卖盘
3030,13:50:05,64.09,6409,1,买盘
3031,13:50:08,64.08,44860,7,卖盘
3032,13:50:11,64.09,6409,1,买盘
3033,13:50:14,64.09,32045,5,买盘
3034,13:50:17,64.09,83314,13,买盘
3035,13:50:20,64.08,57672,9,卖盘
3036,13:50:23,64.09,179440,28,买盘
3037,13:50:26,64.09,19229,3,卖盘
3038,13:50:29,64.09,12818,2,卖盘
3039,13:50:32,64.1,32050,5,买盘
3040,13:50:35,64.09,801136,125,卖盘
3041,13:50:38,64.09,32043,5,买盘
3042,13:50:44,64.06,6406,1,卖盘
3043,13:50:47,64.06,38433,6,买盘
3044,13:50:50,64.06,6406,1,买盘
3045,13:50:53,64.06,57654,9,买盘
3046,13:50:56,64.07,6407,1,买盘
3047,13:50:59,64.09,19225,3,买盘
3048,13:51:02,64.09,32045,5,买盘
3049,13:51:05,64.09,32045,5,买盘
3050,13:51:11,64.1,6410,1,中性盘
3051,13:51:14,64.12,51281,8,买盘
3052,13:51:17,64.08,51269,8,卖盘
3053,13:51:20,64.08,25633,4,买盘
3054,13:51:23,64.08,44859,7,买盘
3055,13:51:26,64.09,83307,13,买盘
3056,13:51:29,64.08,19224,3,卖盘
3057,13:51:32,64.09,32041,5,买盘
3058,13:51:35,64.09,128180,20,买盘
3059,13:51:38,64.09,121771,19,买盘
3060,13:51:41,64.12,12824,2,买盘
3061,13:51:44,64.12,38469,6,买盘
3062,13:51:47,64.12,12824,2,买盘
3063,13:51:53,64.13,25649,4,买盘
3064,13:51:56,64.13,6413,1,买盘
3065,13:52:02,64.11,44876,7,中性盘
3066,13:52:05,64.11,12822,2,买盘
3067,13:52:08,64.08,288423,45,卖盘
3068,13:52:11,64.07,12814,2,卖盘
3069,13:52:14,64.08,51262,8,买盘
3070,13:52:17,64.08,12816,2,买盘
3071,13:52:20,64.06,38436,6,卖盘
3072,13:52:23,64.08,38440,6,买盘
3073,13:52:26,64.11,1557630,243,买盘
3074,13:52:29,64.12,32057,5,买盘
3075,13:52:32,64.13,32062,5,买盘
3076,13:52:35,64.12,19236,3,中性盘
3077,13:52:38,64.13,25651,4,买盘
3078,13:52:41,64.13,38478,6,中性盘
3079,13:52:44,64.14,25656,4,买盘
3080,13:52:47,64.13,6413,1,卖盘
3081,13:52:50,64.14,38483,6,买盘
3082,13:52:53,64.13,70551,11,卖盘
3083,13:52:56,64.14,25656,4,买盘
3084,13:52:59,64.15,70552,11,买盘
3085,13:53:02,64.15,6415,1,买盘
3086,13:53:08,64.15,19245,3,买盘
3087,13:53:11,64.14,128290,20,卖盘
3088,13:53:14,64.15,76980,12,买盘
3089,13:53:17,64.15,51319,8,买盘
3090,13:53:23,64.15,44905,7,中性盘
3091,13:53:29,64.16,38493,6,买盘
3092,13:53:32,64.16,32077,5,买盘
3093,13:53:35,64.13,173175,27,卖盘
3094,13:53:38,64.15,19245,3,中性盘
3095,13:53:44,64.16,38494,6,买盘
3096,13:53:47,64.15,12830,2,中性盘
3097,13:53:50,64.14,12828,2,卖盘
3098,13:53:53,64.15,38493,6,买盘
3099,13:54:02,64.16,89804,14,买盘
3100,13:54:08,64.15,70565,11,买盘
3101,13:54:14,64.14,25656,4,卖盘
3102,13:54:17,64.13,19241,3,卖盘
3103,13:54:23,64.15,51320,8,买盘
3104,13:54:29,64.14,12828,2,卖盘
3105,13:54:32,64.15,32075,5,买盘
3106,13:54:35,64.14,6414,1,卖盘
3107,13:54:38,64.15,19245,3,买盘
3108,13:54:41,64.14,57726,9,卖盘
3109,13:54:44,64.15,32074,5,买盘
3110,13:54:47,64.14,25656,4,卖盘
3111,13:54:50,64.13,25649,4,中性盘
3112,13:54:53,64.13,83360,13,买盘
3113,13:55:02,64.13,38472,6,买盘
3114,13:55:05,64.13,38470,6,买盘
3115,13:55:08,64.13,19239,3,中性盘
3116,13:55:14,64.13,44893,7,买盘
3117,13:55:17,64.14,147521,23,买盘
3118,13:55:20,64.15,70565,11,买盘
3119,13:55:23,64.15,12830,2,买盘
3120,13:55:26,64.15,12830,2,买盘
3121,13:55:29,64.14,6414,1,卖盘
3122,13:55:32,64.15,57731,9,买盘
3123,13:55:38,64.17,1276775,199,买盘
3124,13:55:41,64.17,32083,5,中性盘
