,成交时间,成交价格,成交金额,成交量,性质
0,09:25:02,7.49,10413347,13903,卖盘
1,09:30:02,7.49,5834631,7781,卖盘
2,09:30:05,7.49,2939706,3924,卖盘
3,09:30:08,7.49,1740887,2323,卖盘
4,09:30:11,7.49,2104952,2809,卖盘
5,09:30:14,7.5,9155136,12221,买盘
6,09:30:17,7.49,1417459,1893,卖盘
7,09:30:20,7.48,1178613,1574,卖盘
8,09:30:23,7.49,2520878,3365,买盘
9,09:30:26,7.49,983703,1314,买盘
10,09:30:29,7.49,692753,925,买盘
11,09:30:32,7.48,750351,1003,卖盘
12,09:30:35,7.49,826018,1103,买盘
13,09:30:38,7.48,568711,760,卖盘
14,09:30:41,7.48,982014,1312,卖盘
15,09:30:44,7.49,1535800,2053,买盘
16,09:30:47,7.48,590679,789,卖盘
17,09:30:50,7.49,172847,231,买盘
18,09:30:53,7.49,626166,837,买盘
19,09:30:56,7.48,309764,414,卖盘
20,09:30:59,7.49,402158,537,买盘
21,09:31:02,7.48,240236,321,卖盘
22,09:31:05,7.48,133918,179,卖盘
23,09:31:08,7.48,1273890,1703,卖盘
24,09:31:11,7.49,86024,115,买盘
25,09:31:14,7.48,331365,443,卖盘
26,09:31:17,7.48,167537,224,卖盘
27,09:31:20,7.48,837143,1119,卖盘
28,09:31:23,7.48,241786,323,卖盘
29,09:31:26,7.48,233548,312,卖盘
30,09:31:29,7.48,446011,596,卖盘
31,09:31:32,7.48,1018220,1361,卖盘
32,09:31:35,7.48,810988,1084,卖盘
33,09:31:38,7.48,1975693,2641,卖盘
34,09:31:41,7.49,2222656,2968,买盘
35,09:31:44,7.49,11997950,16013,买盘
36,09:31:47,7.5,4378089,5840,买盘
37,09:31:50,7.5,2087378,2784,买盘
38,09:31:53,7.5,4881634,6509,买盘
39,09:31:56,7.5,219750,293,买盘
40,09:31:59,7.5,529352,706,买盘
41,09:32:02,7.51,1469799,1958,买盘
42,09:32:05,7.5,2356674,3140,卖盘
43,09:32:08,7.51,536565,715,买盘
44,09:32:11,7.51,1197438,1596,买盘
45,09:32:14,7.51,370019,493,买盘
46,09:32:17,7.51,176485,235,买盘
47,09:32:20,7.51,288233,384,买盘
48,09:32:23,7.51,444537,592,买盘
49,09:32:26,7.51,4713775,6284,买盘
50,09:32:29,7.5,331585,442,卖盘
51,09:32:32,7.5,269340,359,卖盘
52,09:32:35,7.51,1004054,1337,买盘
53,09:32:38,7.51,723132,963,买盘
54,09:32:41,7.5,266439,355,卖盘
55,09:32:44,7.51,84112,112,买盘
56,09:32:47,7.5,1323131,1764,卖盘
57,09:32:50,7.51,326517,435,买盘
58,09:32:53,7.5,142570,190,卖盘
59,09:32:56,7.51,455583,607,买盘
60,09:32:59,7.51,396212,528,买盘
61,09:33:02,7.5,4172368,5563,卖盘
62,09:33:05,7.51,139578,186,买盘
63,09:33:08,7.5,309063,412,卖盘
64,09:33:11,7.51,3123161,4164,买盘
65,09:33:14,7.51,141761,189,买盘
66,09:33:17,7.51,457786,610,买盘
67,09:33:20,7.51,644166,858,买盘
68,09:33:23,7.5,150046,200,卖盘
69,09:33:26,7.5,278507,371,卖盘
70,09:33:29,7.5,3175502,4234,卖盘
71,09:33:32,7.51,1163813,1551,买盘
72,09:33:35,7.5,527554,703,卖盘
73,09:33:38,7.51,394567,526,买盘
74,09:33:41,7.51,137402,183,买盘
75,09:33:44,7.5,670565,894,卖盘
76,09:33:47,7.5,641370,855,卖盘
77,09:33:50,7.51,58536,78,买盘
78,09:33:53,7.5,81762,109,卖盘
79,09:33:56,7.5,311418,415,卖盘
80,09:33:59,7.51,88526,118,买盘
81,09:34:02,7.51,698005,930,买盘
82,09:34:05,7.51,459069,612,买盘
83,09:34:08,7.51,587498,783,买盘
84,09:34:11,7.5,442193,589,卖盘
85,09:34:14,7.5,2525268,3367,卖盘
86,09:34:17,7.5,791549,1055,卖盘
87,09:34:20,7.51,750836,1001,买盘
88,09:34:23,7.5,603796,805,卖盘
89,09:34:26,7.5,425473,567,卖盘
90,09:34:29,7.5,7239052,9652,卖盘
91,09:34:32,7.49,437565,584,卖盘
92,09:34:35,7.49,991783,1323,卖盘
93,09:34:38,7.49,464872,620,卖盘
94,09:34:41,7.49,263088,351,卖盘
95,09:34:44,7.5,3678884,4906,买盘
96,09:34:47,7.5,1236311,1648,中性盘
97,09:34:50,7.5,299306,399,买盘
98,09:34:53,7.5,1479000,1972,卖盘
99,09:34:56,7.5,956281,1275,卖盘
100,09:34:59,7.51,261073,348,买盘
101,09:35:02,7.5,537152,716,卖盘
102,09:35:05,7.51,107946,144,买盘
103,09:35:08,7.51,240776,321,买盘
104,09:35:11,7.51,203339,271,买盘
105,09:35:14,7.51,153904,205,买盘
106,09:35:17,7.5,541381,721,卖盘
107,09:35:20,7.5,139595,186,卖盘
108,09:35:23,7.51,396979,529,买盘
109,09:35:26,7.51,58570,78,买盘
110,09:35:29,7.51,856082,1140,买盘
111,09:35:32,7.51,163640,218,买盘
112,09:35:35,7.51,314455,419,买盘
113,09:35:38,7.5,136608,182,卖盘
114,09:35:41,7.51,219123,292,买盘
115,09:35:44,7.5,96057,128,卖盘
116,09:35:47,7.51,313909,418,买盘
117,09:35:50,7.51,340803,454,买盘
118,09:35:53,7.51,213217,284,买盘
119,09:35:56,7.51,141772,189,买盘
120,09:35:59,7.51,286019,381,买盘
121,09:36:02,7.5,2370835,3157,卖盘
122,09:36:05,7.51,328814,438,买盘
123,09:36:08,7.5,165859,221,卖盘
124,09:36:11,7.51,198883,265,买盘
125,09:36:14,7.51,482409,643,买盘
126,09:36:17,7.5,264037,352,卖盘
127,09:36:20,7.5,1338783,1785,卖盘
128,09:36:23,7.5,13842687,18457,卖盘
129,09:36:26,7.5,334792,446,卖盘
130,09:36:29,7.5,347292,463,卖盘
131,09:36:32,7.5,372258,496,卖盘
132,09:36:35,7.5,468054,624,卖盘
133,09:36:38,7.5,560373,747,卖盘
134,09:36:41,7.5,268546,358,卖盘
135,09:36:44,7.51,241536,322,买盘
136,09:36:47,7.5,1111544,1482,卖盘
137,09:36:50,7.51,128394,171,买盘
138,09:36:53,7.5,3466935,4617,卖盘
139,09:36:56,7.51,121547,162,买盘
140,09:36:59,7.51,194254,259,买盘
141,09:37:02,7.5,410431,547,卖盘
142,09:37:05,7.5,112502,150,卖盘
143,09:37:08,7.5,463753,618,卖盘
144,09:37:11,7.51,1842782,2457,买盘
145,09:37:14,7.5,220538,294,卖盘
146,09:37:17,7.51,175554,234,买盘
147,09:37:20,7.5,279923,373,卖盘
148,09:37:23,7.5,605832,807,卖盘
149,09:37:26,7.5,118505,158,卖盘
150,09:37:29,7.5,438778,585,卖盘
151,09:37:32,7.51,259719,346,买盘
152,09:37:35,7.5,482473,643,卖盘
153,09:37:38,7.51,179276,239,买盘
154,09:37:41,7.51,1791046,2385,买盘
155,09:37:44,7.52,26897704,35816,买盘
156,09:37:47,7.52,1373343,1827,买盘
157,09:37:50,7.51,118028,157,卖盘
158,09:37:53,7.52,115037,153,买盘
159,09:37:56,7.51,1254990,1671,卖盘
160,09:37:59,7.51,772311,1028,卖盘
161,09:38:02,7.51,145842,194,卖盘
162,09:38:05,7.51,333761,444,卖盘
163,09:38:08,7.52,1012858,1347,买盘
164,09:38:11,7.51,700611,932,卖盘
165,09:38:14,7.52,157003,209,买盘
166,09:38:17,7.52,165282,220,买盘
167,09:38:20,7.52,115005,153,买盘
168,09:38:23,7.52,166834,222,买盘
169,09:38:26,7.52,493216,656,买盘
170,09:38:29,7.52,188574,251,买盘
171,09:38:32,7.52,616278,820,买盘
172,09:38:35,7.52,955527,1271,买盘
173,09:38:38,7.51,384800,512,卖盘
174,09:38:41,7.52,239681,319,买盘
175,09:38:44,7.51,539543,718,卖盘
176,09:38:47,7.51,463742,617,卖盘
177,09:38:50,7.51,184133,245,卖盘
178,09:38:53,7.52,9169557,12209,买盘
179,09:38:56,7.51,287825,383,卖盘
180,09:38:59,7.52,386796,515,买盘
181,09:39:02,7.51,512982,683,卖盘
182,09:39:05,7.52,408811,544,买盘
183,09:39:08,7.51,476403,634,卖盘
184,09:39:11,7.52,3473346,4619,买盘
185,09:39:14,7.52,296834,395,买盘
186,09:39:17,7.52,589471,784,买盘
187,09:39:20,7.52,783423,1042,买盘
188,09:39:23,7.52,169167,225,买盘
189,09:39:26,7.52,234501,312,买盘
190,09:39:29,7.51,417205,555,卖盘
191,09:39:32,7.51,526384,700,卖盘
192,09:39:35,7.51,226851,302,卖盘
193,09:39:38,7.52,35322,47,买盘
194,09:39:41,7.52,159278,212,买盘
195,09:39:44,7.52,63145,84,买盘
196,09:39:47,7.51,263192,350,卖盘
197,09:39:50,7.51,206733,275,卖盘
198,09:39:53,7.51,429255,571,卖盘
199,09:39:56,7.52,17243335,22930,买盘
200,09:39:59,7.52,958778,1275,买盘
201,09:40:02,7.52,606833,807,买盘
202,09:40:05,7.52,559687,745,买盘
203,09:40:08,7.52,612602,815,买盘
204,09:40:11,7.52,393187,523,买盘
205,09:40:14,7.51,338355,450,卖盘
206,09:40:17,7.52,195472,260,买盘
207,09:40:20,7.51,164525,219,卖盘
208,09:40:23,7.52,305004,406,买盘
209,09:40:26,7.51,420702,560,卖盘
210,09:40:29,7.51,672987,895,卖盘
211,09:40:32,7.52,1762666,2347,买盘
212,09:40:35,7.51,418391,557,卖盘
213,09:40:38,7.52,200673,267,买盘
214,09:40:41,7.52,289493,385,买盘
215,09:40:44,7.52,135360,180,买盘
216,09:40:47,7.52,387073,515,买盘
217,09:40:50,7.52,214984,286,买盘
218,09:40:53,7.52,290914,387,买盘
219,09:40:56,7.52,5117449,6814,买盘
220,09:40:59,7.52,429714,572,买盘
221,09:41:02,7.51,1253948,1669,卖盘
222,09:41:05,7.51,160815,214,卖盘
223,09:41:08,7.51,399766,532,卖盘
224,09:41:11,7.52,223262,297,买盘
225,09:41:14,7.51,230618,307,卖盘
226,09:41:17,7.52,1101824,1466,买盘
227,09:41:20,7.51,93956,125,卖盘
228,09:41:23,7.51,443180,590,卖盘
229,09:41:26,7.51,782689,1042,卖盘
230,09:41:29,7.51,6930995,9229,卖盘
231,09:41:32,7.5,240199,320,卖盘
232,09:41:35,7.51,1221601,1627,买盘
233,09:41:38,7.51,385063,513,买盘
234,09:41:41,7.51,417262,556,买盘
235,09:41:44,7.5,517126,689,卖盘
236,09:41:47,7.5,351316,468,卖盘
237,09:41:50,7.5,138810,185,卖盘
238,09:41:53,7.51,281280,375,买盘
239,09:41:56,7.51,531057,708,买盘
240,09:41:59,7.51,360245,480,买盘
241,09:42:02,7.51,367177,489,买盘
242,09:42:05,7.51,428047,570,买盘
243,09:42:08,7.5,93842,125,卖盘
244,09:42:11,7.51,349560,466,买盘
245,09:42:14,7.51,573829,765,买盘
246,09:42:17,7.51,228889,305,买盘
247,09:42:20,7.5,231056,308,卖盘
248,09:42:23,7.5,196660,262,卖盘
249,09:42:26,7.51,646689,862,买盘
250,09:42:29,7.51,234917,313,买盘
251,09:42:32,7.51,226563,302,买盘
252,09:42:35,7.5,320506,427,卖盘
253,09:42:38,7.5,983870,1311,卖盘
254,09:42:41,7.51,356662,475,买盘
255,09:42:44,7.51,270820,361,买盘
256,09:42:47,7.5,295596,394,卖盘
257,09:42:50,7.51,598155,797,买盘
258,09:42:53,7.51,292576,390,买盘
259,09:42:56,7.5,800286,1067,卖盘
260,09:42:59,7.51,390056,520,买盘
261,09:43:02,7.5,364692,486,卖盘
262,09:43:05,7.51,242499,323,买盘
263,09:43:08,7.5,98347,131,卖盘
264,09:43:11,7.51,67576,90,买盘
265,09:43:14,7.51,303278,404,买盘
266,09:43:17,7.5,218344,291,卖盘
267,09:43:20,7.51,104389,139,买盘
268,09:43:23,7.51,65289,87,买盘
269,09:43:26,7.5,859719,1146,卖盘
270,09:43:29,7.5,1248886,1664,卖盘
271,09:43:32,7.51,273849,365,买盘
272,09:43:35,7.5,1123667,1498,卖盘
273,09:43:38,7.5,343688,458,卖盘
274,09:43:41,7.5,392317,523,卖盘
275,09:43:44,7.5,258189,344,卖盘
276,09:43:47,7.51,23261,31,买盘
277,09:43:50,7.51,129779,173,买盘
278,09:43:53,7.5,415844,554,卖盘
279,09:43:56,7.51,755930,1007,买盘
280,09:43:59,7.51,72777,97,买盘
281,09:44:02,7.51,1718319,2290,买盘
282,09:44:05,7.51,232059,309,买盘
283,09:44:08,7.51,173341,231,买盘
284,09:44:11,7.51,155320,207,买盘
285,09:44:14,7.51,866376,1154,买盘
286,09:44:17,7.51,254368,339,买盘
287,09:44:20,7.5,205524,274,卖盘
288,09:44:23,7.5,8383577,11178,卖盘
289,09:44:26,7.51,2217342,2956,买盘
290,09:44:29,7.51,939104,1252,买盘
291,09:44:32,7.51,277643,370,买盘
292,09:44:35,7.51,579417,772,买盘
293,09:44:38,7.51,770995,1027,买盘
294,09:44:41,7.5,90825,121,卖盘
295,09:44:44,7.51,148671,198,买盘
296,09:44:47,7.51,291893,389,买盘
297,09:44:50,7.51,146299,195,买盘
298,09:44:53,7.51,241154,321,买盘
299,09:44:56,7.51,137403,183,买盘
300,09:44:59,7.51,392693,523,买盘
301,09:45:02,7.51,339977,453,买盘
302,09:45:05,7.5,601387,801,卖盘
303,09:45:08,7.5,3510833,4675,卖盘
304,09:45:11,7.5,521144,694,卖盘
305,09:45:14,7.51,474513,632,买盘
306,09:45:17,7.51,487396,649,买盘
307,09:45:20,7.51,1081091,1440,买盘
308,09:45:23,7.51,13168034,17534,买盘
309,09:45:26,7.51,227821,303,卖盘
310,09:45:29,7.52,6185944,8236,买盘
311,09:45:32,7.51,54844,73,卖盘
312,09:45:35,7.52,530860,706,买盘
313,09:45:38,7.51,79670,106,卖盘
314,09:45:41,7.51,480421,639,卖盘
315,09:45:44,7.51,82616,110,卖盘
316,09:45:47,7.52,7967428,10595,买盘
317,09:45:50,7.52,466170,620,买盘
318,09:45:53,7.51,976391,1299,卖盘
319,09:45:56,7.51,570316,759,卖盘
320,09:45:59,7.52,1072950,1428,买盘
321,09:46:02,7.51,180270,240,卖盘
322,09:46:05,7.51,1101540,1465,卖盘
323,09:46:08,7.52,131534,175,买盘
324,09:46:11,7.52,2460928,3276,买盘
325,09:46:14,7.52,125452,167,买盘
326,09:46:17,7.52,527773,702,买盘
327,09:46:20,7.52,361590,481,买盘
328,09:46:23,7.52,1205101,1603,买盘
329,09:46:26,7.52,187186,249,买盘
330,09:46:29,7.52,752663,1001,买盘
331,09:46:32,7.52,499288,664,买盘
332,09:46:35,7.52,726345,966,买盘
333,09:46:38,7.52,475159,632,买盘
334,09:46:41,7.52,149604,199,买盘
335,09:46:44,7.52,228548,304,买盘
336,09:46:47,7.51,205892,274,卖盘
337,09:46:50,7.51,787793,1048,卖盘
338,09:46:53,7.52,242825,323,买盘
339,09:46:56,7.52,1577763,2100,买盘
340,09:46:59,7.52,947173,1261,买盘
341,09:47:02,7.51,3076009,4095,卖盘
342,09:47:05,7.51,10450800,13916,卖盘
343,09:47:08,7.51,1722617,2294,买盘
344,09:47:11,7.51,2778700,3700,买盘
345,09:47:14,7.51,681447,908,卖盘
346,09:47:17,7.51,2274856,3029,买盘
347,09:47:20,7.51,224659,299,卖盘
348,09:47:23,7.51,2196991,2923,卖盘
349,09:47:26,7.51,1230896,1639,卖盘
350,09:47:29,7.51,856072,1140,买盘
351,09:47:32,7.5,6108732,8134,卖盘
352,09:47:35,7.5,16872024,22496,卖盘
353,09:47:38,7.5,972643,1297,买盘
354,09:47:41,7.5,269193,359,买盘
355,09:47:44,7.5,628474,838,买盘
356,09:47:47,7.5,186750,249,买盘
357,09:47:50,7.5,557130,743,买盘
358,09:47:53,7.5,269987,360,买盘
359,09:47:56,7.5,435698,581,买盘
360,09:47:59,7.5,131104,175,买盘
361,09:48:02,7.5,431041,575,买盘
362,09:48:05,7.5,133473,178,买盘
363,09:48:08,7.49,260851,348,卖盘
364,09:48:11,7.5,1189443,1586,买盘
365,09:48:14,7.5,247403,330,买盘
366,09:48:17,7.5,87717,117,买盘
367,09:48:20,7.5,563888,752,买盘
368,09:48:23,7.5,843955,1126,买盘
369,09:48:26,7.49,413552,552,卖盘
370,09:48:29,7.5,1621047,2162,买盘
371,09:48:32,7.49,1431379,1911,卖盘
372,09:48:35,7.5,404937,540,买盘
373,09:48:38,7.5,309616,413,买盘
374,09:48:41,7.49,545004,727,卖盘
375,09:48:44,7.5,307353,410,买盘
376,09:48:47,7.5,408688,545,买盘
377,09:48:50,7.5,205422,274,买盘
378,09:48:53,7.49,141591,189,卖盘
379,09:48:56,7.5,164912,220,买盘
380,09:48:59,7.5,529378,706,买盘
381,09:49:02,7.49,395541,528,卖盘
382,09:49:05,7.5,59240,79,买盘
383,09:49:08,7.5,289493,386,买盘
384,09:49:11,7.5,685936,915,买盘
385,09:49:14,7.5,80233,107,买盘
386,09:49:17,7.49,410175,547,卖盘
387,09:49:20,7.5,507199,677,买盘
388,09:49:23,7.5,494124,659,买盘
389,09:49:26,7.5,198665,265,买盘
390,09:49:29,7.5,5108186,6811,买盘
391,09:49:32,7.5,72000,96,卖盘
392,09:49:35,7.5,548040,730,卖盘
393,09:49:38,7.5,897000,1196,卖盘
394,09:49:41,7.5,372003,496,卖盘
395,09:49:44,7.5,97501,130,卖盘
396,09:49:47,7.5,490541,654,卖盘
397,09:49:50,7.5,122898,164,买盘
398,09:49:53,7.49,314116,419,卖盘
399,09:49:56,7.49,489281,653,卖盘
400,09:49:59,7.5,134162,179,买盘
401,09:50:02,7.5,534683,713,买盘
402,09:50:05,7.5,1546915,2065,买盘
403,09:50:08,7.5,535372,714,买盘
404,09:50:11,7.49,1175995,1570,卖盘
405,09:50:14,7.5,533178,711,买盘
406,09:50:17,7.5,1988162,2653,买盘
407,09:50:20,7.5,608853,812,买盘
408,09:50:23,7.49,467420,624,卖盘
409,09:50:26,7.49,459226,613,卖盘
410,09:50:29,7.49,235191,314,卖盘
411,09:50:32,7.49,571941,763,卖盘
412,09:50:35,7.5,82496,110,买盘
413,09:50:38,7.5,1025965,1368,买盘
414,09:50:41,7.5,224157,299,买盘
415,09:50:44,7.49,160309,214,卖盘
416,09:50:47,7.5,83962,112,买盘
417,09:50:50,7.5,181346,242,买盘
418,09:50:53,7.5,182980,244,买盘
419,09:50:56,7.49,73430,98,卖盘
420,09:50:59,7.49,43499,58,卖盘
421,09:51:02,7.49,60709,81,卖盘
422,09:51:05,7.49,406758,543,卖盘
423,09:51:08,7.5,474750,633,买盘
424,09:51:11,7.5,50975,68,买盘
425,09:51:14,7.49,470875,628,卖盘
426,09:51:17,7.5,140865,188,买盘
427,09:51:20,7.49,616928,823,卖盘
428,09:51:23,7.49,886263,1183,卖盘
429,09:51:26,7.5,180660,241,买盘
430,09:51:29,7.5,77240,103,买盘
431,09:51:32,7.49,77960,104,卖盘
432,09:51:35,7.5,702683,937,买盘
433,09:51:38,7.5,374144,499,买盘
434,09:51:41,7.49,234491,313,卖盘
435,09:51:44,7.49,44199,59,卖盘
436,09:51:47,7.5,5247,7,买盘
437,09:51:50,7.5,204585,273,买盘
438,09:51:53,7.5,98953,132,买盘
439,09:51:56,7.49,82413,110,卖盘
440,09:51:59,7.5,39750,53,买盘
441,09:52:02,7.5,130432,174,买盘
442,09:52:05,7.5,146221,195,买盘
443,09:52:08,7.5,141620,189,买盘
444,09:52:11,7.49,147653,197,卖盘
445,09:52:14,7.5,283247,378,买盘
446,09:52:17,7.5,116123,155,买盘
447,09:52:20,7.5,488826,652,买盘
448,09:52:23,7.49,670629,895,卖盘
449,09:52:26,7.5,1010172,1348,买盘
450,09:52:29,7.49,197048,263,卖盘
451,09:52:32,7.49,938208,1252,卖盘
452,09:52:35,7.49,97409,130,卖盘
453,09:52:38,7.5,314250,419,买盘
454,09:52:41,7.5,71192,95,买盘
455,09:52:44,7.49,50946,68,卖盘
456,09:52:47,7.5,369726,493,买盘
457,09:52:50,7.5,125213,167,买盘
458,09:52:53,7.5,85441,114,买盘
459,09:52:56,7.5,437825,584,买盘
460,09:52:59,7.5,319447,426,买盘
461,09:53:02,7.5,76463,102,买盘
462,09:53:05,7.5,99721,133,买盘
463,09:53:08,7.5,203209,271,买盘
464,09:53:11,7.5,112490,150,买盘
465,09:53:14,7.5,90697,121,买盘
466,09:53:17,7.5,376187,502,买盘
467,09:53:20,7.5,77910,104,买盘
468,09:53:23,7.49,405294,541,卖盘
469,09:53:26,7.5,26227,35,买盘
470,09:53:29,7.5,79482,106,买盘
471,09:53:32,7.5,690839,922,买盘
472,09:53:35,7.5,734420,980,买盘
473,09:53:38,7.49,188080,251,卖盘
474,09:53:41,7.49,194222,259,卖盘
475,09:53:44,7.5,184371,246,买盘
476,09:53:47,7.49,75684,101,卖盘
477,09:53:50,7.5,137879,184,买盘
478,09:53:53,7.49,292339,390,卖盘
479,09:53:56,7.49,373838,499,卖盘
480,09:53:59,7.49,375400,501,卖盘
481,09:54:02,7.5,1194785,1595,买盘
482,09:54:05,7.49,197741,264,卖盘
483,09:54:08,7.5,504000,672,买盘
484,09:54:11,7.5,9750,13,买盘
485,09:54:14,7.49,473227,631,卖盘
486,09:54:17,7.5,35247,47,买盘
487,09:54:20,7.5,167990,224,买盘
488,09:54:23,7.49,800551,1068,卖盘
489,09:54:26,7.5,60750,81,买盘
490,09:54:29,7.5,21750,29,买盘
491,09:54:32,7.49,182879,244,卖盘
492,09:54:35,7.49,241344,322,卖盘
493,09:54:38,7.5,7030977,9375,买盘
494,09:54:41,7.49,164894,220,卖盘
495,09:54:44,7.5,166354,222,买盘
496,09:54:47,7.5,259450,346,买盘
497,09:54:50,7.49,467179,623,卖盘
498,09:54:53,7.5,125143,167,买盘
499,09:54:56,7.5,38250,51,买盘
500,09:54:59,7.49,198670,265,卖盘
501,09:55:02,7.5,216527,289,买盘
502,09:55:05,7.49,1117276,1490,卖盘
503,09:55:08,7.49,532698,711,卖盘
504,09:55:11,7.5,373123,498,买盘
505,09:55:14,7.49,1443348,1925,卖盘
506,09:55:17,7.5,332063,443,买盘
507,09:55:20,7.49,183696,245,卖盘
508,09:55:23,7.49,83908,112,卖盘
509,09:55:26,7.5,249628,333,买盘
510,09:55:29,7.49,528106,705,卖盘
511,09:55:32,7.49,532050,710,卖盘
512,09:55:35,7.5,505720,675,买盘
513,09:55:38,7.5,293011,391,买盘
514,09:55:41,7.49,156578,209,卖盘
515,09:55:44,7.49,476369,636,卖盘
516,09:55:47,7.49,326633,436,卖盘
517,09:55:50,7.49,212049,283,卖盘
518,09:55:53,7.5,81664,109,买盘
519,09:55:56,7.5,7097171,9463,买盘
520,09:55:59,7.5,447037,596,卖盘
521,09:56:02,7.5,676500,902,卖盘
522,09:56:05,7.5,3543112,4724,卖盘
523,09:56:08,7.5,622333,829,卖盘
524,09:56:11,7.5,209254,279,卖盘
525,09:56:14,7.5,1476429,1968,卖盘
526,09:56:17,7.5,1237865,1651,买盘
527,09:56:20,7.5,344662,460,买盘
528,09:56:23,7.5,555998,742,买盘
529,09:56:26,7.5,765630,1022,买盘
530,09:56:29,7.5,436849,583,买盘
531,09:56:32,7.49,284699,380,卖盘
532,09:56:35,7.49,6678919,8917,卖盘
533,09:56:38,7.5,453685,605,买盘
534,09:56:41,7.49,907201,1210,卖盘
535,09:56:44,7.49,137861,184,卖盘
536,09:56:47,7.49,402297,537,卖盘
537,09:56:50,7.49,356561,476,卖盘
538,09:56:53,7.49,552016,737,卖盘
539,09:56:56,7.49,169275,226,卖盘
540,09:56:59,7.5,236011,315,买盘
541,09:57:02,7.5,234470,313,买盘
542,09:57:05,7.49,360404,481,卖盘
543,09:57:08,7.49,390279,521,卖盘
544,09:57:11,7.49,883082,1179,卖盘
545,09:57:14,7.5,70423,94,买盘
546,09:57:17,7.5,228466,305,买盘
547,09:57:20,7.5,434466,580,买盘
548,09:57:23,7.5,90695,121,买盘
549,09:57:26,7.5,15750,21,买盘
550,09:57:29,7.49,530089,707,卖盘
551,09:57:32,7.5,71214,95,买盘
552,09:57:35,7.49,398170,531,卖盘
553,09:57:38,7.49,155836,208,卖盘
554,09:57:41,7.5,416231,555,买盘
555,09:57:44,7.5,223437,298,买盘
556,09:57:47,7.5,10648822,14197,买盘
557,09:57:50,7.5,87021,116,卖盘
558,09:57:53,7.51,405959,541,买盘
559,09:57:56,7.51,235664,314,买盘
560,09:57:59,7.5,130626,174,卖盘
561,09:58:02,7.5,147000,196,卖盘
562,09:58:05,7.51,63055,84,买盘
563,09:58:08,7.5,258764,345,卖盘
564,09:58:11,7.5,342786,457,卖盘
565,09:58:14,7.5,611413,815,卖盘
566,09:58:17,7.5,169509,226,卖盘
567,09:58:20,7.51,296365,395,买盘
568,09:58:23,7.51,501031,668,买盘
569,09:58:26,7.5,95260,127,卖盘
570,09:58:29,7.5,109589,146,卖盘
571,09:58:32,7.5,291006,388,卖盘
572,09:58:35,7.51,82599,110,买盘
573,09:58:38,7.5,247515,330,卖盘
574,09:58:41,7.51,105002,140,买盘
575,09:58:44,7.5,136548,182,卖盘
576,09:58:47,7.51,280645,374,买盘
577,09:58:50,7.51,18775,25,买盘
578,09:58:53,7.5,153812,205,卖盘
579,09:58:56,7.51,81099,108,买盘
580,09:58:59,7.5,28536,38,卖盘
581,09:59:02,7.51,358809,478,买盘
582,09:59:05,7.5,161261,215,卖盘
583,09:59:08,7.5,545479,727,卖盘
584,09:59:11,7.5,181587,242,卖盘
585,09:59:14,7.51,1229953,1638,买盘
586,09:59:17,7.5,468058,624,卖盘
587,09:59:20,7.5,649198,865,卖盘
588,09:59:23,7.5,1440021,1918,卖盘
589,09:59:26,7.5,903027,1204,卖盘
590,09:59:29,7.5,93777,125,卖盘
591,09:59:32,7.51,213033,284,买盘
592,09:59:35,7.51,227395,303,买盘
593,09:59:38,7.5,949877,1265,卖盘
594,09:59:41,7.51,1566977,2087,买盘
595,09:59:44,7.51,12016,16,买盘
596,09:59:47,7.51,275593,367,买盘
597,09:59:50,7.51,177885,237,买盘
598,09:59:53,7.51,434618,579,买盘
599,09:59:56,7.51,276236,368,买盘
600,09:59:59,7.51,334776,446,买盘
601,10:00:02,7.5,1612623,2148,卖盘
602,10:00:05,7.51,519967,693,买盘
603,10:00:08,7.5,744353,992,卖盘
604,10:00:11,7.5,304646,406,卖盘
605,10:00:14,7.51,557435,743,买盘
606,10:00:17,7.51,328067,437,买盘
607,10:00:20,7.5,205702,274,卖盘
608,10:00:23,7.51,235759,314,买盘
609,10:00:26,7.51,67565,90,买盘
610,10:00:29,7.5,231168,308,卖盘
611,10:00:32,7.5,1826301,2435,卖盘
612,10:00:35,7.5,601222,801,卖盘
613,10:00:38,7.51,734879,979,买盘
614,10:00:41,7.51,475091,633,买盘
615,10:00:44,7.5,1335864,1779,卖盘
616,10:00:47,7.51,126168,168,买盘
617,10:00:50,7.51,660071,879,买盘
618,10:00:53,7.5,153039,204,卖盘
619,10:00:56,7.5,1623121,2162,卖盘
620,10:00:59,7.5,59268,79,卖盘
621,10:01:02,7.51,312286,416,买盘
622,10:01:05,7.5,286008,381,卖盘
623,10:01:08,7.5,63785,85,卖盘
624,10:01:11,7.5,463631,618,卖盘
625,10:01:14,7.5,541605,722,卖盘
626,10:01:17,7.5,284539,379,卖盘
627,10:01:20,7.51,258008,344,买盘
628,10:01:23,7.51,290413,387,买盘
629,10:01:26,7.5,225770,301,卖盘
630,10:01:29,7.5,117099,156,卖盘
631,10:01:32,7.51,279103,372,买盘
632,10:01:35,7.51,99071,132,买盘
633,10:01:38,7.51,111796,149,买盘
634,10:01:41,7.51,120100,160,买盘
635,10:01:44,7.5,97596,130,卖盘
636,10:01:47,7.5,93785,125,卖盘
637,10:01:50,7.5,105822,141,卖盘
638,10:01:53,7.5,229657,306,卖盘
639,10:01:56,7.5,105787,141,卖盘
640,10:01:59,7.51,126816,169,买盘
641,10:02:02,7.5,412581,550,卖盘
642,10:02:05,7.5,1593912,2125,卖盘
643,10:02:08,7.5,648225,864,卖盘
644,10:02:11,7.51,665127,886,买盘
645,10:02:14,7.5,318832,425,卖盘
646,10:02:17,7.5,331919,442,卖盘
647,10:02:20,7.5,80308,107,卖盘
648,10:02:23,7.5,697972,930,卖盘
649,10:02:26,7.5,552960,737,卖盘
650,10:02:29,7.5,838047,1116,卖盘
651,10:02:32,7.5,173256,231,卖盘
652,10:02:35,7.5,1849544,2466,卖盘
653,10:02:38,7.5,2016382,2688,卖盘
654,10:02:41,7.49,337225,450,卖盘
655,10:02:44,7.5,914145,1219,买盘
656,10:02:47,7.49,340103,454,卖盘
657,10:02:50,7.49,166419,222,卖盘
658,10:02:53,7.5,107196,143,买盘
659,10:02:56,7.5,69700,93,买盘
660,10:02:59,7.5,119920,160,买盘
661,10:03:02,7.49,124353,166,卖盘
662,10:03:05,7.5,93689,125,买盘
663,10:03:08,7.5,359533,480,买盘
664,10:03:11,7.49,81692,109,卖盘
665,10:03:14,7.49,36704,49,卖盘
666,10:03:17,7.5,369719,493,买盘
667,10:03:20,7.49,47221,63,卖盘
668,10:03:23,7.49,1120472,1494,卖盘
669,10:03:26,7.5,5004000,6672,买盘
670,10:03:29,7.51,576459,768,买盘
671,10:03:32,7.51,90757,121,买盘
672,10:03:35,7.51,102036,136,买盘
673,10:03:38,7.51,113260,151,买盘
674,10:03:41,7.5,61507,82,卖盘
675,10:03:44,7.5,103508,138,卖盘
676,10:03:47,7.5,29250,39,卖盘
677,10:03:50,7.51,86268,115,买盘
678,10:03:53,7.5,29286,39,卖盘
679,10:03:56,7.51,69085,92,买盘
680,10:03:59,7.51,63752,85,买盘
681,10:04:02,7.5,1129527,1506,卖盘
682,10:04:05,7.5,1041001,1388,卖盘
683,10:04:08,7.5,441142,588,卖盘
684,10:04:11,7.5,572210,763,卖盘
685,10:04:14,7.5,308244,411,买盘
686,10:04:17,7.5,533407,711,买盘
687,10:04:20,7.5,151500,202,买盘
688,10:04:23,7.5,377688,503,买盘
689,10:04:26,7.5,40500,54,卖盘
690,10:04:29,7.5,391220,521,卖盘
691,10:04:32,7.51,74324,99,买盘
692,10:04:35,7.5,89250,119,卖盘
693,10:04:38,7.51,110397,147,买盘
694,10:04:41,7.51,82531,110,买盘
695,10:04:44,7.51,89254,119,买盘
696,10:04:47,7.51,202765,270,买盘
697,10:04:50,7.51,23281,31,买盘
698,10:04:53,7.5,93800,125,卖盘
699,10:04:56,7.5,384002,512,卖盘
700,10:04:59,7.51,328138,437,买盘
701,10:05:02,7.51,1087565,1450,买盘
702,10:05:05,7.51,15020,20,买盘
703,10:05:08,7.51,150109,200,买盘
704,10:05:11,7.51,107255,143,买盘
705,10:05:14,7.5,34529,46,卖盘
706,10:05:17,7.51,72827,97,买盘
707,10:05:20,7.51,204888,273,买盘
708,10:05:23,7.51,437736,583,买盘
709,10:05:26,7.51,45796,61,买盘
710,10:05:29,7.51,787028,1048,买盘
711,10:05:32,7.5,126848,169,卖盘
712,10:05:35,7.5,607473,809,卖盘
713,10:05:38,7.51,1685798,2245,买盘
714,10:05:41,7.51,286866,382,买盘
715,10:05:44,7.5,768436,1024,卖盘
716,10:05:47,7.5,328594,438,卖盘
717,10:05:50,7.5,196658,262,卖盘
718,10:05:53,7.51,20224399,26930,买盘
719,10:05:56,7.51,6029028,8028,买盘
720,10:05:59,7.51,3755,5,卖盘
721,10:06:02,7.52,229873,306,买盘
722,10:06:05,7.51,1623662,2162,卖盘
723,10:06:08,7.52,95434,127,买盘
724,10:06:11,7.51,88651,118,卖盘
725,10:06:14,7.52,14278,19,买盘
726,10:06:17,7.51,720209,959,卖盘
727,10:06:20,7.51,492558,656,买盘
728,10:06:23,7.51,294308,392,买盘
729,10:06:26,7.51,551436,734,买盘
730,10:06:29,7.51,307880,410,买盘
731,10:06:32,7.51,1283459,1709,买盘
732,10:06:35,7.51,282430,376,卖盘
733,10:06:38,7.51,399894,532,卖盘
734,10:06:41,7.51,226810,302,卖盘
735,10:06:44,7.52,600853,800,买盘
736,10:06:47,7.52,105142,140,买盘
737,10:06:50,7.51,90916,121,卖盘
738,10:06:53,7.52,77411,103,买盘
739,10:06:56,7.52,206799,275,买盘
740,10:06:59,7.51,269638,359,卖盘
741,10:07:02,7.52,26320,35,买盘
742,10:07:05,7.51,59354,79,卖盘
743,10:07:08,7.52,36819,49,买盘
744,10:07:11,7.51,17285,23,卖盘
745,10:07:14,7.51,55588,74,卖盘
746,10:07:17,7.51,87872,117,卖盘
747,10:07:20,7.52,106672,142,买盘
748,10:07:23,7.52,71440,95,买盘
749,10:07:26,7.52,1504,2,买盘
750,10:07:29,7.52,493257,656,买盘
751,10:07:32,7.51,9023,12,卖盘
752,10:07:35,7.52,243597,324,买盘
753,10:07:38,7.51,108985,145,卖盘
754,10:07:41,7.52,263952,351,买盘
755,10:07:44,7.52,30075,40,买盘
756,10:07:47,7.52,60898,81,买盘
757,10:07:50,7.52,27072,36,买盘
758,10:07:53,7.52,232368,309,买盘
759,10:07:56,7.52,729428,970,买盘
760,10:07:59,7.51,177274,236,卖盘
761,10:08:02,7.52,199826,266,买盘
762,10:08:05,7.52,4118417,5477,买盘
763,10:08:08,7.51,274140,365,卖盘
764,10:08:11,7.52,587215,781,买盘
765,10:08:14,7.52,245836,327,买盘
766,10:08:17,7.52,2669305,3550,买盘
767,10:08:20,7.52,27824,37,买盘
768,10:08:23,7.52,426384,567,买盘
769,10:08:26,7.52,108287,144,买盘
770,10:08:29,7.52,372992,496,买盘
771,10:08:32,7.52,389131,518,买盘
772,10:08:35,7.52,401987,535,买盘
773,10:08:38,7.52,128447,171,买盘
774,10:08:41,7.52,327456,436,买盘
775,10:08:44,7.52,81968,109,买盘
776,10:08:47,7.52,169897,226,买盘
777,10:08:50,7.52,29317,39,买盘
778,10:08:53,7.51,108272,144,卖盘
779,10:08:56,7.52,190072,253,买盘
780,10:08:59,7.52,11276,15,买盘
781,10:09:02,7.52,848039,1129,买盘
782,10:09:05,7.52,103776,138,买盘
783,10:09:08,7.52,104528,139,买盘
784,10:09:11,7.52,35306,47,买盘
785,10:09:14,7.51,88618,118,卖盘
786,10:09:17,7.51,7510,10,卖盘
787,10:09:20,7.51,36048,48,卖盘
788,10:09:23,7.52,64649,86,买盘
789,10:09:26,7.51,38313,51,卖盘
790,10:09:29,7.51,376719,501,卖盘
791,10:09:32,7.51,66095,88,卖盘
792,10:09:35,7.52,381262,507,买盘
793,10:09:38,7.52,43613,58,买盘
794,10:09:41,7.52,78208,104,买盘
795,10:09:44,7.51,84878,113,卖盘
796,10:09:47,7.52,7984758,10632,买盘
797,10:09:50,7.52,4521786,6021,买盘
798,10:09:53,7.51,71372,95,卖盘
799,10:09:56,7.51,331294,441,卖盘
800,10:09:59,7.51,5131715,6833,卖盘
801,10:10:02,7.5,503595,671,卖盘
802,10:10:05,7.51,247761,330,买盘
803,10:10:08,7.5,214629,286,卖盘
804,10:10:11,7.5,105125,140,卖盘
805,10:10:14,7.5,57047,76,卖盘
806,10:10:17,7.51,332370,443,买盘
807,10:10:20,7.5,84783,113,卖盘
808,10:10:23,7.5,33015,44,卖盘
809,10:10:26,7.51,292139,389,买盘
810,10:10:29,7.51,375280,500,买盘
811,10:10:32,7.51,52511,70,买盘
812,10:10:35,7.51,605873,807,买盘
813,10:10:38,7.51,88615,118,买盘
814,10:10:41,7.51,880866,1173,买盘
815,10:10:44,7.51,75100,100,买盘
816,10:10:47,7.51,497912,663,买盘
817,10:10:50,7.5,294362,392,卖盘
818,10:10:53,7.51,117117,156,买盘
819,10:10:56,7.51,35297,47,买盘
820,10:10:59,7.51,563327,751,买盘
821,10:11:02,7.51,58555,78,买盘
822,10:11:05,7.51,48769,65,买盘
823,10:11:08,7.51,117907,157,买盘
824,10:11:11,7.5,562759,750,卖盘
825,10:11:14,7.51,185497,247,买盘
826,10:11:17,7.51,218512,291,买盘
827,10:11:20,7.51,176317,235,买盘
828,10:11:23,7.51,270338,360,买盘
829,10:11:26,7.5,54755,73,卖盘
830,10:11:29,7.5,146351,195,卖盘
831,10:11:32,7.51,98271,131,买盘
832,10:11:35,7.5,135763,181,卖盘
833,10:11:38,7.51,143343,191,买盘
834,10:11:41,7.51,187613,250,买盘
835,10:11:44,7.5,68312,91,卖盘
836,10:11:47,7.5,201003,268,卖盘
837,10:11:50,7.51,576601,768,买盘
838,10:11:53,7.51,45001,60,买盘
839,10:11:56,7.51,320677,427,买盘
840,10:11:59,7.51,15020,20,买盘
841,10:12:02,7.5,779785,1039,卖盘
842,10:12:05,7.5,202555,270,卖盘
843,10:12:08,7.5,83271,111,卖盘
844,10:12:11,7.51,33775,45,买盘
845,10:12:14,7.5,61500,82,卖盘
846,10:12:17,7.5,36029,48,卖盘
847,10:12:20,7.5,279279,372,卖盘
848,10:12:23,7.51,282126,376,买盘
849,10:12:26,7.51,1627417,2167,买盘
850,10:12:29,7.51,671162,894,买盘
851,10:12:32,7.5,853720,1138,卖盘
852,10:12:35,7.51,54072,72,买盘
853,10:12:38,7.51,132144,176,买盘
854,10:12:41,7.51,60061,80,买盘
855,10:12:44,7.51,61582,82,买盘
856,10:12:47,7.51,90103,120,买盘
857,10:12:50,7.51,37550,50,买盘
858,10:12:53,7.51,487530,650,买盘
859,10:12:56,7.5,49521,66,卖盘
860,10:12:59,7.51,53307,71,买盘
861,10:13:02,7.51,42056,56,买盘
862,10:13:05,7.51,189993,253,买盘
863,10:13:08,7.51,251547,335,买盘
864,10:13:11,7.5,153871,205,卖盘
865,10:13:14,7.51,239569,319,买盘
866,10:13:17,7.5,214025,285,卖盘
867,10:13:20,7.5,103563,138,卖盘
868,10:13:23,7.51,9012,12,买盘
869,10:13:26,7.51,26275,35,买盘
870,10:13:29,7.51,39803,53,买盘
871,10:13:32,7.51,78810,105,买盘
872,10:13:35,7.51,5257,7,买盘
873,10:13:38,7.51,203308,271,买盘
874,10:13:41,7.51,181695,242,买盘
875,10:13:44,7.5,77270,103,卖盘
876,10:13:47,7.51,93872,125,买盘
877,10:13:50,7.51,322138,429,买盘
878,10:13:53,7.5,149273,199,卖盘
879,10:13:56,7.5,373602,498,卖盘
880,10:13:59,7.51,343542,458,买盘
881,10:14:02,7.5,309001,412,卖盘
882,10:14:05,7.51,53278,71,买盘
883,10:14:08,7.51,502746,670,买盘
884,10:14:11,7.51,90023,120,买盘
885,10:14:14,7.51,18015,24,买盘
886,10:14:17,7.51,267759,357,买盘
887,10:14:20,7.5,39780,53,卖盘
888,10:14:23,7.49,22440864,29921,卖盘
889,10:14:26,7.5,458125,611,买盘
890,10:14:29,7.5,47989,64,买盘
891,10:14:32,7.5,36750,49,买盘
892,10:14:35,7.5,74986,100,买盘
893,10:14:38,7.5,257708,344,买盘
894,10:14:41,7.5,98978,132,买盘
895,10:14:44,7.5,296695,396,买盘
896,10:14:47,7.5,92937,124,买盘
897,10:14:50,7.5,65247,87,买盘
898,10:14:53,7.5,24740,33,买盘
899,10:14:56,7.5,34486,46,买盘
900,10:14:59,7.5,95250,127,买盘
901,10:15:02,7.5,53227,71,买盘
902,10:15:05,7.5,87745,117,买盘
903,10:15:08,7.5,130490,174,买盘
904,10:15:11,7.5,702699,937,买盘
905,10:15:14,7.5,76500,102,买盘
906,10:15:17,7.49,78713,105,卖盘
907,10:15:20,7.5,129679,173,买盘
908,10:15:23,7.49,164237,219,卖盘
909,10:15:26,7.49,245202,327,卖盘
910,10:15:29,7.5,781622,1043,买盘
911,10:15:32,7.49,54679,73,卖盘
912,10:15:35,7.5,47220,63,买盘
913,10:15:38,7.5,177000,236,买盘
914,10:15:41,7.5,109449,146,买盘
915,10:15:44,7.5,97499,130,买盘
916,10:15:47,7.5,181430,242,买盘
917,10:15:50,7.5,73500,98,买盘
918,10:15:53,7.5,68994,92,买盘
919,10:15:56,7.5,750,1,买盘
920,10:15:59,7.5,1100305,1469,买盘
921,10:16:02,7.49,265402,354,卖盘
922,10:16:05,7.5,149108,199,买盘
923,10:16:08,7.5,25472,34,买盘
924,10:16:11,7.5,95240,127,买盘
925,10:16:14,7.5,78000,104,买盘
926,10:16:17,7.5,6750,9,买盘
927,10:16:20,7.49,123726,165,卖盘
928,10:16:23,7.5,38250,51,买盘
929,10:16:26,7.5,162728,217,买盘
930,10:16:29,7.5,94401,126,买盘
931,10:16:32,7.49,468930,626,卖盘
932,10:16:35,7.5,68250,91,买盘
933,10:16:38,7.5,221849,296,买盘
934,10:16:41,7.5,72750,97,买盘
935,10:16:44,7.49,447172,597,卖盘
936,10:16:47,7.49,53995,72,卖盘
937,10:16:50,7.5,1500,2,买盘
938,10:16:53,7.5,65248,87,买盘
939,10:16:56,7.5,94479,126,买盘
940,10:16:59,7.5,70433,94,买盘
941,10:17:02,7.49,59241,79,卖盘
942,10:17:05,7.5,119126,159,买盘
943,10:17:08,7.49,321588,429,卖盘
944,10:17:11,7.5,207737,277,买盘
945,10:17:14,7.49,11999,16,卖盘
946,10:17:17,7.5,13499,18,买盘
947,10:17:20,7.49,82453,110,卖盘
948,10:17:23,7.5,29970,40,买盘
949,10:17:26,7.49,58443,78,卖盘
950,10:17:29,7.5,9000,12,买盘
951,10:17:32,7.5,210704,281,买盘
952,10:17:35,7.5,44955,60,买盘
953,10:17:38,7.5,81729,109,买盘
954,10:17:41,7.49,70443,94,卖盘
955,10:17:44,7.5,67437,90,买盘
956,10:17:47,7.5,76487,102,买盘
957,10:17:50,7.5,72675,97,买盘
958,10:17:53,7.49,74162,99,卖盘
959,10:17:56,7.5,125980,168,买盘
960,10:17:59,7.5,132637,177,买盘
961,10:18:02,7.49,116944,156,卖盘
962,10:18:05,7.49,157392,210,卖盘
963,10:18:08,7.49,273539,365,卖盘
964,10:18:11,7.5,80250,107,买盘
965,10:18:14,7.5,32213,43,买盘
966,10:18:17,7.49,40480,54,卖盘
967,10:18:20,7.49,278132,371,卖盘
968,10:18:23,7.5,98939,132,买盘
969,10:18:26,7.5,194878,260,买盘
970,10:18:29,7.5,63672,85,买盘
971,10:18:32,7.5,497400,664,买盘
972,10:18:35,7.49,54705,73,卖盘
973,10:18:38,7.5,225496,301,买盘
974,10:18:41,7.49,764916,1021,卖盘
975,10:18:44,7.5,124405,166,买盘
976,10:18:47,7.5,45698,61,买盘
977,10:18:50,7.5,93749,125,买盘
978,10:18:53,7.5,234456,313,买盘
979,10:18:56,7.5,540743,721,买盘
980,10:18:59,7.49,170870,228,卖盘
981,10:19:02,7.5,130438,174,买盘
982,10:19:05,7.49,63702,85,卖盘
983,10:19:08,7.5,559343,746,买盘
984,10:19:11,7.49,961907,1284,卖盘
985,10:19:14,7.49,271200,362,卖盘
986,10:19:17,7.5,36723,49,买盘
987,10:19:20,7.5,101985,136,买盘
988,10:19:23,7.5,191047,255,买盘
989,10:19:26,7.5,13498,18,买盘
990,10:19:29,7.5,350244,467,买盘
991,10:19:32,7.49,137947,184,卖盘
992,10:19:35,7.49,333629,445,卖盘
993,10:19:38,7.5,200777,268,买盘
994,10:19:41,7.49,251730,336,卖盘
995,10:19:44,7.49,385187,514,卖盘
996,10:19:47,7.5,555491,741,买盘
997,10:19:50,7.5,143870,192,买盘
998,10:19:53,7.5,94411,126,买盘
999,10:19:56,7.5,143111,191,买盘
1000,10:19:59,7.49,44211,59,卖盘
1001,10:20:02,7.5,74227,99,买盘
1002,10:20:05,7.5,197908,264,买盘
1003,10:20:08,7.49,183509,245,卖盘
1004,10:20:11,7.5,829494,1106,买盘
1005,10:20:14,7.5,120648,161,买盘
1006,10:20:17,7.49,242900,324,卖盘
1007,10:20:20,7.5,84650,113,买盘
1008,10:20:23,7.49,16498,22,卖盘
1009,10:20:26,7.5,224250,299,买盘
1010,10:20:29,7.5,9000,12,买盘
1011,10:20:32,7.49,218876,292,卖盘
1012,10:20:35,7.5,55440,74,买盘
1013,10:20:38,7.5,753434,1005,买盘
1014,10:20:41,7.5,282711,377,买盘
1015,10:20:44,7.49,224053,299,卖盘
1016,10:20:47,7.5,61429,82,买盘
1017,10:20:50,7.49,121354,162,卖盘
1018,10:20:53,7.5,13499,18,买盘
1019,10:20:56,7.5,125209,167,买盘
1020,10:20:59,7.5,331838,443,买盘
1021,10:21:02,7.5,134884,180,买盘
1022,10:21:05,7.49,47234,63,卖盘
1023,10:21:08,7.5,158796,212,买盘
1024,10:21:11,7.5,2250,3,买盘
1025,10:21:14,7.5,106500,142,买盘
1026,10:21:17,7.49,159537,213,卖盘
1027,10:21:20,7.49,118347,158,卖盘
1028,10:21:23,7.49,68169,91,卖盘
1029,10:21:26,7.49,69691,93,卖盘
1030,10:21:29,7.49,141587,189,卖盘
1031,10:21:32,7.49,20223,27,卖盘
1032,10:21:35,7.5,245020,327,买盘
1033,10:21:38,7.49,122862,164,卖盘
1034,10:21:41,7.5,215992,288,买盘
1035,10:21:44,7.49,149802,200,卖盘
1036,10:21:47,7.49,59955,80,卖盘
1037,10:21:50,7.5,137112,183,买盘
1038,10:21:53,7.49,102645,137,卖盘
1039,10:21:56,7.49,313120,418,卖盘
1040,10:21:59,7.5,195542,261,买盘
1041,10:22:02,7.49,407484,544,卖盘
1042,10:22:05,7.49,173773,232,卖盘
1043,10:22:08,7.5,30740,41,买盘
1044,10:22:11,7.49,183529,245,卖盘
1045,10:22:14,7.49,688341,919,卖盘
1046,10:22:17,7.49,1461303,1951,卖盘
1047,10:22:20,7.49,37419027,49960,卖盘
1048,10:22:23,7.49,615497,822,买盘
1049,10:22:26,7.49,421612,563,买盘
1050,10:22:29,7.49,141502,189,买盘
1051,10:22:32,7.49,181096,242,买盘
1052,10:22:35,7.49,5734123,7656,买盘
1053,10:22:38,7.49,379016,506,卖盘
1054,10:22:41,7.5,189726,253,买盘
1055,10:22:44,7.49,131075,175,卖盘
1056,10:22:47,7.5,275104,367,买盘
1057,10:22:50,7.49,405237,541,卖盘
1058,10:22:53,7.49,406710,543,卖盘
1059,10:22:56,7.49,44959,60,卖盘
1060,10:22:59,7.5,56934,76,买盘
1061,10:23:02,7.49,608188,812,卖盘
1062,10:23:05,7.49,51712,69,卖盘
1063,10:23:08,7.49,82460,110,卖盘
1064,10:23:11,7.49,371508,496,卖盘
1065,10:23:14,7.49,308601,412,卖盘
1066,10:23:17,7.49,62916,84,卖盘
1067,10:23:20,7.49,205347,274,卖盘
1068,10:23:23,7.49,65974,88,卖盘
1069,10:23:26,7.5,1158745,1547,买盘
1070,10:23:29,7.49,507094,677,卖盘
1071,10:23:32,7.49,2945271,3933,卖盘
1072,10:23:35,7.5,265288,354,买盘
1073,10:23:38,7.5,143090,191,买盘
1074,10:23:41,7.5,158827,212,买盘
1075,10:23:44,7.49,914871,1221,卖盘
1076,10:23:47,7.49,238442,318,中性盘
1077,10:23:50,7.5,647473,864,买盘
1078,10:23:53,7.5,1758893,2349,买盘
1079,10:23:56,7.49,208974,279,卖盘
1080,10:23:59,7.49,105609,141,卖盘
1081,10:24:02,7.49,1118177,1493,卖盘
1082,10:24:05,7.49,768185,1026,买盘
1083,10:24:08,7.49,255342,341,买盘
1084,10:24:11,7.49,448594,599,买盘
1085,10:24:14,7.49,124224,166,买盘
1086,10:24:17,7.49,206643,276,买盘
1087,10:24:20,7.49,75649,101,买盘
1088,10:24:23,7.49,246234,329,买盘
1089,10:24:26,7.49,217921,291,买盘
1090,10:24:29,7.49,235871,315,买盘
1091,10:24:32,7.49,268880,359,买盘
1092,10:24:35,7.49,319800,427,买盘
1093,10:24:38,7.49,291337,389,买盘
1094,10:24:41,7.49,504077,673,买盘
1095,10:24:44,7.49,313082,418,买盘
1096,10:24:47,7.49,199206,266,买盘
1097,10:24:50,7.48,202794,271,卖盘
1098,10:24:53,7.49,249886,334,买盘
1099,10:24:56,7.48,358746,479,卖盘
1100,10:24:59,7.48,2246,3,卖盘
1101,10:25:02,7.49,448620,599,买盘
1102,10:25:05,7.49,754992,1008,买盘
1103,10:25:08,7.49,456889,610,买盘
1104,10:25:11,7.49,128818,172,买盘
1105,10:25:14,7.49,346038,462,买盘
1106,10:25:17,7.48,140809,188,卖盘
1107,10:25:20,7.48,211217,282,卖盘
1108,10:25:23,7.49,7490,10,买盘
1109,10:25:26,7.49,71101,95,买盘
1110,10:25:29,7.48,32912,44,卖盘
1111,10:25:32,7.49,42693,57,买盘
1112,10:25:35,7.48,322394,431,卖盘
1113,10:25:38,7.48,2244,3,卖盘
1114,10:25:41,7.49,84572,113,买盘
1115,10:25:44,7.48,2141529,2863,卖盘
1116,10:25:47,7.49,140811,188,买盘
1117,10:25:50,7.48,257376,344,卖盘
1118,10:25:53,7.48,144370,193,卖盘
1119,10:25:56,7.49,280874,375,买盘
1120,10:25:59,7.48,124919,167,卖盘
1121,10:26:02,7.49,475532,635,买盘
1122,10:26:05,7.49,1330693,1779,买盘
1123,10:26:08,7.49,28452,38,买盘
1124,10:26:11,7.49,777462,1038,买盘
1125,10:26:14,7.48,133909,179,卖盘
1126,10:26:17,7.48,50128,67,卖盘
1127,10:26:20,7.49,395708,529,买盘
1128,10:26:23,7.49,7490,10,买盘
1129,10:26:26,7.49,2247,3,买盘
1130,10:26:29,7.49,93568,125,买盘
1131,10:26:32,7.49,244143,326,买盘
1132,10:26:35,7.48,499734,668,卖盘
1133,10:26:38,7.49,181955,243,买盘
1134,10:26:41,7.48,41154,55,卖盘
1135,10:26:44,7.49,316024,422,买盘
1136,10:26:47,7.48,10478,14,卖盘
1137,10:26:50,7.49,103231,138,买盘
1138,10:26:53,7.48,760969,1016,卖盘
1139,10:26:56,7.49,15729,21,买盘
1140,10:26:59,7.49,43442,58,买盘
1141,10:27:02,7.49,751944,1004,买盘
1142,10:27:05,7.49,47886,64,买盘
1143,10:27:08,7.49,23217,31,买盘
1144,10:27:11,7.48,130904,175,卖盘
1145,10:27:14,7.49,111577,149,买盘
1146,10:27:17,7.48,174319,233,卖盘
1147,10:27:20,7.49,38152,51,买盘
1148,10:27:23,7.49,732314,979,买盘
1149,10:27:26,7.49,173550,232,买盘
1150,10:27:29,7.48,12717,17,卖盘
1151,10:27:32,7.49,616882,824,买盘
1152,10:27:35,7.48,34408,46,卖盘
1153,10:27:38,7.49,355775,475,买盘
1154,10:27:41,7.48,83803,112,卖盘
1155,10:27:44,7.48,204475,273,卖盘
1156,10:27:47,7.48,62084,83,卖盘
1157,10:27:50,7.48,3740,5,卖盘
1158,10:27:53,7.48,131000,175,卖盘
1159,10:27:56,7.48,128667,172,卖盘
1160,10:27:59,7.48,26182,35,卖盘
1161,10:28:02,7.49,340428,455,买盘
1162,10:28:05,7.49,99594,133,买盘
1163,10:28:08,7.49,180288,241,买盘
1164,10:28:11,7.49,32932,44,买盘
1165,10:28:14,7.49,80074,107,买盘
1166,10:28:17,7.49,161784,216,买盘
1167,10:28:20,7.48,4160632,5562,卖盘
1168,10:28:23,7.49,170769,228,买盘
1169,10:28:26,7.49,11984,16,买盘
1170,10:28:29,7.48,116700,156,卖盘
1171,10:28:32,7.49,202731,271,买盘
1172,10:28:35,7.49,23968,32,买盘
1173,10:28:38,7.48,378054,505,卖盘
1174,10:28:41,7.49,57599,77,买盘
1175,10:28:44,7.48,43384,58,卖盘
1176,10:28:47,7.49,780458,1042,买盘
1177,10:28:50,7.49,153377,205,买盘
1178,10:28:53,7.48,225948,302,卖盘
1179,10:28:56,7.49,119702,160,买盘
1180,10:28:59,7.48,41175,55,卖盘
1181,10:29:02,7.49,130300,174,买盘
1182,10:29:05,7.49,756336,1011,买盘
1183,10:29:08,7.48,270300,361,卖盘
1184,10:29:11,7.49,395471,528,买盘
1185,10:29:14,7.49,2996,4,买盘
1186,10:29:17,7.48,784370,1048,卖盘
1187,10:29:20,7.49,218707,292,买盘
1188,10:29:23,7.49,44928,60,买盘
1189,10:29:26,7.48,80056,107,卖盘
1190,10:29:29,7.48,119818,160,卖盘
1191,10:29:32,7.49,57609,77,买盘
1192,10:29:35,7.49,80082,107,买盘
1193,10:29:38,7.49,56123,75,买盘
1194,10:29:41,7.49,26215,35,买盘
1195,10:29:44,7.48,74052,99,卖盘
1196,10:29:47,7.49,1786294,2388,买盘
1197,10:29:50,7.48,117478,157,卖盘
1198,10:29:53,7.49,40423,54,买盘
1199,10:29:56,7.48,73315,98,卖盘
1200,10:29:59,7.49,84595,113,买盘
1201,10:30:02,7.49,213945,286,买盘
1202,10:30:05,7.48,72583,97,卖盘
1203,10:30:08,7.49,163846,219,买盘
1204,10:30:11,7.49,105472,141,买盘
1205,10:30:14,7.48,565498,756,卖盘
1206,10:30:17,7.48,17952,24,卖盘
1207,10:30:20,7.48,56125,75,卖盘
1208,10:30:23,7.48,1519202,2031,卖盘
1209,10:30:26,7.48,4265116,5702,卖盘
1210,10:30:29,7.48,29008214,38781,卖盘
1211,10:30:32,7.48,447219,598,买盘
1212,10:30:35,7.47,393367,526,卖盘
1213,10:30:38,7.48,239248,320,买盘
1214,10:30:41,7.48,412148,551,买盘
1215,10:30:44,7.47,126310,169,卖盘
1216,10:30:47,7.48,135328,181,买盘
1217,10:30:50,7.47,7558959,10119,卖盘
1218,10:30:53,7.47,67246,90,卖盘
1219,10:30:56,7.48,112839,151,买盘
1220,10:30:59,7.48,100929,135,买盘
1221,10:31:02,7.48,69502,93,买盘
1222,10:31:05,7.48,164365,220,买盘
1223,10:31:08,7.48,30658,41,买盘
1224,10:31:11,7.47,35113,47,卖盘
1225,10:31:14,7.47,20929,28,卖盘
1226,10:31:17,7.47,190498,255,卖盘
1227,10:31:20,7.47,218901,293,卖盘
1228,10:31:23,7.48,212931,285,买盘
1229,10:31:26,7.47,121765,163,卖盘
1230,10:31:29,7.47,7392330,9896,卖盘
1231,10:31:32,7.48,227093,304,买盘
1232,10:31:35,7.47,1154864,1546,卖盘
1233,10:31:38,7.47,1138543,1524,卖盘
1234,10:31:41,7.48,427638,572,买盘
1235,10:31:44,7.47,304777,408,卖盘
1236,10:31:47,7.47,856859,1147,卖盘
1237,10:31:50,7.47,1169857,1566,卖盘
1238,10:31:53,7.47,252501,338,卖盘
1239,10:31:56,7.47,1028377,1376,卖盘
1240,10:31:59,7.47,268932,360,卖盘
1241,10:32:02,7.47,334659,448,卖盘
1242,10:32:05,7.48,424027,567,买盘
1243,10:32:08,7.47,255501,342,卖盘
1244,10:32:11,7.47,610307,816,卖盘
1245,10:32:14,7.47,75480,101,卖盘
1246,10:32:17,7.47,447477,599,卖盘
1247,10:32:20,7.47,53794,72,卖盘
1248,10:32:23,7.47,144918,194,卖盘
1249,10:32:26,7.48,64305,86,买盘
1250,10:32:29,7.48,13460,18,买盘
1251,10:32:32,7.47,97957,131,卖盘
1252,10:32:35,7.47,169596,227,卖盘
1253,10:32:38,7.47,94873,127,卖盘
1254,10:32:41,7.47,26145,35,卖盘
1255,10:32:44,7.48,522801,699,买盘
1256,10:32:47,7.48,171822,230,买盘
1257,10:32:50,7.48,132285,177,买盘
1258,10:32:53,7.47,287761,385,卖盘
1259,10:32:56,7.47,213643,286,卖盘
1260,10:32:59,7.48,81489,109,买盘
1261,10:33:02,7.47,215883,289,卖盘
1262,10:33:05,7.47,55304,74,卖盘
1263,10:33:08,7.48,137603,184,买盘
1264,10:33:11,7.48,2841659,3804,买盘
1265,10:33:14,7.48,5896172,7893,买盘
1266,10:33:17,7.47,186800,250,卖盘
1267,10:33:20,7.47,145667,195,卖盘
1268,10:33:23,7.47,285372,382,卖盘
1269,10:33:26,7.47,324300,434,卖盘
1270,10:33:29,7.47,301046,403,卖盘
1271,10:33:32,7.47,239116,320,卖盘
1272,10:33:35,7.47,149400,200,卖盘
1273,10:33:38,7.47,115191,154,卖盘
1274,10:33:41,7.47,166710,223,卖盘
1275,10:33:44,7.47,861635,1152,卖盘
1276,10:33:47,7.47,218127,292,卖盘
1277,10:33:50,7.47,63504,85,卖盘
1278,10:33:53,7.47,265932,356,卖盘
1279,10:33:56,7.48,252497,338,买盘
1280,10:33:59,7.47,207684,278,卖盘
1281,10:34:02,7.48,23162,31,买盘
1282,10:34:05,7.47,130118,174,卖盘
1283,10:34:08,7.48,74749,100,买盘
1284,10:34:11,7.48,1495,2,买盘
1285,10:34:14,7.48,228616,306,买盘
1286,10:34:17,7.48,14960,20,买盘
1287,10:34:20,7.47,47062,63,卖盘
1288,10:34:23,7.47,62062,83,卖盘
1289,10:34:26,7.48,119525,160,买盘
1290,10:34:29,7.47,100860,135,卖盘
1291,10:34:32,7.47,143494,192,卖盘
1292,10:34:35,7.48,5236,7,买盘
1293,10:34:38,7.47,2988,4,卖盘
1294,10:34:41,7.47,85161,114,卖盘
1295,10:34:44,7.47,236103,316,卖盘
1296,10:34:47,7.48,110599,148,买盘
1297,10:34:50,7.47,68724,92,卖盘
1298,10:34:53,7.48,799590,1069,买盘
1299,10:34:56,7.47,1576222,2110,卖盘
1300,10:34:59,7.47,100845,135,卖盘
1301,10:35:02,7.47,143492,192,卖盘
1302,10:35:05,7.47,53794,72,卖盘
1303,10:35:08,7.47,195034,261,卖盘
1304,10:35:11,7.47,47086,63,卖盘
1305,10:35:14,7.48,426689,571,买盘
1306,10:35:17,7.48,170440,228,买盘
1307,10:35:20,7.48,423610,567,买盘
1308,10:35:23,7.48,8221,11,买盘
1309,10:35:26,7.47,115822,155,卖盘
1310,10:35:29,7.48,1308944,1752,买盘
1311,10:35:32,7.48,817306,1094,买盘
1312,10:35:35,7.47,4201235,5624,卖盘
1313,10:35:38,7.48,304819,408,买盘
1314,10:35:41,7.48,244485,327,买盘
1315,10:35:44,7.48,74742,100,买盘
1316,10:35:47,7.48,382750,512,买盘
1317,10:35:50,7.47,266735,357,卖盘
1318,10:35:53,7.47,195165,261,卖盘
1319,10:35:56,7.48,184694,247,买盘
1320,10:35:59,7.47,254165,340,卖盘
1321,10:36:02,7.47,395168,529,卖盘
1322,10:36:05,7.48,119625,160,买盘
1323,10:36:08,7.47,920488,1232,卖盘
1324,10:36:11,7.47,62749,84,卖盘
1325,10:36:14,7.48,42594,57,买盘
1326,10:36:17,7.48,8228,11,买盘
1327,10:36:20,7.48,35883,48,买盘
1328,10:36:23,7.47,425269,569,卖盘
1329,10:36:26,7.47,699222,936,卖盘
1330,10:36:29,7.47,172557,231,卖盘
1331,10:36:32,7.47,55278,74,卖盘
1332,10:36:35,7.47,669341,896,卖盘
1333,10:36:38,7.47,235305,315,卖盘
1334,10:36:41,7.48,91968,123,买盘
1335,10:36:44,7.48,70992,95,买盘
1336,10:36:47,7.47,82180,110,卖盘
1337,10:36:50,7.48,59090,79,买盘
1338,10:36:53,7.47,118131,158,卖盘
1339,10:36:56,7.47,107569,144,卖盘
1340,10:36:59,7.48,150194,201,买盘
1341,10:37:02,7.47,137458,184,卖盘
1342,10:37:05,7.48,490840,657,买盘
1343,10:37:08,7.48,137542,184,买盘
1344,10:37:11,7.47,41090,55,卖盘
1345,10:37:14,7.47,142098,190,卖盘
1346,10:37:17,7.47,34393,46,卖盘
1347,10:37:20,7.48,35903,48,买盘
1348,10:37:23,7.48,33627,45,买盘
1349,10:37:26,7.47,2245510,3006,卖盘
1350,10:37:29,7.48,177796,238,买盘
1351,10:37:32,7.47,53784,72,卖盘
1352,10:37:35,7.47,442228,592,卖盘
1353,10:37:38,7.48,286868,384,买盘
1354,10:37:41,7.47,82932,111,卖盘
1355,10:37:44,7.47,1045053,1399,卖盘
1356,10:37:47,7.48,282376,378,买盘
1357,10:37:50,7.47,212180,284,卖盘
1358,10:37:53,7.48,20189,27,买盘
1359,10:37:56,7.48,41109,55,买盘
1360,10:37:59,7.47,107568,144,卖盘
1361,10:38:02,7.47,88937,119,卖盘
1362,10:38:05,7.47,455670,610,卖盘
1363,10:38:08,7.47,404138,541,卖盘
1364,10:38:11,7.48,58271,78,买盘
1365,10:38:14,7.47,98604,132,卖盘
1366,10:38:17,7.47,161450,216,卖盘
1367,10:38:20,7.47,531982,712,卖盘
1368,10:38:23,7.48,228866,306,买盘
1369,10:38:26,7.47,289890,388,卖盘
1370,10:38:29,7.47,280872,376,卖盘
1371,10:38:32,7.47,412347,552,卖盘
1372,10:38:35,7.47,339160,454,卖盘
1373,10:38:38,7.47,435526,583,卖盘
1374,10:38:41,7.48,1747981,2340,买盘
1375,10:38:44,7.48,478083,640,买盘
1376,10:38:47,7.47,536366,718,卖盘
1377,10:38:50,7.47,20174,27,卖盘
1378,10:38:53,7.47,70238,94,卖盘
1379,10:38:56,7.47,163603,219,卖盘
1380,10:38:59,7.47,56780,76,卖盘
1381,10:39:02,7.47,755235,1011,卖盘
1382,10:39:05,7.47,259976,348,卖盘
1383,10:39:08,7.47,2393902,3205,卖盘
1384,10:39:11,7.47,237621,318,卖盘
1385,10:39:14,7.48,90480,121,买盘
1386,10:39:17,7.47,59018,79,卖盘
1387,10:39:20,7.48,425579,569,买盘
1388,10:39:23,7.48,540086,723,买盘
1389,10:39:26,7.47,100098,134,卖盘
1390,10:39:29,7.47,745527,998,卖盘
1391,10:39:32,7.47,395918,530,卖盘
1392,10:39:35,7.47,75448,101,卖盘
1393,10:39:38,7.48,525825,703,买盘
1394,10:39:41,7.47,197955,265,卖盘
1395,10:39:44,7.48,748,1,买盘
1396,10:39:47,7.48,37356,50,买盘
1397,10:39:50,7.47,5229,7,卖盘
1398,10:39:53,7.47,2770624,3709,卖盘
1399,10:39:56,7.48,96373,129,买盘
1400,10:39:59,7.48,36608,49,买盘
1401,10:40:02,7.47,410109,549,卖盘
1402,10:40:05,7.47,498296,667,卖盘
1403,10:40:08,7.47,133713,179,卖盘
1404,10:40:11,7.47,259210,347,卖盘
1405,10:40:14,7.47,556520,745,卖盘
1406,10:40:17,7.48,464741,622,买盘
1407,10:40:20,7.47,3164415,4236,卖盘
1408,10:40:23,7.48,318244,426,买盘
1409,10:40:26,7.47,210661,282,卖盘
1410,10:40:29,7.48,230835,309,买盘
1411,10:40:32,7.47,535605,717,卖盘
1412,10:40:35,7.47,103086,138,卖盘
1413,10:40:38,7.47,38097,51,卖盘
1414,10:40:41,7.47,152398,204,卖盘
1415,10:40:44,7.47,64989,87,卖盘
1416,10:40:47,7.47,5977,8,卖盘
1417,10:40:50,7.48,361555,484,买盘
1418,10:40:53,7.48,144933,194,买盘
1419,10:40:56,7.48,21686,29,买盘
1420,10:40:59,7.47,215918,289,卖盘
1421,10:41:02,7.47,233805,313,卖盘
1422,10:41:05,7.47,294910,395,买盘
1423,10:41:08,7.47,147146,197,买盘
1424,10:41:11,7.47,70944,95,买盘
1425,10:41:14,7.47,56010,75,买盘
1426,10:41:17,7.46,181350,243,卖盘
1427,10:41:20,7.47,579598,776,买盘
1428,10:41:23,7.47,122487,164,买盘
1429,10:41:26,7.47,85900,115,买盘
1430,10:41:29,7.46,236529,317,卖盘
1431,10:41:32,7.47,268805,360,买盘
1432,10:41:35,7.47,561512,752,买盘
1433,10:41:38,7.47,100028,134,买盘
1434,10:41:41,7.46,16412,22,卖盘
1435,10:41:44,7.46,746,1,卖盘
1436,10:41:47,7.46,23137,31,卖盘
1437,10:41:50,7.47,65649,88,买盘
1438,10:41:53,7.46,15668,21,卖盘
1439,10:41:56,7.46,134300,180,卖盘
1440,10:41:59,7.47,377225,505,买盘
1441,10:42:02,7.47,491022,658,买盘
1442,10:42:05,7.47,689849,924,买盘
1443,10:42:08,7.47,67169,90,买盘
1444,10:42:11,7.46,382398,512,卖盘
1445,10:42:14,7.47,817791,1096,买盘
1446,10:42:17,7.46,415210,556,卖盘
1447,10:42:20,7.47,241211,323,买盘
1448,10:42:23,7.47,51531,69,买盘
1449,10:42:26,7.47,16434,22,买盘
1450,10:42:29,7.47,313494,420,买盘
1451,10:42:32,7.47,262933,352,买盘
1452,10:42:35,7.46,444738,596,卖盘
1453,10:42:38,7.46,70896,95,卖盘
1454,10:42:41,7.47,29107,39,买盘
1455,10:42:44,7.47,91096,122,买盘
1456,10:42:47,7.46,155951,209,卖盘
1457,10:42:50,7.46,82872,111,卖盘
1458,10:42:53,7.47,286584,384,买盘
1459,10:42:56,7.47,140300,188,买盘
1460,10:42:59,7.47,147116,197,买盘
1461,10:43:02,7.46,199193,267,卖盘
1462,10:43:05,7.47,1028291,1377,买盘
1463,10:43:08,7.47,30614,41,买盘
1464,10:43:11,7.46,584998,784,卖盘
1465,10:43:14,7.47,44794,60,买盘
1466,10:43:17,7.46,84308,113,卖盘
1467,10:43:20,7.46,74688,100,卖盘
1468,10:43:23,7.47,171645,230,买盘
1469,10:43:26,7.47,47755,64,买盘
1470,10:43:29,7.47,403626,541,买盘
1471,10:43:32,7.47,141771,190,买盘
1472,10:43:35,7.47,241792,324,买盘
1473,10:43:38,7.46,103726,139,卖盘
1474,10:43:41,7.47,141837,190,买盘
1475,10:43:44,7.46,168604,226,卖盘
1476,10:43:47,7.47,258133,346,买盘
1477,10:43:50,7.46,94766,127,卖盘
1478,10:43:53,7.47,63457,85,买盘
1479,10:43:56,7.47,235112,315,买盘
1480,10:43:59,7.47,639354,856,买盘
1481,10:44:02,7.47,185765,249,买盘
1482,10:44:05,7.47,92628,124,买盘
1483,10:44:08,7.47,76175,102,买盘
1484,10:44:11,7.47,26887,36,买盘
1485,10:44:14,7.46,588617,789,卖盘
1486,10:44:17,7.47,179280,240,买盘
1487,10:44:20,7.46,2238,3,卖盘
1488,10:44:23,7.47,97004,130,买盘
1489,10:44:26,7.47,79851,107,买盘
1490,10:44:29,7.46,295418,396,卖盘
1491,10:44:32,7.46,67174,90,卖盘
1492,10:44:35,7.46,185014,248,卖盘
1493,10:44:38,7.47,153878,206,买盘
1494,10:44:41,7.47,186517,250,买盘
1495,10:44:44,7.47,121617,163,买盘
1496,10:44:47,7.47,108242,145,买盘
1497,10:44:50,7.47,643099,862,买盘
1498,10:44:53,7.46,1145164,1535,卖盘
1499,10:44:56,7.46,107434,144,卖盘
1500,10:44:59,7.46,233052,312,卖盘
1501,10:45:02,7.46,165764,222,卖盘
1502,10:45:05,7.47,388828,521,买盘
1503,10:45:08,7.46,94843,127,卖盘
1504,10:45:11,7.46,38069,51,卖盘
1505,10:45:14,7.47,25398,34,买盘
1506,10:45:17,7.46,27602,37,卖盘
1507,10:45:20,7.47,48515,65,买盘
1508,10:45:23,7.47,24637,33,买盘
1509,10:45:26,7.46,288706,387,卖盘
1510,10:45:29,7.46,346912,465,卖盘
1511,10:45:32,7.46,5718090,7665,卖盘
1512,10:45:35,7.47,254446,341,买盘
1513,10:45:38,7.46,181284,243,卖盘
1514,10:45:41,7.46,30593,41,卖盘
1515,10:45:44,7.46,161150,216,卖盘
1516,10:45:47,7.46,16432,22,卖盘
1517,10:45:50,7.47,271657,364,买盘
1518,10:45:53,7.47,29126,39,买盘
1519,10:45:56,7.47,102313,137,买盘
1520,10:45:59,7.46,372259,499,卖盘
1521,10:46:02,7.47,111187,149,买盘
1522,10:46:05,7.46,208156,279,卖盘
1523,10:46:08,7.46,558033,748,卖盘
1524,10:46:11,7.47,179066,240,买盘
1525,10:46:14,7.47,34362,46,买盘
1526,10:46:17,7.47,35079,47,买盘
1527,10:46:20,7.46,14930,20,卖盘
1528,10:46:23,7.47,207468,278,买盘
1529,10:46:26,7.47,170193,228,买盘
1530,10:46:29,7.47,27638,37,买盘
1531,10:46:32,7.47,63411,85,买盘
1532,10:46:35,7.46,381207,511,卖盘
1533,10:46:38,7.47,179060,240,买盘
1534,10:46:41,7.47,747,1,买盘
1535,10:46:44,7.46,30594,41,卖盘
1536,10:46:47,7.46,34316,46,卖盘
1537,10:46:50,7.47,43305,58,买盘
1538,10:46:53,7.47,83558,112,买盘
1539,10:46:56,7.47,59720,80,买盘
1540,10:46:59,7.47,6723,9,买盘
1541,10:47:02,7.46,115673,155,卖盘
1542,10:47:05,7.47,313404,420,买盘
1543,10:47:08,7.47,96325,129,买盘
1544,10:47:11,7.46,277562,372,卖盘
1545,10:47:14,7.46,47760,64,卖盘
1546,10:47:17,7.46,26132,35,卖盘
1547,10:47:20,7.46,69378,93,卖盘
1548,10:47:23,7.47,103745,139,买盘
1549,10:47:26,7.47,25391,34,买盘
1550,10:47:29,7.47,120118,161,买盘
1551,10:47:32,7.46,84305,113,卖盘
1552,10:47:35,7.46,88085,118,卖盘
1553,10:47:38,7.46,21638,29,卖盘
1554,10:47:41,7.46,360327,483,卖盘
1555,10:47:44,7.47,820131,1098,买盘
1556,10:47:47,7.47,534804,716,买盘
1557,10:47:50,7.47,228579,306,买盘
1558,10:47:53,7.47,208225,279,买盘
1559,10:47:56,7.47,97101,130,买盘
1560,10:47:59,7.46,161166,216,卖盘
1561,10:48:02,7.47,100802,135,买盘
1562,10:48:05,7.46,462129,619,卖盘
1563,10:48:08,7.47,541628,726,买盘
1564,10:48:11,7.47,215852,289,买盘
1565,10:48:14,7.47,183742,246,买盘
1566,10:48:17,7.47,208997,280,买盘
1567,10:48:20,7.47,241984,324,买盘
1568,10:48:23,7.47,129963,174,买盘
1569,10:48:26,7.47,365253,489,买盘
1570,10:48:29,7.47,144171,193,买盘
1571,10:48:32,7.47,148547,199,买盘
1572,10:48:35,7.47,250756,336,买盘
1573,10:48:38,7.47,113543,152,买盘
1574,10:48:41,7.46,174766,234,卖盘
1575,10:48:44,7.47,105300,141,买盘
1576,10:48:47,7.46,176908,237,卖盘
1577,10:48:50,7.47,128445,172,买盘
1578,10:48:53,7.47,1073568,1439,买盘
1579,10:48:56,7.46,223302,299,卖盘
1580,10:48:59,7.47,156043,209,买盘
1581,10:49:02,7.47,128409,172,买盘
1582,10:49:05,7.47,375500,503,买盘
1583,10:49:08,7.47,117228,157,买盘
1584,10:49:11,7.46,23150,31,卖盘
1585,10:49:14,7.47,25397,34,买盘
1586,10:49:17,7.46,153020,205,卖盘
1587,10:49:20,7.47,155354,208,买盘
1588,10:49:23,7.46,2984,4,卖盘
1589,10:49:26,7.46,63426,85,卖盘
1590,10:49:29,7.47,152338,204,买盘
1591,10:49:32,7.47,55222,74,买盘
1592,10:49:35,7.46,217861,292,卖盘
1593,10:49:38,7.47,26134,35,买盘
1594,10:49:41,7.47,495950,664,买盘
1595,10:49:44,7.46,112732,151,卖盘
1596,10:49:47,7.47,137448,184,买盘
1597,10:49:50,7.46,16425,22,卖盘
1598,10:49:53,7.47,38097,51,买盘
1599,10:49:56,7.47,121613,163,买盘
1600,10:49:59,7.47,20144,27,买盘
1601,10:50:02,7.46,158243,212,卖盘
1602,10:50:05,7.46,186527,250,卖盘
1603,10:50:08,7.47,71699,96,买盘
1604,10:50:11,7.47,190473,255,买盘
1605,10:50:14,7.46,38801,52,卖盘
1606,10:50:17,7.47,23902,32,买盘
1607,10:50:20,7.47,88893,119,买盘
1608,10:50:23,7.47,122465,164,买盘
1609,10:50:26,7.46,170972,229,卖盘
1610,10:50:29,7.47,108246,145,买盘
1611,10:50:32,7.46,226086,303,卖盘
1612,10:50:35,7.47,108306,145,买盘
1613,10:50:38,7.46,821695,1100,卖盘
1614,10:50:41,7.46,98602,132,卖盘
1615,10:50:44,7.46,191113,256,卖盘
1616,10:50:47,7.46,124721,167,卖盘
1617,10:50:50,7.47,95513,128,买盘
1618,10:50:53,7.46,256649,344,卖盘
1619,10:50:56,7.47,780446,1045,买盘
1620,10:50:59,7.47,219458,294,买盘
1621,10:51:02,7.47,320958,430,买盘
1622,10:51:05,7.47,242775,325,买盘
1623,10:51:08,7.47,522746,700,买盘
1624,10:51:11,7.46,82104,110,卖盘
1625,10:51:14,7.47,121756,163,买盘
1626,10:51:17,7.47,622921,834,买盘
1627,10:51:20,7.47,126936,170,买盘
1628,10:51:23,7.47,44050,59,买盘
1629,10:51:26,7.46,94776,127,卖盘
1630,10:51:29,7.47,53777,72,买盘
1631,10:51:32,7.47,231346,310,买盘
1632,10:51:35,7.46,144135,193,卖盘
1633,10:51:38,7.46,93297,125,卖盘
1634,10:51:41,7.47,266662,357,买盘
1635,10:51:44,7.47,1012081,1355,买盘
1636,10:51:47,7.47,128346,172,买盘
1637,10:51:50,7.46,40316,54,卖盘
1638,10:51:53,7.46,38814,52,卖盘
1639,10:51:56,7.46,197696,265,卖盘
1640,10:51:59,7.46,112677,151,卖盘
1641,10:52:02,7.47,249938,335,买盘
1642,10:52:05,7.46,124695,167,卖盘
1643,10:52:08,7.46,45536,61,卖盘
1644,10:52:11,7.46,137388,184,卖盘
1645,10:52:14,7.46,92573,124,卖盘
1646,10:52:17,7.46,13428,18,卖盘
1647,10:52:20,7.46,248513,333,卖盘
1648,10:52:23,7.46,132788,178,卖盘
1649,10:52:26,7.47,55243,74,买盘
1650,10:52:29,7.46,173976,233,卖盘
1651,10:52:32,7.46,149202,200,卖盘
1652,10:52:35,7.47,57458,77,买盘
1653,10:52:38,7.47,26885,36,买盘
1654,10:52:41,7.46,37305,50,卖盘
1655,10:52:44,7.47,62696,84,买盘
1656,10:52:47,7.47,79851,107,买盘
1657,10:52:50,7.47,98569,132,买盘
1658,10:52:53,7.46,129833,174,卖盘
1659,10:52:56,7.47,141910,190,买盘
1660,10:52:59,7.47,165087,221,买盘
1661,10:53:02,7.46,1018114,1363,卖盘
1662,10:53:05,7.47,639614,857,买盘
1663,10:53:08,7.47,4978747,6665,买盘
1664,10:53:11,7.46,958408,1284,卖盘
1665,10:53:14,7.47,89640,120,买盘
1666,10:53:17,7.47,237503,318,买盘
1667,10:53:20,7.47,228535,306,买盘
1668,10:53:23,7.46,1286304,1722,卖盘
1669,10:53:26,7.46,261327,350,卖盘
1670,10:53:29,7.47,268920,360,买盘
1671,10:53:32,7.46,53725,72,卖盘
1672,10:53:35,7.47,156742,210,买盘
1673,10:53:38,7.47,355572,476,买盘
1674,10:53:41,7.47,270382,362,买盘
1675,10:53:44,7.47,42534,57,买盘
1676,10:53:47,7.47,217890,292,买盘
1677,10:53:50,7.47,132921,178,买盘
1678,10:53:53,7.47,34362,46,买盘
1679,10:53:56,7.47,949237,1271,买盘
1680,10:53:59,7.47,257702,345,买盘
1681,10:54:02,7.46,1052422,1410,卖盘
1682,10:54:05,7.46,289825,388,卖盘
1683,10:54:08,7.47,17928,24,买盘
1684,10:54:11,7.46,274140,367,卖盘
1685,10:54:14,7.47,61960,83,买盘
1686,10:54:17,7.47,13431,18,买盘
1687,10:54:20,7.47,59755,80,买盘
1688,10:54:23,7.47,134328,180,买盘
1689,10:54:26,7.47,76941,103,买盘
1690,10:54:29,7.46,116524,156,卖盘
1691,10:54:32,7.47,921777,1234,买盘
1692,10:54:35,7.47,224847,301,买盘
1693,10:54:38,7.47,854414,1144,买盘
1694,10:54:41,7.47,307018,411,卖盘
1695,10:54:44,7.47,40340,54,卖盘
1696,10:54:47,7.47,68725,92,卖盘
1697,10:54:50,7.47,1154902,1546,卖盘
1698,10:54:53,7.48,333244,446,买盘
1699,10:54:56,7.47,64992,87,卖盘
1700,10:54:59,7.48,73208,98,买盘
1701,10:55:02,7.47,59815,80,卖盘
1702,10:55:05,7.47,3739,5,卖盘
1703,10:55:08,7.48,8218,11,买盘
1704,10:55:11,7.48,11968,16,买盘
1705,10:55:14,7.47,1495,2,卖盘
1706,10:55:17,7.47,20935,28,卖盘
1707,10:55:20,7.47,97111,130,卖盘
1708,10:55:23,7.47,26892,36,卖盘
1709,10:55:26,7.48,21691,29,买盘
1710,10:55:29,7.47,242154,324,卖盘
1711,10:55:32,7.48,1496,2,买盘
1712,10:55:35,7.47,23906,32,卖盘
1713,10:55:38,7.47,32121,43,卖盘
1714,10:55:41,7.47,23157,31,卖盘
1715,10:55:44,7.48,15708,21,买盘
1716,10:55:47,7.47,4483,6,卖盘
1717,10:55:50,7.47,94871,127,卖盘
1718,10:55:56,7.47,35856,48,卖盘
1719,10:55:59,7.48,87500,117,买盘
1720,10:56:02,7.47,213652,286,卖盘
1721,10:56:05,7.48,36633,49,买盘
1722,10:56:08,7.47,31374,42,卖盘
1723,10:56:11,7.48,156325,209,买盘
1724,10:56:14,7.48,77022,103,买盘
1725,10:56:17,7.47,211430,283,卖盘
1726,10:56:20,7.47,259240,347,卖盘
1727,10:56:23,7.48,4487,6,买盘
1728,10:56:26,7.47,38097,51,卖盘
1729,10:56:29,7.47,47809,64,卖盘
1730,10:56:32,7.48,102453,137,买盘
1731,10:56:35,7.48,74044,99,买盘
1732,10:56:38,7.47,136711,183,卖盘
1733,10:56:41,7.48,47068,63,买盘
1734,10:56:44,7.48,17952,24,买盘
1735,10:56:47,7.47,32868,44,卖盘
1736,10:56:50,7.48,60536,81,买盘
1737,10:56:53,7.48,97939,131,买盘
1738,10:56:56,7.47,120334,161,卖盘
1739,10:56:59,7.48,3740,5,买盘
1740,10:57:02,7.47,26892,36,卖盘
1741,10:57:05,7.48,50116,67,买盘
1742,10:57:08,7.47,124749,167,卖盘
1743,10:57:11,7.47,103099,138,卖盘
1744,10:57:14,7.48,131575,176,买盘
1745,10:57:17,7.48,66560,89,买盘
1746,10:57:20,7.47,114326,153,卖盘
1747,10:57:23,7.48,334337,447,买盘
1748,10:57:26,7.47,79185,106,卖盘
1749,10:57:29,7.47,90458,121,卖盘
1750,10:57:32,7.47,191980,257,卖盘
1751,10:57:35,7.47,6723,9,卖盘
1752,10:57:38,7.47,89641,120,卖盘
1753,10:57:41,7.47,130725,175,卖盘
1754,10:57:44,7.48,89760,120,买盘
1755,10:57:47,7.47,70218,94,卖盘
1756,10:57:53,7.47,158369,212,卖盘
1757,10:57:56,7.47,383963,514,卖盘
1758,10:57:59,7.48,163809,219,买盘
1759,10:58:02,7.48,292343,391,买盘
1760,10:58:05,7.48,20930,28,买盘
1761,10:58:08,7.48,147945,198,买盘
1762,10:58:11,7.48,13457,18,买盘
1763,10:58:14,7.47,109197,146,卖盘
1764,10:58:17,7.47,158373,212,卖盘
1765,10:58:20,7.48,112811,151,买盘
1766,10:58:23,7.48,91886,123,买盘
1767,10:58:26,7.48,247588,331,买盘
1768,10:58:29,7.48,89648,120,买盘
1769,10:58:32,7.48,164517,220,买盘
1770,10:58:35,7.47,747,1,卖盘
1771,10:58:38,7.47,20916,28,卖盘
1772,10:58:41,7.47,251273,336,卖盘
1773,10:58:44,7.47,53804,72,卖盘
1774,10:58:47,7.47,747,1,卖盘
1775,10:58:50,7.47,32135,43,卖盘
1776,10:58:53,7.47,20538405,27495,卖盘
1777,10:58:56,7.47,865497,1160,买盘
1778,10:58:59,7.47,55976,75,买盘
1779,10:59:02,7.47,52255,70,买盘
1780,10:59:05,7.47,71676,96,买盘
1781,10:59:08,7.46,124615,167,卖盘
1782,10:59:11,7.47,280788,376,买盘
1783,10:59:14,7.46,50734,68,卖盘
1784,10:59:17,7.46,220317,295,卖盘
1785,10:59:20,7.47,57445,77,买盘
1786,10:59:23,7.46,39558,53,卖盘
1787,10:59:26,7.46,23872,32,卖盘
1788,10:59:29,7.47,5976,8,买盘
1789,10:59:32,7.47,395386,530,买盘
1790,10:59:35,7.47,34332,46,买盘
1791,10:59:38,7.46,120111,161,卖盘
1792,10:59:41,7.46,155225,208,卖盘
1793,10:59:44,7.46,17166,23,卖盘
1794,10:59:47,7.46,78430,105,卖盘
1795,10:59:50,7.46,22392,30,卖盘
1796,10:59:53,7.47,20159,27,买盘
1797,10:59:56,7.46,20153,27,卖盘
1798,10:59:59,7.47,82816,111,买盘
1799,11:00:02,7.46,31343,42,卖盘
1800,11:00:05,7.47,15681,21,买盘
1801,11:00:08,7.47,240273,322,买盘
1802,11:00:11,7.47,29121,39,买盘
1803,11:00:14,7.46,47760,64,卖盘
1804,11:00:17,7.47,25397,34,买盘
1805,11:00:20,7.46,67151,90,卖盘
1806,11:00:23,7.46,76844,103,卖盘
1807,11:00:26,7.47,36560,49,买盘
1808,11:00:29,7.46,22404,30,卖盘
1809,11:00:32,7.47,238740,320,买盘
1810,11:00:35,7.46,531752,712,卖盘
1811,11:00:38,7.46,144871,194,卖盘
1812,11:00:41,7.46,107545,144,卖盘
1813,11:00:44,7.46,1094970,1466,卖盘
1814,11:00:47,7.46,153705,206,卖盘
1815,11:00:50,7.46,100725,135,卖盘
1816,11:00:53,7.46,296174,397,卖盘
1817,11:00:56,7.46,232244,311,卖盘
1818,11:00:59,7.46,184303,247,卖盘
1819,11:01:02,7.47,162099,217,买盘
1820,11:01:05,7.47,38819,52,买盘
1821,11:01:08,7.46,210485,282,卖盘
1822,11:01:11,7.46,153731,206,卖盘
1823,11:01:14,7.47,1368930,1835,买盘
1824,11:01:17,7.47,76931,103,买盘
1825,11:01:20,7.46,477459,640,卖盘
1826,11:01:23,7.46,126075,169,卖盘
1827,11:01:26,7.46,265845,356,卖盘
1828,11:01:29,7.46,375985,504,卖盘
1829,11:01:35,7.47,200738,269,买盘
1830,11:01:38,7.46,22399,30,卖盘
1831,11:01:41,7.46,164876,221,卖盘
1832,11:01:44,7.47,115680,155,买盘
1833,11:01:47,7.47,112041,150,买盘
1834,11:01:50,7.46,81374,109,卖盘
1835,11:01:53,7.47,189703,254,买盘
1836,11:01:56,7.47,40319,54,买盘
1837,11:01:59,7.46,13435,18,卖盘
1838,11:02:02,7.46,214987,288,卖盘
1839,11:02:05,7.47,118664,159,买盘
1840,11:02:08,7.46,8206,11,卖盘
1841,11:02:11,7.46,59007,79,卖盘
1842,11:02:14,7.46,55965,75,卖盘
1843,11:02:17,7.47,44035,59,买盘
1844,11:02:20,7.46,34316,46,卖盘
1845,11:02:23,7.46,71642,96,卖盘
1846,11:02:26,7.46,159664,214,卖盘
1847,11:02:29,7.47,59682,80,买盘
1848,11:02:35,7.47,97820,131,买盘
1849,11:02:38,7.46,10455,14,卖盘
1850,11:02:41,7.46,16412,22,卖盘
1851,11:02:44,7.47,118625,159,买盘
1852,11:02:47,7.47,2240,3,买盘
1853,11:02:50,7.47,23148,31,买盘
1854,11:02:53,7.46,76849,103,卖盘
1855,11:02:56,7.47,102214,137,买盘
1856,11:02:59,7.47,84306,113,买盘
1857,11:03:02,7.46,82842,111,卖盘
1858,11:03:05,7.47,58991,79,买盘
1859,11:03:08,7.46,727205,975,卖盘
1860,11:03:11,7.47,181432,243,买盘
1861,11:03:14,7.47,49302,66,买盘
1862,11:03:17,7.47,106049,142,买盘
1863,11:03:20,7.46,39589,53,卖盘
1864,11:03:23,7.47,14935,20,买盘
1865,11:03:26,7.47,8217,11,买盘
1866,11:03:29,7.47,14193,19,买盘
1867,11:03:32,7.47,109039,146,买盘
1868,11:03:35,7.47,12692,17,买盘
1869,11:03:38,7.47,203181,272,买盘
1870,11:03:41,7.46,144750,194,卖盘
1871,11:03:44,7.47,32121,43,买盘
1872,11:03:47,7.46,258882,347,卖盘
1873,11:03:50,7.46,34318,46,卖盘
1874,11:03:53,7.46,41048,55,卖盘
1875,11:03:56,7.47,30627,41,买盘
1876,11:03:59,7.46,138027,185,卖盘
1877,11:04:02,7.47,283687,380,买盘
1878,11:04:05,7.46,67155,90,卖盘
1879,11:04:08,7.46,362938,486,卖盘
1880,11:04:11,7.47,77610,104,买盘
1881,11:04:14,7.46,159669,214,卖盘
1882,11:04:17,7.47,56000,75,买盘
1883,11:04:20,7.46,101464,136,卖盘
1884,11:04:23,7.47,129815,174,买盘
1885,11:04:26,7.46,61172,82,卖盘
1886,11:04:29,7.46,1584507,2124,卖盘
1887,11:04:32,7.46,266405,357,卖盘
1888,11:04:35,7.46,73880,99,卖盘
1889,11:04:38,7.47,82812,111,买盘
1890,11:04:41,7.46,78373,105,卖盘
1891,11:04:44,7.46,112699,151,卖盘
1892,11:04:47,7.47,7470,10,买盘
1893,11:04:50,7.46,29850,40,卖盘
1894,11:04:53,7.46,57462,77,卖盘
1895,11:04:56,7.46,52966,71,卖盘
1896,11:04:59,7.46,5636031,7555,卖盘
1897,11:05:02,7.46,15828698,21218,卖盘
1898,11:05:05,7.46,12271056,16449,卖盘
1899,11:05:08,7.46,12616380,16912,卖盘
1900,11:05:11,7.46,3568159,4783,卖盘
1901,11:05:14,7.46,15663954,20997,卖盘
1902,11:05:17,7.45,419691,563,卖盘
1903,11:05:20,7.46,839078,1125,买盘
1904,11:05:23,7.46,4962552,6661,买盘
1905,11:05:26,7.45,88720,119,卖盘
1906,11:05:29,7.46,203648,273,买盘
1907,11:05:32,7.46,285395,383,买盘
1908,11:05:35,7.45,3886674,5217,卖盘
1909,11:05:38,7.45,88663,119,卖盘
1910,11:05:41,7.45,76024,102,卖盘
1911,11:05:44,7.45,96117,129,卖盘
1912,11:05:47,7.45,4829840,6483,卖盘
1913,11:05:50,7.45,404553,543,卖盘
1914,11:05:53,7.45,1109306,1489,卖盘
1915,11:05:56,7.45,129674,174,卖盘
1916,11:05:59,7.45,1297803,1742,卖盘
1917,11:06:02,7.45,157967,212,卖盘
1918,11:06:05,7.45,204306,274,卖盘
1919,11:06:08,7.45,84932,114,卖盘
1920,11:06:11,7.45,649676,872,卖盘
1921,11:06:14,7.45,206372,277,卖盘
1922,11:06:17,7.46,198922,267,买盘
1923,11:06:20,7.45,1410586,1892,卖盘
1924,11:06:23,7.46,273681,367,买盘
1925,11:06:26,7.46,18641,25,买盘
1926,11:06:29,7.45,25333,34,卖盘
1927,11:06:32,7.45,146879,197,卖盘
1928,11:06:35,7.46,27582,37,买盘
1929,11:06:38,7.46,118581,159,买盘
1930,11:06:41,7.45,96864,130,卖盘
1931,11:06:44,7.45,75295,101,卖盘
1932,11:06:47,7.46,135734,182,买盘
1933,11:06:50,7.45,118463,159,卖盘
1934,11:06:53,7.45,702617,943,卖盘
1935,11:06:56,7.45,269141,361,卖盘
1936,11:06:59,7.45,82716,111,卖盘
1937,11:07:02,7.46,154252,207,买盘
1938,11:07:05,7.45,53682,72,卖盘
1939,11:07:08,7.45,107281,144,卖盘
1940,11:07:11,7.45,96857,130,卖盘
1941,11:07:14,7.45,315137,423,卖盘
1942,11:07:17,7.45,481270,646,卖盘
1943,11:07:20,7.46,162423,218,买盘
1944,11:07:23,7.45,252708,339,卖盘
1945,11:07:26,7.45,62585,84,卖盘
1946,11:07:29,7.45,18626,25,卖盘
1947,11:07:32,7.45,116257,156,卖盘
1948,11:07:35,7.45,82695,111,卖盘
1949,11:07:38,7.45,104302,140,卖盘
1950,11:07:41,7.46,279498,375,买盘
1951,11:07:44,7.45,107285,144,卖盘
1952,11:07:47,7.45,125160,168,卖盘
1953,11:07:50,7.45,26081,35,卖盘
1954,11:07:53,7.46,153547,206,买盘
1955,11:07:56,7.45,222788,299,卖盘
1956,11:07:59,7.45,95397,128,卖盘
1957,11:08:02,7.45,394578,529,卖盘
1958,11:08:05,7.45,99086,133,卖盘
1959,11:08:08,7.45,366046,491,卖盘
1960,11:08:11,7.45,93125,125,卖盘
1961,11:08:14,7.45,93162,125,卖盘
1962,11:08:17,7.46,375538,504,买盘
1963,11:08:20,7.45,575905,773,卖盘
1964,11:08:23,7.45,141580,190,卖盘
1965,11:08:26,7.45,137185,184,卖盘
1966,11:08:29,7.46,724214,971,买盘
1967,11:08:32,7.46,123728,166,买盘
1968,11:08:35,7.45,71537,96,卖盘
1969,11:08:38,7.45,183429,246,卖盘
1970,11:08:41,7.46,41747,56,买盘
1971,11:08:44,7.45,300496,403,卖盘
1972,11:08:47,7.45,7455,10,卖盘
1973,11:08:50,7.45,40235,54,卖盘
1974,11:08:53,7.45,65581,88,卖盘
1975,11:08:56,7.46,261502,351,买盘
1976,11:08:59,7.45,799653,1072,卖盘
1977,11:09:02,7.45,52903,71,卖盘
1978,11:09:05,7.46,137995,185,买盘
1979,11:09:08,7.45,148267,199,卖盘
1980,11:09:11,7.46,34316,46,买盘
1981,11:09:14,7.45,80460,108,卖盘
1982,11:09:17,7.45,48426,65,卖盘
1983,11:09:20,7.46,49179,66,买盘
1984,11:09:23,7.45,101328,136,卖盘
1985,11:09:26,7.46,795939,1067,买盘
1986,11:09:29,7.46,207235,278,买盘
1987,11:09:32,7.45,430405,577,卖盘
1988,11:09:35,7.46,43975,59,买盘
1989,11:09:38,7.46,242904,326,买盘
1990,11:09:41,7.46,1410773,1892,买盘
1991,11:09:44,7.46,94714,127,买盘
1992,11:09:47,7.45,165559,222,卖盘
1993,11:09:50,7.46,122263,164,买盘
1994,11:09:53,7.45,298746,401,卖盘
1995,11:09:56,7.45,398295,534,卖盘
1996,11:09:59,7.45,74511,100,卖盘
1997,11:10:02,7.46,181240,243,买盘
1998,11:10:05,7.45,35040,47,卖盘
1999,11:10:08,7.45,237128,318,卖盘
2000,11:10:11,7.45,136343,183,卖盘
2001,11:10:14,7.46,237790,319,买盘
2002,11:10:17,7.45,66358,89,卖盘
2003,11:10:20,7.45,311415,418,卖盘
2004,11:10:23,7.45,179026,240,卖盘
2005,11:10:26,7.45,154353,207,卖盘
2006,11:10:29,7.45,563235,756,卖盘
2007,11:10:32,7.46,45447,61,买盘
2008,11:10:35,7.46,319245,428,买盘
2009,11:10:38,7.45,209371,281,卖盘
2010,11:10:41,7.45,165456,222,卖盘
2011,11:10:44,7.45,134910,181,卖盘
2012,11:10:47,7.45,153490,206,卖盘
2013,11:10:50,7.45,225788,303,卖盘
2014,11:10:53,7.46,42520,57,买盘
2015,11:10:56,7.46,82758,111,买盘
2016,11:10:59,7.46,151245,203,买盘
2017,11:11:02,7.46,261070,350,买盘
2018,11:11:05,7.46,109593,147,买盘
2019,11:11:08,7.45,63344,85,卖盘
2020,11:11:11,7.45,84264,113,卖盘
2021,11:11:14,7.45,8204,11,卖盘
2022,11:11:17,7.46,807072,1082,买盘
2023,11:11:20,7.45,202866,272,卖盘
2024,11:11:23,7.45,216962,291,卖盘
2025,11:11:26,7.46,6899008,9248,买盘
2026,11:11:29,7.46,377475,506,买盘
2027,11:11:32,7.46,679606,911,中性盘
2028,11:11:35,7.46,455806,611,卖盘
2029,11:11:38,7.46,83627,112,卖盘
2030,11:11:41,7.46,73855,99,卖盘
2031,11:11:44,7.46,126820,170,卖盘
2032,11:11:47,7.46,49991,67,卖盘
2033,11:11:50,7.46,106680,143,卖盘
2034,11:11:53,7.46,95488,128,卖盘
2035,11:11:56,7.46,93250,125,卖盘
2036,11:11:59,7.46,123094,165,卖盘
2037,11:12:02,7.46,1950829,2615,卖盘
2038,11:12:05,7.46,249924,335,中性盘
2039,11:12:08,7.46,223807,300,卖盘
2040,11:12:11,7.46,551294,739,卖盘
2041,11:12:14,7.45,111133,149,卖盘
2042,11:12:17,7.46,463373,621,买盘
2043,11:12:20,7.46,25365,34,卖盘
2044,11:12:23,7.46,208880,280,卖盘
2045,11:12:26,7.46,11194,15,卖盘
2046,11:12:29,7.46,158298,212,卖盘
2047,11:12:32,7.46,208238,279,卖盘
2048,11:12:35,7.46,105186,141,卖盘
2049,11:12:38,7.46,14174,19,卖盘
2050,11:12:41,7.47,157407,211,买盘
2051,11:12:44,7.46,138010,185,卖盘
2052,11:12:47,7.47,18652,25,买盘
2053,11:12:50,7.46,113392,152,卖盘
2054,11:12:53,7.46,99218,133,卖盘
2055,11:12:56,7.46,29842,40,卖盘
2056,11:12:59,7.46,37300,50,卖盘
2057,11:13:02,7.46,254422,341,卖盘
2058,11:13:05,7.46,230514,309,卖盘
2059,11:13:08,7.46,63420,85,卖盘
2060,11:13:11,7.46,299164,401,卖盘
2061,11:13:14,7.46,92504,124,卖盘
2062,11:13:17,7.47,79884,107,买盘
2063,11:13:20,7.46,47031,63,卖盘
2064,11:13:23,7.46,108180,145,卖盘
2065,11:13:26,7.46,32079,43,卖盘
2066,11:13:29,7.46,111950,150,卖盘
2067,11:13:32,7.47,26858,36,买盘
2068,11:13:35,7.46,58952,79,卖盘
2069,11:13:38,7.46,99224,133,卖盘
2070,11:13:41,7.46,76099,102,卖盘
2071,11:13:44,7.46,23142,31,卖盘
2072,11:13:47,7.47,24621,33,买盘
2073,11:13:50,7.46,35808,48,卖盘
2074,11:13:53,7.46,2238,3,卖盘
2075,11:13:56,7.46,519972,697,卖盘
2076,11:13:59,7.46,98472,132,卖盘
2077,11:14:02,7.47,62669,84,买盘
2078,11:14:05,7.46,237228,318,卖盘
2079,11:14:08,7.46,3305546,4431,卖盘
2080,11:14:11,7.46,496797,666,卖盘
2081,11:14:14,7.46,102231,137,卖盘
2082,11:14:17,7.46,71637,96,卖盘
2083,11:14:20,7.46,15666,21,卖盘
2084,11:14:23,7.46,114986,154,卖盘
2085,11:14:26,7.46,91012,122,卖盘
2086,11:14:29,7.46,432359,580,卖盘
2087,11:14:32,7.46,131281,176,中性盘
2088,11:14:35,7.45,126796,170,卖盘
2089,11:14:38,7.45,86505,116,卖盘
2090,11:14:41,7.45,95482,128,卖盘
2091,11:14:44,7.46,57377,77,买盘
2092,11:14:47,7.45,136413,183,卖盘
2093,11:14:50,7.46,85031,114,买盘
2094,11:14:53,7.46,114811,154,买盘
2095,11:14:56,7.45,35790,48,卖盘
2096,11:14:59,7.46,7460,10,买盘
2097,11:15:02,7.46,82056,110,买盘
2098,11:15:05,7.45,125915,169,卖盘
2099,11:15:08,7.45,23856,32,卖盘
2100,11:15:11,7.45,159596,214,卖盘
2101,11:15:14,7.45,124441,167,卖盘
2102,11:15:17,7.46,93888,126,买盘
2103,11:15:20,7.45,41727,56,卖盘
2104,11:15:23,7.46,40991,55,买盘
2105,11:15:26,7.45,89454,120,卖盘
2106,11:15:29,7.46,353234,474,买盘
2107,11:15:32,7.45,98417,132,卖盘
2108,11:15:35,7.45,122237,164,卖盘
2109,11:15:38,7.45,140855,189,卖盘
2110,11:15:41,7.45,50660,68,卖盘
2111,11:15:44,7.45,243715,327,卖盘
2112,11:15:47,7.45,326348,438,卖盘
2113,11:15:50,7.45,73020,98,卖盘
2114,11:15:53,7.45,46945,63,卖盘
2115,11:15:56,7.46,35030,47,买盘
2116,11:15:59,7.45,149823,201,卖盘
2117,11:16:02,7.46,114106,153,买盘
2118,11:16:05,7.45,36533,49,卖盘
2119,11:16:08,7.45,26075,35,卖盘
2120,11:16:11,7.45,181855,244,卖盘
2121,11:16:14,7.45,28310,38,卖盘
2122,11:16:17,7.45,160927,216,卖盘
2123,11:16:20,7.46,95456,128,买盘
2124,11:16:23,7.46,258814,347,买盘
2125,11:16:26,7.46,57442,77,买盘
2126,11:16:29,7.45,120691,162,卖盘
2127,11:16:32,7.46,60381,81,买盘
2128,11:16:35,7.46,66355,89,买盘
2129,11:16:38,7.45,117724,158,卖盘
2130,11:16:41,7.45,319649,429,卖盘
2131,11:16:44,7.45,79004,106,卖盘
2132,11:16:47,7.45,40256,54,卖盘
2133,11:16:50,7.45,413136,554,卖盘
2134,11:16:53,7.45,110317,148,卖盘
2135,11:16:56,7.45,64835,87,卖盘
2136,11:16:59,7.45,5215,7,卖盘
2137,11:17:02,7.45,295340,396,卖盘
2138,11:17:05,7.45,31304,42,卖盘
2139,11:17:08,7.45,37261,50,卖盘
2140,11:17:11,7.46,11930,16,买盘
2141,11:17:14,7.45,305783,410,卖盘
2142,11:17:17,7.46,22354,30,买盘
2143,11:17:20,7.45,742359,996,卖盘
2144,11:17:23,7.45,30552,41,卖盘
2145,11:17:26,7.45,640718,860,卖盘
2146,11:17:29,7.45,116321,156,卖盘
2147,11:17:32,7.45,4470,6,卖盘
2148,11:17:35,7.46,96905,130,买盘
2149,11:17:38,7.45,96852,130,卖盘
2150,11:17:41,7.46,23104,31,买盘
2151,11:17:44,7.46,146908,197,买盘
2152,11:17:47,7.46,418271,561,买盘
2153,11:17:50,7.45,74534,100,卖盘
2154,11:17:53,7.45,95374,128,卖盘
2155,11:17:56,7.46,118555,159,买盘
2156,11:17:59,7.46,150493,202,买盘
2157,11:18:02,7.46,20865,28,买盘
2158,11:18:05,7.46,307927,413,买盘
2159,11:18:08,7.45,155739,209,卖盘
2160,11:18:11,7.45,105848,142,卖盘
2161,11:18:14,7.45,96908,130,卖盘
2162,11:18:17,7.45,105907,142,卖盘
2163,11:18:20,7.46,552255,741,买盘
2164,11:18:23,7.46,301355,404,买盘
2165,11:18:26,7.46,3803884,5099,买盘
2166,11:18:29,7.46,465091,623,买盘
2167,11:18:32,7.46,196198,263,卖盘
2168,11:18:35,7.46,579609,777,卖盘
2169,11:18:38,7.46,27622,37,卖盘
2170,11:18:41,7.46,211281,283,卖盘
2171,11:18:44,7.46,262592,352,卖盘
2172,11:18:47,7.46,22380,30,卖盘
2173,11:18:50,7.46,23872,32,卖盘
2174,11:18:53,7.46,90266,121,卖盘
2175,11:18:56,7.46,23126,31,卖盘
2176,11:18:59,7.46,48495,65,卖盘
2177,11:19:02,7.46,21634,29,卖盘
2178,11:19:05,7.46,58948,79,卖盘
2179,11:19:08,7.46,34316,46,卖盘
2180,11:19:11,7.46,467006,626,卖盘
2181,11:19:14,7.46,28348,38,卖盘
2182,11:19:17,7.47,170226,228,买盘
2183,11:19:20,7.46,78330,105,卖盘
2184,11:19:23,7.46,23872,32,卖盘
2185,11:19:26,7.46,129810,174,卖盘
2186,11:19:29,7.46,140248,188,卖盘
2187,11:19:32,7.46,39827,53,卖盘
2188,11:19:35,7.46,36560,49,卖盘
2189,11:19:38,7.46,22380,30,卖盘
2190,11:19:41,7.46,26115,35,卖盘
2191,11:19:44,7.46,90266,121,卖盘
2192,11:19:47,7.47,238947,320,买盘
2193,11:19:50,7.47,35083,47,买盘
2194,11:19:53,7.46,2985,4,卖盘
2195,11:19:56,7.46,40284,54,卖盘
2196,11:19:59,7.46,58945,79,卖盘
2197,11:20:02,7.47,13440,18,买盘
2198,11:20:05,7.46,355845,477,卖盘
2199,11:20:08,7.46,32825,44,卖盘
2200,11:20:11,7.46,20888,28,卖盘
2201,11:20:14,7.46,134380,180,卖盘
2202,11:20:17,7.47,75347,101,买盘
2203,11:20:20,7.46,38816,52,卖盘
2204,11:20:23,7.46,82107,110,卖盘
2205,11:20:26,7.46,45511,61,卖盘
2206,11:20:29,7.46,8206,11,卖盘
2207,11:20:32,7.46,171591,230,卖盘
2208,11:20:35,7.46,82071,110,卖盘
2209,11:20:38,7.46,97727,131,卖盘
2210,11:20:41,7.47,7407036,9929,买盘
2211,11:20:44,7.46,63411,85,卖盘
2212,11:20:47,7.46,88041,118,卖盘
2213,11:20:50,7.46,64912,87,卖盘
2214,11:20:53,7.47,37306,50,买盘
2215,11:20:56,7.47,70126,94,买盘
2216,11:20:59,7.46,82840,111,卖盘
2217,11:21:02,7.47,40285,54,买盘
2218,11:21:05,7.46,99968,134,卖盘
2219,11:21:08,7.46,32080,43,卖盘
2220,11:21:11,7.46,149231,200,卖盘
2221,11:21:14,7.46,82834,111,卖盘
2222,11:21:17,7.46,26110,35,卖盘
2223,11:21:20,7.46,17904,24,卖盘
2224,11:21:23,7.46,94742,127,卖盘
2225,11:21:26,7.46,61192,82,卖盘
2226,11:21:29,7.46,10451,14,卖盘
2227,11:21:32,7.46,51476,69,卖盘
2228,11:21:35,7.46,130550,175,卖盘
2229,11:21:38,7.46,45506,61,卖盘
2230,11:21:41,7.46,47779,64,卖盘
2231,11:21:44,7.46,95488,128,卖盘
2232,11:21:47,7.46,60426,81,卖盘
2233,11:21:50,7.46,57447,77,卖盘
2234,11:21:53,7.46,48542,65,卖盘
2235,11:21:56,7.46,67895,91,卖盘
2236,11:21:59,7.46,99223,133,卖盘
2237,11:22:02,7.46,12683,17,卖盘
2238,11:22:05,7.46,94742,127,卖盘
2239,11:22:08,7.46,37301,50,卖盘
2240,11:22:11,7.46,24618,33,卖盘
2241,11:22:14,7.46,67173,90,卖盘
2242,11:22:17,7.46,3802372,5097,卖盘
2243,11:22:20,7.47,1840532,2464,买盘
2244,11:22:23,7.46,28348,38,卖盘
2245,11:22:26,7.46,11203,15,卖盘
2246,11:22:29,7.46,99966,134,卖盘
2247,11:22:32,7.46,64161,86,卖盘
2248,11:22:35,7.46,85068,114,卖盘
2249,11:22:38,7.46,860893,1154,卖盘
2250,11:22:41,7.47,179947,241,买盘
2251,11:22:44,7.46,256178,343,卖盘
2252,11:22:47,7.46,50729,68,卖盘
2253,11:22:50,7.47,5969,8,买盘
2254,11:22:53,7.46,45506,61,卖盘
2255,11:22:56,7.46,23879,32,卖盘
2256,11:22:59,7.46,55214,74,卖盘
2257,11:23:02,7.46,32097,43,卖盘
2258,11:23:05,7.46,28357,38,卖盘
2259,11:23:08,7.47,139653,187,买盘
2260,11:23:11,7.46,32824,44,卖盘
2261,11:23:14,7.46,140248,188,卖盘
2262,11:23:17,7.47,99969,134,买盘
2263,11:23:20,7.46,89533,120,卖盘
2264,11:23:23,7.46,84298,113,卖盘
2265,11:23:26,7.46,55204,74,卖盘
2266,11:23:29,7.47,37317,50,买盘
2267,11:23:32,7.47,85051,114,买盘
2268,11:23:35,7.46,79076,106,卖盘
2269,11:23:38,7.46,81314,109,卖盘
2270,11:23:41,7.46,8206,11,卖盘
2271,11:23:44,7.47,138026,185,买盘
2272,11:23:47,7.46,84305,113,卖盘
2273,11:23:50,7.47,20165,27,买盘
2274,11:23:53,7.46,30586,41,卖盘
2275,11:23:56,7.46,38046,51,卖盘
2276,11:23:59,7.46,98472,132,卖盘
2277,11:24:02,7.46,94746,127,卖盘
2278,11:24:05,7.46,79076,106,卖盘
2279,11:24:08,7.46,61927,83,卖盘
2280,11:24:11,7.46,731080,980,卖盘
2281,11:24:14,7.46,1673996,2244,买盘
2282,11:24:17,7.46,607990,815,买盘
2283,11:24:20,7.46,126812,170,买盘
2284,11:24:23,7.46,332705,446,买盘
2285,11:24:26,7.46,649102,871,卖盘
2286,11:24:29,7.46,81314,109,买盘
2287,11:24:32,7.46,196893,264,买盘
2288,11:24:35,7.45,95457,128,卖盘
2289,11:24:38,7.46,169137,227,买盘
2290,11:24:41,7.45,11189,15,卖盘
2291,11:24:44,7.45,25361,34,卖盘
2292,11:24:47,7.45,26820,36,卖盘
2293,11:24:50,7.45,101390,136,卖盘
2294,11:24:53,7.45,159430,214,卖盘
2295,11:24:56,7.46,108775,146,买盘
2296,11:24:59,7.46,115578,155,买盘
2297,11:25:02,7.46,990905,1330,买盘
2298,11:25:05,7.46,39516,53,买盘
2299,11:25:08,7.45,64080,86,卖盘
2300,11:25:11,7.45,201329,270,卖盘
2301,11:25:14,7.45,44758,60,卖盘
2302,11:25:17,7.46,43235,58,买盘
2303,11:25:20,7.46,184914,248,买盘
2304,11:25:23,7.46,100681,135,买盘
2305,11:25:26,7.46,923087,1239,买盘
2306,11:25:29,7.45,34280,46,卖盘
2307,11:25:32,7.46,88667,119,买盘
2308,11:25:35,7.45,74500,100,卖盘
2309,11:25:38,7.45,151247,203,卖盘
2310,11:25:41,7.45,44750,60,卖盘
2311,11:25:44,7.46,81215,109,买盘
2312,11:25:47,7.45,270514,363,卖盘
2313,11:25:50,7.46,77581,104,买盘
2314,11:25:53,7.46,877621,1178,买盘
2315,11:25:56,7.45,36514,49,卖盘
2316,11:25:59,7.46,41030,55,买盘
2317,11:26:02,7.46,93144,125,买盘
2318,11:26:05,7.45,36531,49,卖盘
2319,11:26:08,7.45,48425,65,卖盘
2320,11:26:11,7.46,564748,758,买盘
2321,11:26:14,7.45,106540,143,卖盘
2322,11:26:17,7.46,214605,288,买盘
2323,11:26:20,7.46,52160,70,买盘
2324,11:26:23,7.45,1022905,1373,卖盘
2325,11:26:26,7.46,60348,81,买盘
2326,11:26:29,7.45,224245,301,卖盘
2327,11:26:32,7.45,34276,46,卖盘
2328,11:26:35,7.45,21618,29,卖盘
2329,11:26:38,7.45,46211,62,卖盘
2330,11:26:41,7.46,378466,508,买盘
2331,11:26:44,7.45,3725,5,卖盘
2332,11:26:47,7.45,74502,100,卖盘
2333,11:26:50,7.45,1051951,1412,卖盘
2334,11:26:53,7.46,140062,188,买盘
2335,11:26:56,7.45,227225,305,卖盘
2336,11:26:59,7.45,140181,188,卖盘
2337,11:27:02,7.45,68616,92,卖盘
2338,11:27:05,7.45,870914,1169,卖盘
2339,11:27:08,7.45,124460,167,卖盘
2340,11:27:11,7.45,693613,931,卖盘
2341,11:27:14,7.46,216058,290,买盘
2342,11:27:17,7.45,1092928,1467,卖盘
2343,11:27:20,7.45,247348,332,卖盘
2344,11:27:23,7.45,306947,412,卖盘
2345,11:27:26,7.45,91638,123,卖盘
2346,11:27:29,7.46,766661,1029,买盘
2347,11:27:32,7.45,51436,69,卖盘
2348,11:27:35,7.46,39538,53,买盘
2349,11:27:38,7.45,172145,231,卖盘
2350,11:27:41,7.45,412867,554,卖盘
2351,11:27:44,7.46,64151,86,买盘
2352,11:27:47,7.46,865695,1162,买盘
2353,11:27:50,7.45,202657,272,卖盘
2354,11:27:53,7.46,14907,20,买盘
2355,11:27:56,7.45,26823,36,卖盘
2356,11:27:59,7.45,82010,110,卖盘
2357,11:28:02,7.45,193700,260,卖盘
2358,11:28:05,7.46,202650,272,买盘
2359,11:28:08,7.45,32780,44,卖盘
2360,11:28:11,7.45,68586,92,卖盘
2361,11:28:14,7.46,73087,98,买盘
2362,11:28:17,7.46,137843,185,买盘
2363,11:28:20,7.46,967018,1298,买盘
2364,11:28:23,7.45,25344,34,卖盘
2365,11:28:26,7.45,257893,346,卖盘
2366,11:28:29,7.46,64831,87,买盘
2367,11:28:32,7.45,154964,208,卖盘
2368,11:28:35,7.45,312914,420,卖盘
2369,11:28:38,7.45,38740,52,卖盘
2370,11:28:41,7.46,170766,229,买盘
2371,11:28:44,7.45,106551,143,卖盘
2372,11:28:47,7.45,72302,97,卖盘
2373,11:28:50,7.46,522257,701,买盘
2374,11:28:53,7.45,1352975,1816,卖盘
2375,11:28:56,7.45,17888,24,卖盘
2376,11:28:59,7.45,17888,24,卖盘
2377,11:29:02,7.45,58114,78,卖盘
2378,11:29:05,7.45,20877,28,卖盘
2379,11:29:08,7.45,12677,17,卖盘
2380,11:29:11,7.45,52161,70,卖盘
2381,11:29:14,7.45,622836,836,卖盘
2382,11:29:17,7.45,46962,63,卖盘
2383,11:29:20,7.46,19390,26,买盘
2384,11:29:23,7.45,26828,36,卖盘
2385,11:29:26,7.45,38740,52,卖盘
2386,11:29:29,7.45,4747149,6372,卖盘
2387,11:29:32,7.46,106559,143,买盘
2388,11:29:35,7.45,280899,377,卖盘
2389,11:29:38,7.46,147576,198,买盘
2390,11:29:41,7.46,84937,114,买盘
2391,11:29:44,7.45,22350,30,卖盘
2392,11:29:47,7.46,1492,2,买盘
2393,11:29:50,7.46,5968,8,买盘
2394,11:29:53,7.45,10430,14,卖盘
2395,11:29:56,7.45,40249,54,卖盘
2396,11:29:59,7.45,75990,102,卖盘
2397,13:00:02,7.45,6812809,9144,卖盘
2398,13:00:05,7.45,5666989,7604,卖盘
2399,13:00:08,7.46,4387485,5886,买盘
2400,13:00:11,7.45,2936593,3941,卖盘
2401,13:00:14,7.45,120030,161,卖盘
2402,13:00:17,7.45,106615,143,卖盘
2403,13:00:20,7.45,73010,98,卖盘
2404,13:00:23,7.46,144693,194,买盘
2405,13:00:26,7.46,348720,468,买盘
2406,13:00:29,7.45,140060,188,卖盘
2407,13:00:32,7.45,2981,4,卖盘
2408,13:00:35,7.46,696582,935,买盘
2409,13:00:38,7.45,154215,207,卖盘
2410,13:00:41,7.45,462655,621,卖盘
2411,13:00:44,7.46,50674,68,买盘
2412,13:00:47,7.45,478356,642,卖盘
2413,13:00:50,7.46,243620,327,买盘
2414,13:00:53,7.46,190757,256,买盘
2415,13:00:56,7.45,113263,152,卖盘
2416,13:00:59,7.45,109657,147,卖盘
2417,13:01:02,7.45,359090,482,卖盘
2418,13:01:05,7.45,34295,46,卖盘
2419,13:01:08,7.46,276625,371,买盘
2420,13:01:11,7.46,85788,115,买盘
2421,13:01:14,7.45,241384,324,卖盘
2422,13:01:17,7.46,2444363,3281,买盘
2423,13:01:20,7.46,38763,52,买盘
2424,13:01:23,7.46,1382765,1856,买盘
2425,13:01:26,7.45,133390,179,卖盘
2426,13:01:29,7.45,651875,875,卖盘
2427,13:01:32,7.45,152081,204,卖盘
2428,13:01:35,7.45,41769,56,卖盘
2429,13:01:38,7.45,239890,322,卖盘
2430,13:01:41,7.46,441045,592,买盘
2431,13:01:44,7.46,23846,32,买盘
2432,13:01:47,7.46,263744,354,买盘
2433,13:01:50,7.46,4472,6,买盘
2434,13:01:53,7.45,10441,14,卖盘
2435,13:01:56,7.46,100624,135,买盘
2436,13:01:59,7.46,32061,43,买盘
2437,13:02:02,7.45,89465,120,卖盘
2438,13:02:05,7.46,52220,70,买盘
2439,13:02:08,7.45,203425,273,卖盘
2440,13:02:11,7.45,52922,71,卖盘
2441,13:02:14,7.46,46968,63,买盘
2442,13:02:17,7.46,112500,151,买盘
2443,13:02:20,7.46,1492,2,买盘
2444,13:02:23,7.45,92390,124,卖盘
2445,13:02:26,7.45,414965,557,卖盘
2446,13:02:29,7.45,108770,146,卖盘
2447,13:02:32,7.45,11180,15,卖盘
2448,13:02:35,7.45,135590,182,卖盘
2449,13:02:38,7.46,945415,1269,买盘
2450,13:02:41,7.46,356120,478,买盘
2451,13:02:44,7.45,2235,3,卖盘
2452,13:02:47,7.46,215449,289,买盘
2453,13:02:50,7.45,15645,21,卖盘
2454,13:02:53,7.45,382240,513,卖盘
2455,13:02:56,7.45,52170,70,卖盘
2456,13:02:59,7.46,91755,123,买盘
2457,13:03:02,7.45,331530,445,卖盘
2458,13:03:05,7.45,306941,412,卖盘
2459,13:03:08,7.45,18626,25,卖盘
2460,13:03:11,7.45,843350,1132,卖盘
2461,13:03:14,7.45,477545,641,卖盘
2462,13:03:17,7.45,788229,1058,卖盘
2463,13:03:20,7.45,453018,608,卖盘
2464,13:03:23,7.46,630251,845,买盘
2465,13:03:26,7.45,5216,7,卖盘
2466,13:03:29,7.45,484310,650,卖盘
2467,13:03:32,7.45,121460,163,卖盘
2468,13:03:35,7.45,31320,42,卖盘
2469,13:03:38,7.46,113996,153,买盘
2470,13:03:41,7.45,23102,31,卖盘
2471,13:03:44,7.45,54401,73,卖盘
2472,13:03:47,7.45,4470,6,卖盘
2473,13:03:50,7.46,141588,190,买盘
2474,13:03:53,7.46,107281,144,买盘
2475,13:03:56,7.45,292240,392,卖盘
2476,13:03:59,7.46,16405,22,买盘
2477,13:04:02,7.45,345007,463,卖盘
2478,13:04:05,7.45,124461,167,卖盘
2479,13:04:08,7.45,125926,169,卖盘
2480,13:04:11,7.45,143788,193,卖盘
2481,13:04:14,7.45,85676,115,卖盘
2482,13:04:17,7.46,255570,343,买盘
2483,13:04:20,7.45,671255,901,卖盘
2484,13:04:23,7.45,14902,20,卖盘
2485,13:04:26,7.45,90890,122,卖盘
2486,13:04:29,7.46,422483,567,买盘
2487,13:04:32,7.45,49170,66,卖盘
2488,13:04:35,7.45,206391,277,卖盘
2489,13:04:38,7.45,14159,19,卖盘
2490,13:04:41,7.45,15659,21,卖盘
2491,13:04:44,7.46,102119,137,买盘
2492,13:04:47,7.46,203521,273,买盘
2493,13:04:50,7.46,228072,306,买盘
2494,13:04:53,7.45,26075,35,卖盘
2495,13:04:56,7.45,140078,188,卖盘
2496,13:04:59,7.45,62621,84,卖盘
2497,13:05:02,7.45,107280,144,卖盘
2498,13:05:05,7.45,684671,919,卖盘
2499,13:05:08,7.45,49194,66,卖盘
2500,13:05:11,7.46,21606,29,买盘
2501,13:05:14,7.45,280139,376,卖盘
2502,13:05:17,7.45,83447,112,卖盘
2503,13:05:20,7.45,105050,141,卖盘
2504,13:05:23,7.46,812255,1089,买盘
2505,13:05:26,7.46,339733,456,买盘
2506,13:05:29,7.45,403100,541,卖盘
2507,13:05:32,7.45,175820,236,卖盘
2508,13:05:35,7.45,3118572,4186,卖盘
2509,13:05:38,7.45,417201,560,卖盘
2510,13:05:41,7.45,919429,1234,卖盘
2511,13:05:44,7.46,118470,159,买盘
2512,13:05:47,7.45,462646,621,卖盘
2513,13:05:50,7.45,117712,158,卖盘
2514,13:05:53,7.45,1253845,1683,卖盘
2515,13:05:56,7.45,116965,157,卖盘
2516,13:05:59,7.46,327172,439,买盘
2517,13:06:02,7.45,144530,194,卖盘
2518,13:06:05,7.45,506617,680,卖盘
2519,13:06:08,7.46,35020,47,买盘
2520,13:06:11,7.46,1003217,1345,买盘
2521,13:06:14,7.46,303492,407,买盘
2522,13:06:17,7.46,956757,1284,买盘
2523,13:06:20,7.46,1184073,1589,买盘
2524,13:06:23,7.46,370727,497,买盘
2525,13:06:26,7.46,352511,473,买盘
2526,13:06:29,7.46,209552,281,买盘
2527,13:06:32,7.45,226502,304,卖盘
2528,13:06:35,7.45,162471,218,卖盘
2529,13:06:38,7.45,41720,56,卖盘
2530,13:06:41,7.46,85740,115,买盘
2531,13:06:44,7.45,175200,235,卖盘
2532,13:06:47,7.46,771161,1035,买盘
2533,13:06:50,7.46,220565,296,买盘
2534,13:06:53,7.46,329358,442,买盘
2535,13:06:56,7.46,592551,795,买盘
2536,13:06:59,7.45,56665,76,卖盘
2537,13:07:02,7.45,594610,798,卖盘
2538,13:07:05,7.46,308443,414,买盘
2539,13:07:08,7.46,253369,340,买盘
2540,13:07:11,7.46,501467,673,买盘
2541,13:07:14,7.45,293893,394,卖盘
2542,13:07:17,7.46,361389,485,买盘
2543,13:07:20,7.45,82023,110,卖盘
2544,13:07:23,7.45,278687,374,卖盘
2545,13:07:26,7.46,44011,59,买盘
2546,13:07:29,7.45,180290,242,卖盘
2547,13:07:32,7.45,213080,286,卖盘
2548,13:07:35,7.45,116222,156,卖盘
2549,13:07:38,7.45,204875,275,卖盘
2550,13:07:41,7.45,182537,245,卖盘
2551,13:07:44,7.45,441970,593,卖盘
2552,13:07:47,7.45,173616,233,卖盘
2553,13:07:50,7.45,327155,439,卖盘
2554,13:07:53,7.45,226519,304,卖盘
2555,13:07:56,7.45,130404,175,卖盘
2556,13:07:59,7.45,98340,132,卖盘
2557,13:08:02,7.45,299504,402,卖盘
2558,13:08:05,7.45,25157612,33769,卖盘
2559,13:08:08,7.44,648641,871,卖盘
2560,13:08:11,7.44,618969,831,卖盘
2561,13:08:14,7.45,572000,768,买盘
2562,13:08:17,7.44,3423979,4602,卖盘
2563,13:08:20,7.45,281496,378,买盘
2564,13:08:23,7.45,3649344,4905,买盘
2565,13:08:26,7.45,210710,283,买盘
2566,13:08:29,7.45,131005,176,买盘
2567,13:08:32,7.44,139139,187,卖盘
2568,13:08:35,7.44,151805,204,卖盘
2569,13:08:38,7.45,74409,100,买盘
2570,13:08:41,7.45,40973,55,买盘
2571,13:08:44,7.45,252283,339,买盘
2572,13:08:47,7.44,226936,305,卖盘
2573,13:08:50,7.44,255355,343,卖盘
2574,13:08:53,7.44,162259,218,卖盘
2575,13:08:56,7.45,65485,88,买盘
2576,13:08:59,7.44,212083,285,卖盘
2577,13:09:02,7.44,485089,652,卖盘
2578,13:09:05,7.44,173424,233,卖盘
2579,13:09:08,7.44,261888,352,卖盘
2580,13:09:11,7.45,322921,434,买盘
2581,13:09:14,7.44,212789,286,卖盘
2582,13:09:17,7.45,89306,120,买盘
2583,13:09:20,7.44,215018,289,卖盘
2584,13:09:23,7.44,203119,273,卖盘
2585,13:09:26,7.44,26057,35,卖盘
2586,13:09:29,7.44,1806596,2428,卖盘
2587,13:09:32,7.44,205470,276,卖盘
2588,13:09:35,7.45,169724,228,买盘
2589,13:09:38,7.44,142114,191,卖盘
2590,13:09:41,7.45,665890,895,买盘
2591,13:09:44,7.44,191240,257,卖盘
2592,13:09:47,7.44,396564,533,卖盘
2593,13:09:50,7.44,159245,214,卖盘
2594,13:09:53,7.44,167404,225,卖盘
2595,13:09:56,7.44,299264,402,卖盘
2596,13:09:59,7.44,113119,152,卖盘
2597,13:10:02,7.44,306624,412,卖盘
2598,13:10:05,7.44,322174,433,卖盘
2599,13:10:08,7.44,43159,58,卖盘
2600,13:10:11,7.44,399550,537,卖盘
2601,13:10:14,7.44,4375502,5881,卖盘
2602,13:10:17,7.44,16147779,21704,卖盘
2603,13:10:20,7.44,2596895,3490,卖盘
2604,13:10:23,7.44,2940803,3953,卖盘
2605,13:10:26,7.44,3129849,4208,买盘
2606,13:10:29,7.44,1007399,1354,卖盘
2607,13:10:32,7.45,369027,496,买盘
2608,13:10:35,7.44,2333184,3136,卖盘
2609,13:10:38,7.44,249259,335,卖盘
2610,13:10:41,7.44,1043832,1403,卖盘
2611,13:10:44,7.44,95210,128,买盘
2612,13:10:47,7.44,626433,842,买盘
2613,13:10:50,7.44,697105,937,卖盘
2614,13:10:53,7.44,505919,680,买盘
2615,13:10:56,7.44,150287,202,买盘
2616,13:10:59,7.44,409695,551,卖盘
2617,13:11:02,7.43,179301,241,卖盘
2618,13:11:05,7.44,780397,1049,买盘
2619,13:11:08,7.45,447585,602,买盘
2620,13:11:11,7.44,220996,297,卖盘
2621,13:11:14,7.44,188232,253,卖盘
2622,13:11:17,7.44,231384,311,卖盘
2623,13:11:20,7.45,1566216,2107,买盘
2624,13:11:23,7.44,688200,925,卖盘
2625,13:11:26,7.44,802776,1079,卖盘
2626,13:11:29,7.45,221714,298,买盘
2627,13:11:32,7.44,338547,455,卖盘
2628,13:11:35,7.44,274636,369,卖盘
2629,13:11:38,7.44,204608,275,卖盘
2630,13:11:41,7.44,18602,25,卖盘
2631,13:11:44,7.44,136152,183,卖盘
2632,13:11:47,7.45,181542,244,买盘
2633,13:11:50,7.44,29020,39,卖盘
2634,13:11:53,7.44,361040,485,卖盘
2635,13:11:56,7.44,448763,603,卖盘
2636,13:11:59,7.45,531241,714,买盘
2637,13:12:02,7.44,212903,286,卖盘
2638,13:12:05,7.45,310266,417,买盘
2639,13:12:08,7.44,2976,4,卖盘
2640,13:12:11,7.44,805930,1083,卖盘
2641,13:12:14,7.44,17117,23,卖盘
2642,13:12:17,7.44,347582,467,卖盘
2643,13:12:20,7.45,296236,398,买盘
2644,13:12:23,7.44,143601,193,卖盘
2645,13:12:26,7.44,50593,68,卖盘
2646,13:12:29,7.44,247846,333,卖盘
2647,13:12:32,7.44,204657,275,卖盘
2648,13:12:35,7.45,204801,275,买盘
2649,13:12:38,7.44,171864,231,卖盘
2650,13:12:41,7.44,171125,230,卖盘
2651,13:12:44,7.44,164425,221,卖盘
2652,13:12:47,7.44,177816,239,卖盘
2653,13:12:50,7.44,479217,644,卖盘
2654,13:12:53,7.44,44640,60,卖盘
2655,13:12:56,7.45,247011,332,买盘
2656,13:12:59,7.44,29787,40,卖盘
2657,13:13:02,7.44,67704,91,卖盘
2658,13:13:05,7.44,110866,149,卖盘
2659,13:13:08,7.44,241800,325,卖盘
2660,13:13:11,7.45,90770,122,买盘
2661,13:13:14,7.45,140627,189,买盘
2662,13:13:17,7.44,238111,320,卖盘
2663,13:13:20,7.44,208320,280,卖盘
2664,13:13:23,7.44,244082,328,卖盘
2665,13:13:26,7.44,46180,62,卖盘
2666,13:13:29,7.44,1017795,1368,卖盘
2667,13:13:32,7.44,127970,172,卖盘
2668,13:13:35,7.45,29026,39,买盘
2669,13:13:38,7.44,74401,100,卖盘
2670,13:13:41,7.44,107890,145,卖盘
2671,13:13:44,7.45,26785,36,买盘
2672,13:13:47,7.44,51336,69,卖盘
2673,13:13:50,7.44,81123,109,卖盘
2674,13:13:53,7.44,51354,69,卖盘
2675,13:13:56,7.44,55800,75,卖盘
2676,13:13:59,7.44,232348,312,卖盘
2677,13:14:02,7.44,96794,130,卖盘
2678,13:14:05,7.44,81100,109,卖盘
2679,13:14:08,7.44,166028,223,卖盘
2680,13:14:11,7.45,3827163,5144,买盘
2681,13:14:14,7.44,218755,294,卖盘
2682,13:14:17,7.45,101195,136,买盘
2683,13:14:20,7.44,75893,102,卖盘
2684,13:14:23,7.44,90778,122,卖盘
2685,13:14:26,7.44,191243,257,卖盘
2686,13:14:29,7.44,1488,2,卖盘
2687,13:14:32,7.44,88546,119,卖盘
2688,13:14:35,7.44,166657,224,卖盘
2689,13:14:38,7.44,1732032,2328,卖盘
2690,13:14:41,7.45,453841,610,买盘
2691,13:14:44,7.44,1087738,1462,卖盘
2692,13:14:47,7.44,918103,1234,卖盘
2693,13:14:50,7.44,202376,272,卖盘
2694,13:14:53,7.44,142858,192,卖盘
2695,13:14:56,7.44,131754,177,卖盘
2696,13:14:59,7.44,58776,79,卖盘
2697,13:15:02,7.44,87792,118,卖盘
2698,13:15:05,7.44,489611,658,卖盘
2699,13:15:08,7.45,126496,170,买盘
2700,13:15:11,7.44,282720,380,卖盘
2701,13:15:14,7.44,699860,940,卖盘
2702,13:15:17,7.45,49123,66,买盘
2703,13:15:20,7.44,127968,172,卖盘
2704,13:15:23,7.44,218739,294,卖盘
2705,13:15:26,7.44,469484,631,卖盘
2706,13:15:29,7.45,335582,451,买盘
2707,13:15:32,7.44,3021386,4061,卖盘
2708,13:15:35,7.44,19344,26,卖盘
2709,13:15:38,7.44,90776,122,卖盘
2710,13:15:41,7.44,17869,24,卖盘
2711,13:15:44,7.44,277562,373,卖盘
2712,13:15:47,7.44,104904,141,卖盘
2713,13:15:50,7.44,22327,30,卖盘
2714,13:15:53,7.44,40181,54,卖盘
2715,13:15:56,7.44,197160,265,卖盘
2716,13:15:59,7.44,74410,100,卖盘
2717,13:16:02,7.44,366049,492,卖盘
2718,13:16:05,7.45,86317,116,买盘
2719,13:16:08,7.44,194250,261,卖盘
2720,13:16:11,7.45,137642,185,买盘
2721,13:16:14,7.44,272304,366,卖盘
2722,13:16:17,7.44,117592,158,卖盘
2723,13:16:20,7.44,37949,51,卖盘
2724,13:16:23,7.45,69940,94,买盘
2725,13:16:26,7.44,83339,112,卖盘
2726,13:16:29,7.45,43904,59,买盘
2727,13:16:32,7.44,119784,161,卖盘
2728,13:16:35,7.45,8935,12,买盘
2729,13:16:38,7.44,90024,121,卖盘
2730,13:16:41,7.44,62496,84,卖盘
2731,13:16:44,7.44,96727,130,卖盘
2732,13:16:47,7.44,135411,182,卖盘
2733,13:16:50,7.45,150304,202,买盘
2734,13:16:53,7.44,1488,2,卖盘
2735,13:16:56,7.44,99005,133,卖盘
2736,13:16:59,7.45,64729,87,买盘
2737,13:17:02,7.44,23064,31,卖盘
2738,13:17:05,7.45,34246,46,买盘
2739,13:17:08,7.44,117575,158,卖盘
2740,13:17:11,7.45,22330,30,买盘
2741,13:17:14,7.44,82589,111,卖盘
2742,13:17:17,7.45,116084,156,买盘
2743,13:17:20,7.44,26040,35,卖盘
2744,13:17:23,7.44,24562,33,卖盘
2745,13:17:26,7.44,190490,256,卖盘
2746,13:17:29,7.44,40920,55,卖盘
2747,13:17:32,7.44,26047,35,卖盘
2748,13:17:35,7.45,163037,219,买盘
2749,13:17:38,7.44,32747,44,卖盘
2750,13:17:41,7.45,92303,124,买盘
2751,13:17:44,7.44,65478,88,卖盘
2752,13:17:47,7.45,62540,84,买盘
2753,13:17:50,7.44,26040,35,卖盘
2754,13:17:53,7.44,73656,99,卖盘
2755,13:17:56,7.45,55804,75,买盘
2756,13:17:59,7.45,49903,67,买盘
2757,13:18:02,7.44,155504,209,卖盘
2758,13:18:05,7.44,11906,16,卖盘
2759,13:18:08,7.44,469464,631,卖盘
2760,13:18:11,7.44,1160644,1560,卖盘
2761,13:18:14,7.44,176358,237,卖盘
2762,13:18:17,7.44,47621,64,卖盘
2763,13:18:20,7.45,104939,141,买盘
2764,13:18:23,7.45,229182,308,买盘
2765,13:18:26,7.45,58793,79,买盘
2766,13:18:29,7.44,139148,187,卖盘
2767,13:18:32,7.44,122074,164,卖盘
2768,13:18:35,7.44,108624,146,卖盘
2769,13:18:38,7.45,212136,285,买盘
2770,13:18:41,7.45,32764,44,买盘
2771,13:18:44,7.45,34226,46,买盘
2772,13:18:47,7.45,77381,104,买盘
2773,13:18:50,7.44,362332,487,卖盘
2774,13:18:53,7.44,27528,37,卖盘
2775,13:18:56,7.45,72182,97,买盘
2776,13:18:59,7.45,19355,26,买盘
2777,13:19:02,7.44,252960,340,卖盘
2778,13:19:05,7.45,58777,79,买盘
2779,13:19:08,7.45,7809050,10482,买盘
2780,13:19:11,7.44,2115465,2843,卖盘
2781,13:19:14,7.45,146621,197,买盘
2782,13:19:17,7.45,44690,60,买盘
2783,13:19:20,7.45,91576,123,买盘
2784,13:19:23,7.44,227664,306,卖盘
2785,13:19:26,7.44,22322,30,卖盘
2786,13:19:29,7.44,55104,74,卖盘
2787,13:19:32,7.44,270816,364,卖盘
2788,13:19:35,7.44,127234,171,卖盘
2789,13:19:38,7.44,17112,23,卖盘
2790,13:19:41,7.44,84822,114,卖盘
2791,13:19:44,7.45,64023,86,买盘
2792,13:19:47,7.44,798453,1072,卖盘
2793,13:19:50,7.44,335072,450,卖盘
2794,13:19:53,7.45,142972,192,买盘
2795,13:19:56,7.44,2232,3,卖盘
2796,13:19:59,7.45,331098,445,买盘
2797,13:20:02,7.44,45404,61,卖盘
2798,13:20:05,7.45,15631,21,买盘
2799,13:20:08,7.45,340829,458,买盘
2800,13:20:11,7.45,69946,94,买盘
2801,13:20:14,7.44,35715,48,卖盘
2802,13:20:17,7.45,68460,92,买盘
2803,13:20:20,7.44,5504010,7388,卖盘
2804,13:20:23,7.45,1343913,1804,买盘
2805,13:20:26,7.45,648046,870,买盘
2806,13:20:29,7.45,255535,343,买盘
2807,13:20:32,7.44,652618,876,卖盘
2808,13:20:35,7.44,311335,418,卖盘
2809,13:20:38,7.45,407005,547,买盘
2810,13:20:41,7.44,12650,17,卖盘
2811,13:20:44,7.45,93761,126,买盘
2812,13:20:47,7.45,186819,251,买盘
2813,13:20:50,7.45,64004,86,买盘
2814,13:20:53,7.44,192770,259,卖盘
2815,13:20:59,7.45,1490,2,买盘
2816,13:21:02,7.44,175584,236,卖盘
2817,13:21:05,7.44,247023,332,卖盘
2818,13:21:08,7.45,86372,116,买盘
2819,13:21:11,7.44,111614,150,卖盘
2820,13:21:14,7.44,23088,31,卖盘
2821,13:21:17,7.44,20835,28,卖盘
2822,13:21:20,7.44,72914,98,卖盘
2823,13:21:23,7.44,432761,581,卖盘
2824,13:21:26,7.44,156240,210,卖盘
2825,13:21:29,7.44,175585,236,卖盘
2826,13:21:32,7.44,43153,58,卖盘
2827,13:21:35,7.45,145081,195,买盘
2828,13:21:38,7.44,431281,579,卖盘
2829,13:21:41,7.44,29016,39,卖盘
2830,13:21:44,7.45,123526,166,买盘
2831,13:21:47,7.45,462080,621,买盘
2832,13:21:50,7.44,43152,58,卖盘
2833,13:21:53,7.45,23815,32,买盘
2834,13:21:56,7.45,95242,128,买盘
2835,13:21:59,7.45,29780,40,买盘
2836,13:22:02,7.44,87808,118,卖盘
2837,13:22:05,7.45,1258165,1689,买盘
2838,13:22:08,7.45,52847,71,买盘
2839,13:22:11,7.44,177285,238,卖盘
2840,13:22:14,7.44,69192,93,卖盘
2841,13:22:17,7.44,6696,9,卖盘
2842,13:22:20,7.44,51346,69,卖盘
2843,13:22:23,7.45,60268,81,买盘
2844,13:22:26,7.44,29770,40,卖盘
2845,13:22:29,7.44,31997,43,卖盘
2846,13:22:32,7.44,110878,149,卖盘
2847,13:22:35,7.44,64748,87,卖盘
2848,13:22:38,7.44,61008,82,卖盘
2849,13:22:41,7.44,126480,170,卖盘
2850,13:22:44,7.44,46143,62,卖盘
2851,13:22:47,7.44,43896,59,卖盘
2852,13:22:50,7.44,119043,160,卖盘
2853,13:22:53,7.44,60268,81,卖盘
2854,13:22:56,7.45,89348,120,买盘
2855,13:22:59,7.44,58032,78,卖盘
2856,13:23:02,7.44,37954,51,卖盘
2857,13:23:05,7.44,45385,61,卖盘
2858,13:23:08,7.45,326752,439,买盘
2859,13:23:11,7.44,142868,192,卖盘
2860,13:23:14,7.44,24575,33,卖盘
2861,13:23:17,7.44,133931,180,卖盘
2862,13:23:20,7.44,14136,19,卖盘
2863,13:23:23,7.44,168968,227,卖盘
2864,13:23:26,7.44,67712,91,卖盘
2865,13:23:29,7.44,30507,41,卖盘
2866,13:23:32,7.44,2232,3,卖盘
2867,13:23:35,7.44,72168,97,卖盘
2868,13:23:38,7.44,31251,42,卖盘
2869,13:23:41,7.44,87058,117,卖盘
2870,13:23:44,7.44,175613,236,卖盘
2871,13:23:47,7.45,5232121,7023,买盘
2872,13:23:50,7.45,287335,386,买盘
2873,13:23:53,7.45,4648697,6240,买盘
2874,13:23:56,7.45,106522,143,买盘
2875,13:23:59,7.44,57317,77,卖盘
2876,13:24:02,7.44,978090,1313,卖盘
2877,13:24:05,7.45,36482,49,买盘
2878,13:24:08,7.45,294753,396,买盘
2879,13:24:11,7.45,104205,140,买盘
2880,13:24:14,7.45,42442,57,买盘
2881,13:24:17,7.45,65512,88,买盘
2882,13:24:20,7.45,61766,83,买盘
2883,13:24:23,7.44,152724,205,卖盘
2884,13:24:26,7.44,69972,94,卖盘
2885,13:24:29,7.45,90793,122,买盘
2886,13:24:32,7.44,39455,53,卖盘
2887,13:24:35,7.45,4469,6,买盘
2888,13:24:38,7.44,161492,217,卖盘
2889,13:24:41,7.45,5215,7,买盘
2890,13:24:44,7.45,50660,68,买盘
2891,13:24:47,7.44,75158,101,卖盘
2892,13:24:50,7.44,46877,63,卖盘
2893,13:24:53,7.44,9680,13,卖盘
2894,13:24:56,7.44,72912,98,卖盘
2895,13:24:59,7.45,26055,35,买盘
2896,13:25:02,7.45,125880,169,买盘
2897,13:25:05,7.44,214478,288,卖盘
2898,13:25:08,7.44,75154,101,卖盘
2899,13:25:11,7.45,35720,48,买盘
2900,13:25:14,7.45,106441,143,买盘
2901,13:25:17,7.45,53591,72,买盘
2902,13:25:20,7.45,424830,571,买盘
2903,13:25:23,7.45,96773,130,买盘
2904,13:25:26,7.45,179496,241,买盘
2905,13:25:29,7.44,346773,466,卖盘
2906,13:25:32,7.44,182280,245,卖盘
2907,13:25:35,7.44,75149,101,卖盘
2908,13:25:38,7.45,25330,34,买盘
2909,13:25:41,7.44,121274,163,卖盘
2910,13:25:44,7.45,39442,53,买盘
2911,13:25:47,7.45,18601,25,买盘
2912,13:25:50,7.45,101955,137,买盘
2913,13:25:53,7.44,9672,13,卖盘
2914,13:25:56,7.44,6700,9,卖盘
2915,13:25:59,7.45,864589,1161,买盘
2916,13:26:02,7.44,34984,47,卖盘
2917,13:26:05,7.45,81205,109,买盘
2918,13:26:08,7.44,250189,336,卖盘
2919,13:26:11,7.44,31260,42,卖盘
2920,13:26:14,7.44,19344,26,卖盘
2921,13:26:17,7.44,126483,170,卖盘
2922,13:26:23,7.44,117577,158,卖盘
2923,13:26:26,7.45,92257,124,买盘
2924,13:26:29,7.45,130365,175,买盘
2925,13:26:32,7.44,61008,82,卖盘
2926,13:26:35,7.45,1744042,2344,买盘
2927,13:26:38,7.45,65493,88,买盘
2928,13:26:41,7.45,69193,93,买盘
2929,13:26:44,7.45,116895,157,买盘
2930,13:26:47,7.44,22331,30,卖盘
2931,13:26:50,7.44,946449,1272,卖盘
2932,13:26:53,7.45,334816,450,买盘
2933,13:26:56,7.45,108703,146,买盘
2934,13:26:59,7.44,42408,57,卖盘
2935,13:27:02,7.44,430778,579,卖盘
2936,13:27:05,7.44,22336,30,卖盘
2937,13:27:08,7.44,76637,103,卖盘
2938,13:27:11,7.44,164424,221,卖盘
2939,13:27:14,7.44,185256,249,卖盘
2940,13:27:17,7.45,221764,298,买盘
2941,13:27:20,7.44,338521,455,卖盘
2942,13:27:23,7.45,104202,140,买盘
2943,13:27:26,7.45,2986698,4009,买盘
2944,13:27:29,7.45,134773,181,买盘
2945,13:27:32,7.45,42428,57,买盘
2946,13:27:35,7.45,97533,131,买盘
2947,13:27:38,7.44,69940,94,卖盘
2948,13:27:41,7.44,17122,23,卖盘
2949,13:27:44,7.45,55130,74,买盘
2950,13:27:47,7.44,98952,133,卖盘
2951,13:27:50,7.45,3725,5,买盘
2952,13:27:53,7.44,57343,77,卖盘
2953,13:27:56,7.44,84816,114,卖盘
2954,13:27:59,7.45,85624,115,买盘
2955,13:28:02,7.44,112359,151,卖盘
2956,13:28:05,7.45,73684,99,买盘
2957,13:28:08,7.44,21583,29,卖盘
2958,13:28:11,7.45,37250,50,买盘
2959,13:28:14,7.44,197194,265,卖盘
2960,13:28:17,7.45,58821,79,买盘
2961,13:28:20,7.44,116090,156,卖盘
2962,13:28:23,7.45,59525,80,买盘
2963,13:28:26,7.45,32035,43,买盘
2964,13:28:29,7.45,29777,40,买盘
2965,13:28:32,7.44,69192,93,卖盘
2966,13:28:35,7.44,22320,30,卖盘
2967,13:28:38,7.45,74411,100,买盘
2968,13:28:41,7.44,156984,211,卖盘
2969,13:28:44,7.44,133927,180,卖盘
2970,13:28:47,7.44,96779,130,卖盘
2971,13:28:50,7.45,142953,192,买盘
2972,13:28:53,7.44,21577,29,卖盘
2973,13:28:56,7.45,89290,120,买盘
2974,13:28:59,7.45,113891,153,买盘
2975,13:29:02,7.44,36456,49,卖盘
2976,13:29:05,7.45,54370,73,买盘
2977,13:29:08,7.44,143630,193,卖盘
2978,13:29:11,7.44,17112,23,卖盘
2979,13:29:14,7.44,40193,54,卖盘
2980,13:29:17,7.44,703094,945,卖盘
2981,13:29:20,7.44,293890,395,卖盘
2982,13:29:23,7.44,52092,70,卖盘
2983,13:29:26,7.45,123538,166,买盘
2984,13:29:29,7.45,18620,25,买盘
2985,13:29:32,7.44,35718,48,卖盘
2986,13:29:35,7.45,104927,141,买盘
2987,13:29:38,7.44,250217,336,卖盘
2988,13:29:41,7.45,226184,304,买盘
2989,13:29:44,7.45,69939,94,买盘
2990,13:29:47,7.44,30542,41,卖盘
2991,13:29:50,7.44,84828,114,卖盘
2992,13:29:53,7.45,280537,377,买盘
2993,13:29:56,7.45,43157,58,买盘
2994,13:29:59,7.45,29800,40,买盘
2995,13:30:02,7.44,179325,241,卖盘
2996,13:30:05,7.45,46130,62,买盘
2997,13:30:08,7.45,5953,8,买盘
2998,13:30:11,7.44,72170,97,卖盘
2999,13:30:14,7.44,51336,69,卖盘
3000,13:30:17,7.45,403317,542,买盘
3001,13:30:20,7.44,145920,196,卖盘
3002,13:30:23,7.44,116910,157,卖盘
3003,13:30:26,7.44,74400,100,卖盘
3004,13:30:29,7.44,151046,203,卖盘
3005,13:30:32,7.44,70690,95,卖盘
3006,13:30:35,7.44,57312,77,卖盘
3007,13:30:38,7.45,60266,81,买盘
3008,13:30:41,7.44,80372,108,卖盘
3009,13:30:44,7.44,205346,276,卖盘
3010,13:30:47,7.45,353414,475,买盘
3011,13:30:50,7.45,113865,153,买盘
3012,13:30:53,7.44,14887,20,卖盘
3013,13:30:56,7.45,70693,95,买盘
3014,13:30:59,7.44,37200,50,卖盘
3015,13:31:02,7.44,382422,514,卖盘
3016,13:31:05,7.44,158472,213,卖盘
3017,13:31:08,7.45,84818,114,买盘
3018,13:31:11,7.45,46158,62,买盘
3019,13:31:14,7.45,79640,107,买盘
3020,13:31:17,7.44,550568,740,卖盘
3021,13:31:20,7.44,714295,960,卖盘
3022,13:31:23,7.44,1008120,1355,卖盘
3023,13:31:26,7.44,308764,415,卖盘
3024,13:31:29,7.44,709776,954,卖盘
3025,13:31:32,7.44,88544,119,卖盘
3026,13:31:35,7.45,512274,688,买盘
3027,13:31:38,7.45,181550,244,买盘
3028,13:31:41,7.44,72171,97,卖盘
3029,13:31:44,7.44,270869,364,卖盘
3030,13:31:47,7.44,22340,30,卖盘
3031,13:31:50,7.44,119787,161,卖盘
3032,13:31:53,7.45,116873,157,买盘
3033,13:31:56,7.44,9672,13,卖盘
3034,13:31:59,7.45,70706,95,买盘
3035,13:32:02,7.44,34988,47,卖盘
3036,13:32:05,7.45,104914,141,买盘
3037,13:32:08,7.45,108626,146,买盘
3038,13:32:11,7.45,161504,217,买盘
3039,13:32:14,7.44,95280,128,卖盘
3040,13:32:17,7.44,463515,623,卖盘
3041,13:32:20,7.44,334800,450,卖盘
3042,13:32:23,7.44,282738,380,卖盘
3043,13:32:26,7.45,316949,426,买盘
3044,13:32:29,7.45,35015,47,买盘
3045,13:32:32,7.44,164619,221,卖盘
3046,13:32:35,7.45,134745,181,买盘
3047,13:32:38,7.45,745,1,买盘
3048,13:32:41,7.45,8186,11,买盘
3049,13:32:44,7.45,1206765,1620,买盘
3050,13:32:47,7.45,280500,377,买盘
3051,13:32:50,7.44,128001,172,卖盘
3052,13:32:53,7.45,158565,213,买盘
3053,13:32:56,7.45,80452,108,买盘
3054,13:32:59,7.45,52850,71,买盘
3055,13:33:02,7.44,125036,168,卖盘
3056,13:33:05,7.44,247752,333,卖盘
3057,13:33:08,7.44,66962,90,卖盘
3058,13:33:11,7.44,376466,506,卖盘
3059,13:33:14,7.45,50639,68,买盘
3060,13:33:17,7.45,279778,376,买盘
3061,13:33:20,7.44,403248,542,卖盘
3062,13:33:23,7.45,374252,503,买盘
3063,13:33:26,7.44,117575,158,卖盘
3064,13:33:29,7.45,327599,440,买盘
3065,13:33:32,7.44,427830,575,卖盘
3066,13:33:35,7.44,26040,35,卖盘
3067,13:33:38,7.44,299848,403,卖盘
3068,13:33:41,7.44,196421,264,卖盘
3069,13:33:44,7.45,219575,295,买盘
3070,13:33:47,7.45,188261,253,买盘
3071,13:33:50,7.44,744,1,卖盘
3072,13:33:53,7.44,69238,93,卖盘
3073,13:33:56,7.45,146689,197,买盘
3074,13:33:59,7.44,62565,84,卖盘
3075,13:34:02,7.44,85574,115,卖盘
3076,13:34:05,7.44,118301,159,卖盘
3077,13:34:08,7.44,84823,114,卖盘
3078,13:34:11,7.44,120528,162,卖盘
3079,13:34:14,7.44,101939,137,卖盘
3080,13:34:17,7.44,389526,523,卖盘
3081,13:34:20,7.45,35015,47,买盘
3082,13:34:23,7.44,134670,181,卖盘
3083,13:34:26,7.44,63270,85,卖盘
3084,13:34:29,7.45,12654,17,买盘
3085,13:34:32,7.44,362328,487,卖盘
3086,13:34:35,7.44,298514,401,卖盘
3087,13:34:38,7.44,1084078,1457,卖盘
3088,13:34:41,7.44,4839731,6505,卖盘
3089,13:34:44,7.44,2000384,2686,卖盘
3090,13:34:47,7.44,103416,139,卖盘
3091,13:34:50,7.45,258245,347,买盘
3092,13:34:53,7.44,32736,44,卖盘
3093,13:34:56,7.45,92276,124,买盘
3094,13:34:59,7.44,102722,138,卖盘
3095,13:35:02,7.44,162197,218,卖盘
3096,13:35:05,7.44,67704,91,卖盘
3097,13:35:08,7.45,84819,114,买盘
3098,13:35:11,7.44,12648,17,卖盘
3099,13:35:14,7.45,105677,142,买盘
3100,13:35:17,7.45,162989,219,买盘
3101,13:35:20,7.44,9676,13,卖盘
3102,13:35:23,7.44,183956,247,卖盘
3103,13:35:26,7.45,93026,125,买盘
3104,13:35:29,7.44,82641,111,卖盘
3105,13:35:32,7.44,84176,113,卖盘
3106,13:35:35,7.44,65475,88,卖盘
3107,13:35:38,7.45,55089,74,买盘
3108,13:35:41,7.45,45445,61,买盘
3109,13:35:44,7.44,110858,149,卖盘
3110,13:35:47,7.45,155602,209,买盘
3111,13:35:50,7.44,727087,977,卖盘
3112,13:35:53,7.44,64728,87,卖盘
3113,13:35:56,7.44,181553,244,卖盘
3114,13:35:59,7.45,33524,45,买盘
3115,13:36:02,7.44,142888,192,卖盘
3116,13:36:05,7.45,81889,110,买盘
3117,13:36:08,7.45,26803,36,买盘
3118,13:36:11,7.44,110143,148,卖盘
3119,13:36:14,7.45,24557,33,买盘
3120,13:36:17,7.45,118309,159,买盘
3121,13:36:20,7.45,122768,165,买盘
