,成交时间,成交价格,成交金额,成交量,性质
0,09:25:03,57.97,16840285,2905,卖盘
1,09:30:00,57.95,115906,20,卖盘
2,09:30:03,57.9,694982,120,卖盘
3,09:30:06,57.9,1129094,195,卖盘
4,09:30:09,57.85,2350136,406,卖盘
5,09:30:12,57.83,422187,73,卖盘
6,09:30:15,57.85,913700,158,买盘
7,09:30:18,57.81,3030581,524,卖盘
8,09:30:21,57.81,3174160,549,卖盘
9,09:30:24,57.8,3688335,638,卖盘
10,09:30:27,57.79,4456614,771,卖盘
11,09:30:30,57.75,2178410,377,卖盘
12,09:30:33,57.74,2582288,447,卖盘
13,09:30:36,57.78,2074480,359,买盘
14,09:30:39,57.78,1628477,282,买盘
15,09:30:42,57.81,1115652,193,买盘
16,09:30:45,57.85,2273176,393,买盘
17,09:30:48,57.82,1711552,296,卖盘
18,09:30:51,57.81,1098714,190,卖盘
19,09:30:54,57.71,4460829,772,卖盘
20,09:30:57,57.85,1231592,213,买盘
21,09:31:00,57.82,2545439,440,卖盘
22,09:31:03,57.86,1677638,290,买盘
23,09:31:06,57.83,3240919,560,卖盘
24,09:31:09,57.9,2434445,421,买盘
25,09:31:12,57.93,2101725,363,买盘
26,09:31:15,57.85,2707841,468,卖盘
27,09:31:18,57.9,3102111,536,买盘
28,09:31:21,57.9,816845,141,卖盘
29,09:31:24,57.9,3981726,688,买盘
30,09:31:27,57.97,9547391,1648,买盘
31,09:31:30,57.92,3417750,590,卖盘
32,09:31:33,57.97,2863869,494,买盘
33,09:31:36,57.92,1048674,181,卖盘
34,09:31:39,57.92,2780571,480,卖盘
35,09:31:42,57.92,7676126,1325,卖盘
36,09:31:45,57.93,3652262,630,中性盘
37,09:31:48,57.93,10330544,1781,卖盘
38,09:31:51,57.99,1763449,304,买盘
39,09:31:54,58.03,3557034,613,买盘
40,09:31:57,58.05,2295413,395,买盘
41,09:32:00,58.15,5157016,888,买盘
42,09:32:03,58.15,1726665,297,买盘
43,09:32:06,58.13,1302301,224,卖盘
44,09:32:09,58.13,3627039,624,买盘
45,09:32:12,58.13,1161728,200,卖盘
46,09:32:15,58.09,1963576,338,卖盘
47,09:32:18,58.05,5094527,879,中性盘
48,09:32:21,58.02,3127037,539,卖盘
49,09:32:24,58.03,1804388,311,买盘
50,09:32:27,58.02,1026929,177,卖盘
51,09:32:30,58.02,2064814,356,买盘
52,09:32:33,58.08,2268924,391,买盘
53,09:32:36,58.08,2945698,507,买盘
54,09:32:39,58.12,2899448,499,买盘
55,09:32:42,58.13,4227929,728,买盘
56,09:32:45,58.13,1709074,294,买盘
57,09:32:48,58.08,2863773,493,卖盘
58,09:32:51,58.1,4284212,738,买盘
59,09:32:54,58.1,1992778,343,买盘
60,09:32:57,58.09,795952,137,买盘
61,09:33:00,58.12,2428166,418,中性盘
62,09:33:03,58.11,1086796,187,中性盘
63,09:33:06,58.1,1278456,220,卖盘
64,09:33:09,58.11,2911668,501,买盘
65,09:33:12,58.11,1389220,239,卖盘
66,09:33:15,58.1,3730552,642,卖盘
67,09:33:18,58.1,1179233,203,卖盘
68,09:33:21,58.08,2643753,455,卖盘
69,09:33:24,58.1,790153,136,买盘
70,09:33:27,58.1,476375,82,买盘
71,09:33:30,58.1,2271560,391,买盘
72,09:33:33,58.09,429913,74,卖盘
73,09:33:36,58.1,2225347,383,买盘
74,09:33:39,58.1,2167327,373,卖盘
75,09:33:42,58.09,3206966,552,卖盘
76,09:33:45,58.08,2132044,367,卖盘
77,09:33:48,58.08,371746,64,卖盘
78,09:33:51,58.08,1144256,197,卖盘
79,09:33:54,58.08,667899,115,买盘
80,09:33:57,58.09,2032761,350,买盘
81,09:34:00,58.09,4193585,722,买盘
82,09:34:03,58.07,2891695,498,卖盘
83,09:34:06,58.03,1967779,339,卖盘
84,09:34:09,58.06,806908,139,买盘
85,09:34:12,58.03,650205,112,卖盘
86,09:34:15,58.03,197373,34,卖盘
87,09:34:18,58.0,3358934,579,卖盘
88,09:34:21,58.01,4367565,753,买盘
89,09:34:24,58.1,6524538,1124,买盘
90,09:34:27,58.07,2984800,514,卖盘
91,09:34:30,58.1,731996,126,买盘
92,09:34:33,58.11,3212498,553,买盘
93,09:34:36,58.11,732215,126,卖盘
94,09:34:39,58.11,1511035,260,中性盘
95,09:34:42,58.13,552044,95,买盘
96,09:34:45,58.14,953292,164,买盘
97,09:34:48,58.11,396165,68,中性盘
98,09:34:51,58.12,1864390,321,中性盘
99,09:34:54,58.13,2684608,462,买盘
100,09:34:57,58.11,2934727,505,卖盘
101,09:35:00,58.11,1743249,300,买盘
102,09:35:03,58.11,1295767,223,买盘
103,09:35:06,58.1,2178859,375,卖盘
104,09:35:09,58.05,1806473,311,卖盘
105,09:35:12,58.1,1266120,218,买盘
106,09:35:15,58.07,23228,4,中性盘
107,09:35:18,58.06,1265884,218,卖盘
108,09:35:21,58.05,365766,63,卖盘
109,09:35:24,58.02,1636620,282,卖盘
110,09:35:27,57.96,3114228,537,卖盘
111,09:35:30,57.97,678345,117,买盘
112,09:35:33,58.0,249286,43,买盘
113,09:35:36,57.99,1525148,263,中性盘
114,09:35:39,57.97,498561,86,卖盘
115,09:35:42,57.98,115964,20,中性盘
116,09:35:45,57.95,1263835,218,卖盘
117,09:35:48,57.93,614256,106,卖盘
118,09:35:51,57.92,1903270,329,卖盘
119,09:35:54,57.91,718102,124,中性盘
120,09:35:57,57.91,972884,168,卖盘
121,09:36:00,57.92,1245333,215,买盘
122,09:36:03,57.95,677722,117,买盘
123,09:36:06,57.93,237479,41,中性盘
124,09:36:09,57.99,475195,82,买盘
125,09:36:12,58.03,5057675,872,买盘
126,09:36:15,58.06,1376143,237,买盘
127,09:36:18,58.06,3954047,681,卖盘
128,09:36:21,58.02,470041,81,卖盘
129,09:36:24,58.05,551342,95,买盘
130,09:36:27,58.06,1445595,249,买盘
131,09:36:30,58.09,731700,126,买盘
132,09:36:33,58.1,557663,96,买盘
133,09:36:36,58.1,3021009,520,买盘
134,09:36:39,58.1,993600,171,卖盘
135,09:36:42,58.1,836694,144,卖盘
136,09:36:45,58.1,2445901,421,卖盘
137,09:36:48,58.08,662171,114,卖盘
138,09:36:51,58.08,499554,86,卖盘
139,09:36:54,58.07,1754314,302,卖盘
140,09:36:57,58.07,2103171,362,买盘
141,09:37:00,58.05,1195977,206,卖盘
142,09:37:03,58.01,1253088,216,卖盘
143,09:37:06,57.99,690171,119,中性盘
144,09:37:09,57.99,504467,87,卖盘
145,09:37:12,58.0,1374601,237,中性盘
146,09:37:15,58.0,777161,134,中性盘
147,09:37:18,58.0,1189235,205,卖盘
148,09:37:21,58.01,1067903,184,卖盘
149,09:37:24,58.0,1763646,304,卖盘
150,09:37:27,58.0,1914171,330,买盘
151,09:37:30,58.05,388719,67,中性盘
152,09:37:33,58.02,2048539,353,中性盘
153,09:37:36,58.06,1056435,182,买盘
154,09:37:39,58.06,737662,127,卖盘
155,09:37:42,58.08,778313,134,买盘
156,09:37:45,58.09,882963,152,买盘
157,09:37:48,58.09,505418,87,卖盘
158,09:37:51,58.1,220752,38,买盘
159,09:37:54,58.1,447327,77,买盘
160,09:37:57,58.09,1673243,288,卖盘
161,09:38:00,58.1,418332,72,买盘
162,09:38:03,58.1,511247,88,买盘
163,09:38:06,58.1,383457,66,买盘
164,09:38:09,58.1,209175,36,卖盘
165,09:38:12,58.1,1417711,244,卖盘
166,09:38:15,58.1,999254,172,买盘
167,09:38:18,58.07,1754011,302,卖盘
168,09:38:21,58.07,1289044,222,买盘
169,09:38:24,58.07,1643395,283,卖盘
170,09:38:27,58.06,1016157,175,卖盘
171,09:38:30,58.06,1979651,341,卖盘
172,09:38:33,58.06,627089,108,买盘
173,09:38:36,58.06,267076,46,买盘
174,09:38:39,58.08,557456,96,买盘
175,09:38:42,58.08,1016263,175,卖盘
176,09:38:45,58.06,63866,11,中性盘
177,09:38:48,58.07,458668,79,买盘
178,09:38:51,58.06,203210,35,卖盘
179,09:38:54,58.07,505127,87,买盘
180,09:38:57,58.07,145163,25,中性盘
181,09:39:00,58.09,516905,89,买盘
182,09:39:03,58.09,731911,126,买盘
183,09:39:06,58.08,394982,68,卖盘
184,09:39:09,58.08,522783,90,卖盘
185,09:39:12,58.1,714517,123,买盘
186,09:39:15,58.1,766794,132,买盘
187,09:39:18,58.08,3269968,563,卖盘
188,09:39:21,58.09,2538172,437,买盘
189,09:39:24,58.1,1115440,192,买盘
190,09:39:27,58.09,2591189,446,卖盘
191,09:39:30,58.1,790079,136,买盘
192,09:39:33,58.1,308010,53,中性盘
193,09:39:36,58.12,1173801,202,买盘
194,09:39:39,58.09,778719,134,卖盘
195,09:39:42,58.1,273070,47,买盘
196,09:39:45,58.08,575024,99,卖盘
197,09:39:48,58.07,3182020,548,卖盘
198,09:39:51,58.07,1161332,200,买盘
199,09:39:54,58.07,342579,59,买盘
200,09:39:57,58.06,301922,52,卖盘
201,09:40:00,58.06,865128,149,卖盘
202,09:40:03,58.04,951924,164,卖盘
203,09:40:06,58.02,3749800,646,卖盘
204,09:40:09,58.04,557232,96,中性盘
205,09:40:12,58.02,417694,72,买盘
206,09:40:15,58.04,644385,111,买盘
207,09:40:19,58.05,1654355,285,中性盘
208,09:40:21,58.05,284437,49,卖盘
209,09:40:24,58.03,301882,52,卖盘
210,09:40:27,58.06,847479,146,买盘
211,09:40:30,58.07,714153,123,买盘
212,09:40:33,58.07,511087,88,买盘
213,09:40:36,58.07,400665,69,买盘
214,09:40:39,58.09,534183,92,买盘
215,09:40:42,58.09,580727,100,买盘
216,09:40:45,58.07,743174,128,中性盘
217,09:40:48,58.02,1526488,263,卖盘
218,09:40:51,58.02,226274,39,买盘
219,09:40:54,58.02,266857,46,买盘
220,09:40:57,58.02,324961,56,买盘
221,09:41:00,58.02,191476,33,卖盘
222,09:41:03,58.0,2210234,381,卖盘
223,09:41:06,57.98,5318320,917,卖盘
224,09:41:09,57.97,857952,148,卖盘
225,09:41:12,57.96,811526,140,卖盘
226,09:41:15,57.96,52167,9,卖盘
227,09:41:18,57.96,133308,23,卖盘
228,09:41:21,57.96,168076,29,卖盘
229,09:41:24,57.96,1338975,231,买盘
230,09:41:27,57.95,1014281,175,卖盘
231,09:41:30,57.96,498383,86,中性盘
232,09:41:33,57.98,428894,74,买盘
233,09:41:36,57.97,226082,39,卖盘
234,09:41:39,57.98,388471,67,买盘
235,09:41:42,57.97,657033,113,卖盘
236,09:41:45,57.98,86968,15,买盘
237,09:41:48,57.97,562382,97,卖盘
238,09:41:51,57.98,278252,48,中性盘
239,09:41:54,57.97,330447,57,卖盘
240,09:41:57,57.97,695666,120,卖盘
241,09:42:00,57.97,75368,13,卖盘
242,09:42:03,57.98,295687,51,买盘
243,09:42:06,57.99,632068,109,买盘
244,09:42:09,57.97,376881,65,卖盘
245,09:42:12,57.98,318927,55,中性盘
246,09:42:15,57.97,1588516,274,卖盘
247,09:42:18,57.97,741974,128,买盘
248,09:42:21,57.95,608590,105,卖盘
249,09:42:24,57.95,347690,60,卖盘
250,09:42:27,57.95,1501040,259,买盘
251,09:42:30,57.95,237558,41,买盘
252,09:42:33,57.97,1083869,187,买盘
253,09:42:36,57.95,452096,78,卖盘
254,09:42:39,57.96,469507,81,买盘
255,09:42:42,57.96,411553,71,卖盘
256,09:42:45,57.99,863808,149,买盘
257,09:42:48,58.0,991772,171,买盘
258,09:42:51,57.99,539343,93,中性盘
259,09:42:54,58.01,139211,24,买盘
260,09:42:57,58.0,458167,79,买盘
261,09:43:00,58.01,3411360,588,买盘
262,09:43:03,58.02,406066,70,买盘
263,09:43:06,58.01,852868,147,卖盘
264,09:43:09,58.03,75439,13,买盘
265,09:43:12,58.03,179889,31,买盘
266,09:43:15,58.02,400420,69,卖盘
267,09:43:18,58.05,551360,95,买盘
268,09:43:21,58.06,1051140,181,买盘
269,09:43:24,58.07,1137498,196,中性盘
270,09:43:27,58.09,261330,45,买盘
271,09:43:30,58.1,319463,55,买盘
272,09:43:33,58.09,906159,156,中性盘
273,09:43:36,58.1,1109706,191,买盘
274,09:43:39,58.1,784275,135,买盘
275,09:43:42,58.09,1464562,252,中性盘
276,09:43:45,58.1,1011013,174,中性盘
277,09:43:48,58.1,790002,136,买盘
278,09:43:51,58.09,813448,140,卖盘
279,09:43:54,58.11,1900164,327,买盘
280,09:43:57,58.1,604289,104,买盘
281,09:44:00,58.09,627453,108,卖盘
282,09:44:03,58.13,2105270,362,买盘
283,09:44:06,58.14,3302161,568,买盘
284,09:44:09,58.14,1337094,230,买盘
285,09:44:12,58.13,366247,63,卖盘
286,09:44:15,58.16,3082820,530,买盘
287,09:44:18,58.16,692145,119,买盘
288,09:44:21,58.17,261802,45,中性盘
289,09:44:24,58.17,965769,166,卖盘
290,09:44:27,58.2,4416988,759,买盘
291,09:44:30,58.19,907754,156,卖盘
292,09:44:33,58.21,1350646,232,买盘
293,09:44:36,58.21,751053,129,卖盘
294,09:44:39,58.21,494879,85,卖盘
295,09:44:42,58.22,826798,142,买盘
296,09:44:45,58.23,1805071,310,买盘
297,09:44:48,58.22,4627758,795,中性盘
298,09:44:51,58.22,1012802,174,买盘
299,09:44:54,58.23,506469,87,买盘
300,09:44:57,58.2,128058,22,卖盘
301,09:45:00,58.2,1234099,212,卖盘
302,09:45:03,58.22,1152377,198,买盘
303,09:45:06,58.2,616949,106,买盘
304,09:45:09,58.2,465625,80,买盘
305,09:45:12,58.22,273608,47,买盘
306,09:45:15,58.18,698281,120,卖盘
307,09:45:18,58.18,436424,75,卖盘
308,09:45:21,58.19,1524151,262,买盘
309,09:45:24,58.15,657375,113,卖盘
310,09:45:27,58.15,197738,34,卖盘
311,09:45:30,58.14,308161,53,卖盘
312,09:45:33,58.15,505822,87,买盘
313,09:45:36,58.15,645355,111,买盘
314,09:45:39,58.14,453462,78,中性盘
315,09:45:42,58.14,697658,120,买盘
316,09:45:45,58.14,383763,66,买盘
317,09:45:48,58.14,220919,38,买盘
318,09:45:51,58.15,459338,79,买盘
319,09:45:54,58.16,1569292,270,买盘
320,09:45:57,58.16,314039,54,买盘
321,09:46:00,58.14,1186131,204,卖盘
322,09:46:03,58.14,634362,109,卖盘
323,09:46:06,58.12,1976739,340,卖盘
324,09:46:09,58.12,778784,134,买盘
325,09:46:12,58.11,371943,64,卖盘
326,09:46:15,58.07,1800947,310,卖盘
327,09:46:18,58.05,348334,60,卖盘
328,09:46:21,58.03,185706,32,卖盘
329,09:46:24,58.04,226349,39,买盘
330,09:46:27,58.04,266991,46,卖盘
331,09:46:30,58.09,2345886,404,买盘
332,09:46:33,58.04,743021,128,卖盘
333,09:46:36,58.05,313400,54,买盘
334,09:46:39,58.06,191601,33,中性盘
335,09:46:42,58.07,423890,73,买盘
336,09:46:45,58.07,505212,87,买盘
337,09:46:48,58.06,2102066,362,卖盘
338,09:46:51,58.1,627494,108,买盘
339,09:46:54,58.1,499837,86,买盘
340,09:46:57,58.15,476729,82,买盘
341,09:47:00,58.14,343038,59,中性盘
342,09:47:03,58.11,2701959,465,卖盘
343,09:47:06,58.13,308073,53,买盘
344,09:47:09,58.11,1929352,332,卖盘
345,09:47:12,58.11,836958,144,卖盘
346,09:47:15,58.11,511409,88,卖盘
347,09:47:18,58.11,935679,161,卖盘
348,09:47:21,58.11,563676,97,卖盘
349,09:47:24,58.12,1168168,201,买盘
350,09:47:27,58.11,546447,94,卖盘
351,09:47:30,58.13,685805,118,买盘
352,09:47:33,58.14,3412208,587,买盘
353,09:47:36,58.11,1022900,176,卖盘
354,09:47:39,58.13,1807856,311,买盘
355,09:47:42,58.11,494091,85,卖盘
356,09:47:45,58.12,174361,30,中性盘
357,09:47:48,58.14,1633857,281,买盘
358,09:47:51,58.14,1959283,337,卖盘
359,09:47:54,58.2,1844224,317,买盘
360,09:47:57,58.19,267621,46,中性盘
361,09:48:00,58.18,273491,47,中性盘
362,09:48:03,58.19,948413,163,买盘
363,09:48:06,58.19,122156,21,买盘
364,09:48:09,58.19,593563,102,买盘
365,09:48:12,58.2,523741,90,买盘
366,09:48:15,58.22,1262890,217,买盘
367,09:48:18,58.2,285217,49,买盘
368,09:48:21,58.24,1432259,246,买盘
369,09:48:24,58.21,815042,140,卖盘
370,09:48:27,58.23,238731,41,买盘
371,09:48:30,58.23,669655,115,买盘
372,09:48:33,58.24,663921,114,买盘
373,09:48:36,58.24,541667,93,买盘
374,09:48:39,58.24,2259764,388,卖盘
375,09:48:42,58.23,1933124,332,卖盘
376,09:48:45,58.21,1839598,316,卖盘
377,09:48:48,58.21,291022,50,中性盘
378,09:48:51,58.21,1164169,200,买盘
379,09:48:54,58.21,1030381,177,卖盘
380,09:48:57,58.2,2316226,398,卖盘
381,09:49:00,58.16,907688,156,卖盘
382,09:49:03,58.2,558580,96,买盘
383,09:49:06,58.15,1017817,175,卖盘
384,09:49:09,58.15,1180588,203,买盘
385,09:49:12,58.16,232636,40,中性盘
386,09:49:15,58.18,139609,24,买盘
387,09:49:18,58.19,128010,22,买盘
388,09:49:21,58.19,250210,43,买盘
389,09:49:24,58.18,1047326,180,卖盘
390,09:49:27,58.19,523725,90,中性盘
391,09:49:30,58.21,1204642,207,买盘
392,09:49:33,58.17,890189,153,卖盘
393,09:49:36,58.17,476996,82,买盘
394,09:49:39,58.16,965668,166,卖盘
395,09:49:42,58.16,662919,114,买盘
396,09:49:45,58.16,162848,28,买盘
397,09:49:48,58.12,325514,56,卖盘
398,09:49:51,58.11,2027807,349,卖盘
399,09:49:54,58.07,3955019,681,卖盘
400,09:49:57,58.07,696723,120,买盘
401,09:50:00,58.06,1137986,196,卖盘
402,09:50:03,58.06,1695213,292,买盘
403,09:50:06,58.06,365763,63,买盘
404,09:50:09,58.11,1440653,248,买盘
405,09:50:12,58.11,819340,141,买盘
406,09:50:15,58.12,610153,105,买盘
407,09:50:18,58.13,470706,81,买盘
408,09:50:22,58.12,308049,53,卖盘
409,09:50:24,58.12,139491,24,卖盘
410,09:50:27,58.12,464972,80,卖盘
411,09:50:30,58.1,645008,111,卖盘
412,09:50:33,58.08,313671,54,卖盘
413,09:50:36,58.08,371703,64,卖盘
414,09:50:39,58.08,383304,66,买盘
415,09:50:42,58.07,174203,30,卖盘
416,09:50:45,58.06,1010247,174,卖盘
417,09:50:48,58.07,191584,33,买盘
418,09:50:51,58.06,145128,25,中性盘
419,09:50:54,58.07,702535,121,买盘
420,09:50:57,58.04,5039529,868,卖盘
421,09:51:00,58.01,1357863,234,卖盘
422,09:51:03,57.99,3497508,603,卖盘
423,09:51:06,58.0,1072780,185,买盘
424,09:51:09,57.99,272512,47,买盘
425,09:51:12,58.03,3418017,589,买盘
426,09:51:15,58.04,168262,29,买盘
427,09:51:18,58.03,92829,16,中性盘
428,09:51:21,58.02,469863,81,中性盘
429,09:51:24,57.99,632211,109,卖盘
430,09:51:27,57.98,2174010,375,卖盘
431,09:51:30,57.95,1738544,300,卖盘
432,09:51:33,57.95,933179,161,买盘
433,09:51:36,57.95,1002536,173,买盘
434,09:51:39,57.94,770489,133,卖盘
435,09:51:42,57.98,249166,43,买盘
436,09:51:45,57.94,3476175,600,卖盘
437,09:51:48,57.97,243356,42,中性盘
438,09:51:51,57.94,23185,4,卖盘
439,09:51:54,57.96,2255034,389,买盘
440,09:51:57,57.95,307135,53,卖盘
441,09:52:00,57.95,2671481,461,卖盘
442,09:52:03,57.93,2189471,378,卖盘
443,09:52:06,57.92,2762109,477,买盘
444,09:52:09,57.9,393760,68,卖盘
445,09:52:12,57.91,1308635,226,买盘
446,09:52:15,57.9,2604804,450,卖盘
447,09:52:18,57.9,625210,108,买盘
448,09:52:21,57.91,306895,53,买盘
449,09:52:24,57.88,1198381,207,卖盘
450,09:52:27,57.9,526776,91,中性盘
451,09:52:30,57.87,2754157,476,卖盘
452,09:52:33,57.86,549833,95,卖盘
453,09:52:36,57.87,734901,127,买盘
454,09:52:39,57.9,2402473,415,买盘
455,09:52:42,57.93,341691,59,买盘
456,09:52:45,57.92,544420,94,买盘
457,09:52:48,57.92,185326,32,卖盘
458,09:52:51,57.91,173747,30,卖盘
459,09:52:54,57.93,492379,85,买盘
460,09:52:57,57.94,249131,43,中性盘
461,09:53:00,57.95,712567,123,买盘
462,09:53:03,57.95,1743518,301,买盘
463,09:53:06,57.95,324499,56,买盘
464,09:53:09,57.95,150670,26,卖盘
465,09:53:12,57.97,3915779,676,买盘
466,09:53:15,57.96,376816,65,卖盘
467,09:53:18,57.96,243512,42,卖盘
468,09:53:21,57.98,1525350,263,卖盘
469,09:53:24,58.04,1403986,242,买盘
470,09:53:27,58.04,272924,47,买盘
471,09:53:30,58.04,586502,101,卖盘
472,09:53:33,58.07,1120412,193,买盘
473,09:53:36,58.03,168299,29,卖盘
474,09:53:39,58.05,87064,15,买盘
475,09:53:42,58.05,23219,4,买盘
476,09:53:45,58.04,266999,46,卖盘
477,09:53:48,58.04,284395,49,卖盘
478,09:53:51,58.04,81255,14,买盘
479,09:53:54,58.03,649936,112,卖盘
480,09:53:57,58.03,139271,24,中性盘
481,09:54:00,58.02,1758267,303,卖盘
482,09:54:03,58.02,34813,6,卖盘
483,09:54:06,58.02,1276435,220,买盘
484,09:54:09,58.02,394547,68,买盘
485,09:54:12,58.01,1560515,269,卖盘
486,09:54:15,58.03,2958812,510,买盘
487,09:54:18,58.08,2176709,375,买盘
488,09:54:21,58.08,1213806,209,卖盘
489,09:54:24,58.12,761215,131,买盘
490,09:54:27,58.12,92988,16,卖盘
491,09:54:30,58.1,557944,96,卖盘
492,09:54:33,58.09,2021868,348,卖盘
493,09:54:36,58.08,98739,17,中性盘
494,09:54:39,58.09,75511,13,买盘
495,09:54:42,58.09,197492,34,买盘
496,09:54:45,58.07,540084,93,卖盘
497,09:54:48,58.09,1144014,197,买盘
498,09:54:51,58.08,40656,7,中性盘
499,09:54:54,58.08,1411114,243,买盘
500,09:54:57,58.09,3243965,558,买盘
501,09:55:00,58.1,232424,40,中性盘
502,09:55:03,58.12,371963,64,中性盘
503,09:55:06,58.13,552283,95,中性盘
504,09:55:09,58.12,63949,11,卖盘
505,09:55:12,58.15,534724,92,买盘
506,09:55:15,58.12,40690,7,中性盘
507,09:55:18,58.12,87174,15,买盘
508,09:55:21,58.12,342925,59,买盘
509,09:55:24,58.1,1377171,237,卖盘
510,09:55:27,58.09,121989,21,卖盘
511,09:55:30,58.09,92944,16,卖盘
512,09:55:33,58.1,888798,153,买盘
513,09:55:36,58.09,11617,2,中性盘
514,09:55:39,58.09,557622,96,买盘
515,09:55:42,58.07,545986,94,卖盘
516,09:55:45,58.09,272969,47,买盘
517,09:55:48,58.09,598374,103,卖盘
518,09:55:51,58.09,691325,119,卖盘
519,09:55:54,58.1,273084,47,买盘
520,09:55:57,58.12,197553,34,买盘
521,09:56:00,58.12,441728,76,买盘
522,09:56:03,58.11,552058,95,卖盘
523,09:56:06,58.1,1772052,305,卖盘
524,09:56:09,58.09,1609108,277,卖盘
525,09:56:12,58.07,267168,46,卖盘
526,09:56:15,58.09,296237,51,买盘
527,09:56:18,58.12,2295177,395,买盘
528,09:56:21,58.13,2290686,394,买盘
529,09:56:24,58.16,104675,18,买盘
530,09:56:27,58.17,872255,150,买盘
531,09:56:30,58.17,122152,21,买盘
532,09:56:33,58.14,110471,19,卖盘
533,09:56:36,58.14,354653,61,买盘
534,09:56:39,58.16,293217,50,买盘
535,09:56:42,58.15,273312,47,卖盘
536,09:56:45,58.15,779207,134,买盘
537,09:56:48,58.15,459344,79,买盘
538,09:56:51,58.16,366368,63,买盘
539,09:56:54,58.17,395513,68,买盘
540,09:56:57,58.16,46535,8,卖盘
541,09:57:00,58.17,1343518,231,买盘
542,09:57:03,58.16,261721,45,中性盘
543,09:57:06,58.17,558417,96,买盘
544,09:57:09,58.17,320546,55,买盘
545,09:57:12,58.16,703845,121,卖盘
546,09:57:15,58.16,232654,40,卖盘
547,09:57:18,58.16,581671,100,卖盘
548,09:57:21,58.16,1128351,194,卖盘
549,09:57:24,58.17,2873557,494,买盘
550,09:57:27,58.15,738591,127,卖盘
551,09:57:30,58.15,726959,125,卖盘
552,09:57:33,58.15,4087402,703,卖盘
553,09:57:36,58.17,1448089,249,中性盘
554,09:57:39,58.17,1495209,257,卖盘
555,09:57:42,58.17,372329,64,卖盘
556,09:57:45,58.17,157064,27,卖盘
557,09:57:48,58.16,628244,108,卖盘
558,09:57:51,58.17,622413,107,买盘
559,09:57:54,58.16,686342,118,卖盘
560,09:57:57,58.15,1529652,263,卖盘
561,09:58:00,58.18,1599776,275,买盘
562,09:58:03,58.17,2181247,375,卖盘
563,09:58:06,58.17,756307,130,卖盘
564,09:58:09,58.17,1017991,175,卖盘
565,09:58:12,58.17,395558,68,买盘
566,09:58:15,58.18,349040,60,买盘
567,09:58:18,58.17,110540,19,卖盘
568,09:58:21,58.18,290859,50,买盘
569,09:58:24,58.17,308346,53,卖盘
570,09:58:27,58.18,372331,64,买盘
571,09:58:30,58.18,831942,143,买盘
572,09:58:33,58.17,1524280,262,卖盘
573,09:58:36,58.18,244384,42,中性盘
574,09:58:39,58.2,971775,167,买盘
575,09:58:42,58.2,1216357,209,买盘
576,09:58:45,58.2,2775948,477,买盘
577,09:58:48,58.18,448011,77,卖盘
578,09:58:51,58.2,168767,29,买盘
579,09:58:54,58.2,34919,6,买盘
580,09:58:57,58.2,2327680,400,买盘
581,09:59:00,58.2,3032220,521,买盘
582,09:59:03,58.2,395750,68,买盘
583,09:59:06,58.21,1635652,281,买盘
584,09:59:09,58.21,237684,41,买盘
585,09:59:12,58.21,273587,47,卖盘
586,09:59:15,58.21,1693827,291,卖盘
587,09:59:18,58.2,3695821,635,卖盘
588,09:59:21,58.2,3415915,587,买盘
589,09:59:24,58.2,209520,36,卖盘
590,09:59:27,58.21,698504,120,买盘
591,09:59:30,58.21,570414,98,卖盘
592,09:59:33,58.21,1181529,203,买盘
593,09:59:36,58.2,308484,53,买盘
594,09:59:42,58.2,46560,8,买盘
595,09:59:46,58.2,453960,78,买盘
596,09:59:49,58.2,1228020,211,卖盘
597,09:59:52,58.21,529688,91,买盘
598,09:59:54,58.2,291034,50,卖盘
599,09:59:57,58.21,331750,57,买盘
600,10:00:00,58.21,4044959,695,买盘
601,10:00:03,58.2,1175593,202,买盘
602,10:00:06,58.2,1722662,296,买盘
603,10:00:09,58.2,1664296,286,卖盘
604,10:00:12,58.15,2786587,479,卖盘
605,10:00:16,58.19,2814257,484,买盘
606,10:00:18,58.1,703503,121,卖盘
607,10:00:21,58.09,842402,145,卖盘
608,10:00:24,58.09,145232,25,卖盘
609,10:00:27,58.09,191695,33,卖盘
610,10:00:30,58.07,499490,86,卖盘
611,10:00:33,58.08,656191,113,买盘
612,10:00:36,58.08,1527530,263,卖盘
613,10:00:39,58.07,574992,99,卖盘
614,10:00:42,58.07,290377,50,卖盘
615,10:00:45,58.07,714326,123,买盘
616,10:00:48,58.08,1045264,180,买盘
617,10:00:51,58.07,3538035,609,卖盘
618,10:00:54,58.13,232391,40,买盘
619,10:00:57,58.11,1051250,181,中性盘
620,10:01:00,58.12,226622,39,买盘
621,10:01:03,58.11,685665,118,中性盘
622,10:01:06,58.11,133638,23,买盘
623,10:01:09,58.11,604343,104,买盘
624,10:01:12,58.16,325583,56,买盘
625,10:01:15,58.17,3232057,556,买盘
626,10:01:18,58.17,1029627,177,买盘
627,10:01:21,58.16,331547,57,中性盘
628,10:01:24,58.15,639844,110,卖盘
629,10:01:27,58.15,360579,62,卖盘
630,10:01:30,58.16,23262,4,买盘
631,10:01:33,58.16,1901619,327,买盘
632,10:01:36,58.16,692186,119,卖盘
633,10:01:39,58.16,692284,119,卖盘
634,10:01:42,58.16,2530928,435,卖盘
635,10:01:45,58.21,611028,105,买盘
636,10:01:48,58.17,1948372,335,买盘
637,10:01:51,58.2,145467,25,买盘
638,10:01:54,58.17,1128529,194,卖盘
639,10:01:57,58.15,465251,80,卖盘
640,10:02:00,58.13,500075,86,卖盘
641,10:02:03,58.11,569844,98,卖盘
642,10:02:06,58.14,563945,97,买盘
643,10:02:09,58.16,383829,66,买盘
644,10:02:12,58.16,122116,21,买盘
645,10:02:15,58.17,959649,165,买盘
646,10:02:18,58.16,977408,168,中性盘
647,10:02:21,58.15,337289,58,卖盘
648,10:02:24,58.15,98855,17,买盘
649,10:02:27,58.2,995054,171,买盘
650,10:02:30,58.17,98881,17,中性盘
651,10:02:33,58.17,69817,12,中性盘
652,10:02:36,58.17,773950,133,卖盘
653,10:02:39,58.18,162912,28,买盘
654,10:02:42,58.18,197805,34,买盘
655,10:02:45,58.18,285076,49,买盘
656,10:02:49,58.18,52361,9,买盘
657,10:02:51,58.18,395624,68,买盘
658,10:02:54,58.18,151270,26,卖盘
659,10:02:57,58.18,104728,18,卖盘
660,10:03:00,58.18,354898,61,卖盘
661,10:03:03,58.18,1373257,236,卖盘
662,10:03:06,58.22,2979939,512,买盘
663,10:03:09,58.25,5362846,921,买盘
664,10:03:13,58.25,5664116,973,买盘
665,10:03:15,58.24,186320,32,中性盘
666,10:03:19,58.23,337614,58,中性盘
667,10:03:21,58.19,372518,64,卖盘
668,10:03:24,58.23,529793,91,买盘
669,10:03:27,58.21,116420,20,买盘
670,10:03:30,58.19,168796,29,卖盘
671,10:03:33,58.19,1309296,225,卖盘
672,10:03:36,58.2,238619,41,卖盘
673,10:03:39,58.21,267723,46,买盘
674,10:03:42,58.2,1449213,249,卖盘
675,10:03:48,58.2,2234781,384,买盘
676,10:03:51,58.2,87306,15,卖盘
677,10:03:54,58.22,355077,61,买盘
678,10:03:57,58.21,238690,41,卖盘
679,10:04:00,58.21,419123,72,卖盘
680,10:04:03,58.21,605443,104,卖盘
681,10:04:06,58.21,1530667,263,买盘
682,10:04:09,58.19,407333,70,卖盘
683,10:04:12,58.19,1553907,267,卖盘
684,10:04:15,58.2,232780,40,买盘
685,10:04:18,58.19,180395,31,卖盘
686,10:04:21,58.21,320128,55,买盘
687,10:04:24,58.19,308481,53,卖盘
688,10:04:27,58.2,93113,16,买盘
689,10:04:30,58.2,209524,36,买盘
690,10:04:33,58.2,1414265,243,卖盘
691,10:04:36,58.2,564549,97,买盘
692,10:04:39,58.2,122206,21,买盘
693,10:04:42,58.21,547080,94,买盘
694,10:04:45,58.21,81481,14,买盘
695,10:04:48,58.19,2106657,362,卖盘
696,10:04:51,58.2,366664,63,卖盘
697,10:04:54,58.19,139662,24,卖盘
698,10:04:57,58.18,1344023,231,卖盘
699,10:05:00,58.18,832029,143,卖盘
700,10:05:03,58.17,1774119,305,卖盘
701,10:05:06,58.16,203554,35,中性盘
702,10:05:09,58.15,2611787,449,卖盘
703,10:05:12,58.19,256012,44,买盘
704,10:05:15,58.16,1553364,267,卖盘
705,10:05:18,58.18,1209927,208,买盘
706,10:05:21,58.18,1023828,176,卖盘
707,10:05:24,58.21,3066502,527,买盘
708,10:05:27,58.24,2468997,424,买盘
709,10:05:30,58.25,7168783,1231,买盘
710,10:05:33,58.23,250435,43,卖盘
711,10:05:36,58.25,2672746,459,买盘
712,10:05:39,58.25,1659660,285,买盘
713,10:05:42,58.21,360966,62,卖盘
714,10:05:45,58.19,1839992,316,卖盘
715,10:05:48,58.19,133859,23,卖盘
716,10:05:51,58.2,221222,38,中性盘
717,10:05:54,58.2,506338,87,买盘
718,10:05:57,58.24,1630335,280,买盘
719,10:06:00,58.23,1396963,240,卖盘
720,10:06:03,58.2,302682,52,卖盘
721,10:06:06,58.2,820620,141,卖盘
722,10:06:09,58.21,2044145,351,中性盘
723,10:06:12,58.22,2695749,463,买盘
724,10:06:15,58.25,116485,20,买盘
725,10:06:18,58.23,3307458,568,卖盘
726,10:06:21,58.23,500826,86,卖盘
727,10:06:24,58.25,5224818,897,买盘
728,10:06:27,58.25,378595,65,买盘
729,10:06:30,58.24,692927,119,卖盘
730,10:06:33,58.25,2038865,350,买盘
731,10:06:36,58.25,1228537,211,卖盘
732,10:06:39,58.24,69891,12,中性盘
733,10:06:42,58.23,2910618,500,中性盘
734,10:06:45,58.24,256361,44,卖盘
735,10:06:48,58.25,87371,15,买盘
736,10:06:51,58.25,681619,117,买盘
737,10:06:54,58.26,2353571,404,买盘
738,10:06:57,58.27,471949,81,买盘
739,10:07:00,58.27,1444836,248,买盘
740,10:07:04,58.27,34957,6,买盘
741,10:07:07,58.27,1392779,239,买盘
742,10:07:09,58.27,367102,63,卖盘
743,10:07:12,58.29,7274322,1248,买盘
744,10:07:15,58.3,2523807,433,买盘
745,10:07:18,58.29,308977,53,卖盘
746,10:07:21,58.3,3480470,597,买盘
747,10:07:24,58.29,448899,77,卖盘
748,10:07:27,58.3,2850798,489,买盘
749,10:07:30,58.31,6341959,1088,买盘
750,10:07:33,58.34,1003205,172,买盘
751,10:07:36,58.34,2332778,400,买盘
752,10:07:39,58.34,408432,70,卖盘
753,10:07:42,58.34,781770,134,卖盘
754,10:07:45,58.35,1248503,214,买盘
755,10:07:48,58.35,1861070,319,买盘
756,10:07:51,58.35,2643197,453,买盘
757,10:07:54,58.36,2590921,444,买盘
758,10:07:57,58.34,828545,142,卖盘
759,10:08:00,58.36,2439286,418,买盘
760,10:08:03,58.36,1097149,188,卖盘
761,10:08:06,58.34,1849711,317,卖盘
762,10:08:09,58.34,828400,142,卖盘
763,10:08:12,58.33,1236374,212,中性盘
764,10:08:15,58.32,1405714,241,卖盘
765,10:08:18,58.3,361651,62,卖盘
766,10:08:21,58.32,268242,46,买盘
767,10:08:24,58.32,1486658,255,买盘
768,10:08:27,58.28,233215,40,卖盘
769,10:08:30,58.31,379036,65,买盘
770,10:08:33,58.31,239035,41,买盘
771,10:08:36,58.34,618260,106,买盘
772,10:08:39,58.32,87476,15,卖盘
773,10:08:43,58.32,268274,46,卖盘
774,10:08:45,58.32,1078929,185,卖盘
775,10:08:48,58.31,799034,137,中性盘
776,10:08:51,58.32,134107,23,买盘
777,10:08:54,58.31,116625,20,卖盘
778,10:08:57,58.3,151589,26,买盘
779,10:09:00,58.3,373168,64,卖盘
780,10:09:03,58.32,3002871,515,买盘
781,10:09:06,58.33,944985,162,买盘
782,10:09:09,58.36,8950590,1534,买盘
783,10:09:12,58.37,9725856,1666,买盘
784,10:09:15,58.4,1220234,209,买盘
785,10:09:18,58.37,420331,72,卖盘
786,10:09:21,58.37,799669,137,买盘
787,10:09:24,58.4,823063,141,买盘
788,10:09:27,58.37,1669322,286,卖盘
789,10:09:30,58.38,537017,92,买盘
790,10:09:33,58.37,840583,144,卖盘
791,10:09:36,58.36,1097309,188,卖盘
792,10:09:39,58.37,210125,36,买盘
793,10:09:42,58.37,145920,25,买盘
794,10:09:45,58.36,151754,26,卖盘
795,10:09:48,58.37,869677,149,买盘
796,10:09:51,58.37,361877,62,买盘
797,10:09:54,58.37,2737344,469,买盘
798,10:09:57,58.37,227643,39,卖盘
799,10:10:00,58.36,852186,146,卖盘
800,10:10:03,58.37,2340845,401,买盘
801,10:10:06,58.37,64211,11,卖盘
802,10:10:09,58.37,396954,68,卖盘
803,10:10:12,58.38,198472,34,买盘
804,10:10:15,58.38,939929,161,买盘
805,10:10:18,58.38,455366,78,卖盘
806,10:10:21,58.38,1161783,199,卖盘
807,10:10:24,58.38,455393,78,卖盘
808,10:10:27,58.38,2236219,383,卖盘
809,10:10:30,58.38,2568945,440,买盘
810,10:10:33,58.38,280219,48,买盘
811,10:10:36,58.38,303574,52,买盘
812,10:10:39,58.4,7445662,1275,买盘
813,10:10:42,58.43,3166087,542,买盘
814,10:10:45,58.44,1005020,172,买盘
815,10:10:48,58.41,222020,38,卖盘
816,10:10:51,58.4,823215,141,卖盘
817,10:10:54,58.43,613555,105,买盘
818,10:10:57,58.43,303805,52,买盘
819,10:11:00,58.43,362201,62,买盘
820,10:11:03,58.43,1846175,316,买盘
821,10:11:06,58.41,1349501,231,卖盘
822,10:11:09,58.41,554973,95,卖盘
823,10:11:12,58.42,3599071,616,买盘
824,10:11:15,58.42,1846072,316,卖盘
825,10:11:18,58.42,2815366,482,买盘
826,10:11:21,58.41,648495,111,中性盘
827,10:11:24,58.42,2243235,384,买盘
828,10:11:27,58.45,2115146,362,买盘
829,10:11:30,58.41,245343,42,卖盘
830,10:11:33,58.41,438084,75,买盘
831,10:11:36,58.42,759461,130,买盘
832,10:11:39,58.42,257020,44,买盘
833,10:11:42,58.42,373877,64,买盘
834,10:11:45,58.44,1034203,177,买盘
835,10:11:48,58.42,186976,32,卖盘
836,10:11:51,58.44,151907,26,买盘
837,10:11:54,58.44,280475,48,买盘
838,10:11:57,58.44,993477,170,买盘
839,10:12:00,58.44,2875210,492,卖盘
840,10:12:03,58.44,806477,138,卖盘
841,10:12:06,58.44,1794099,307,卖盘
842,10:12:09,58.44,689503,118,买盘
843,10:12:12,58.41,3826244,655,卖盘
844,10:12:15,58.41,3096838,530,卖盘
845,10:12:18,58.41,1244447,213,卖盘
846,10:12:21,58.41,981368,168,卖盘
847,10:12:24,58.42,1337795,229,买盘
848,10:12:27,58.43,2237483,383,买盘
849,10:12:30,58.42,3161289,541,卖盘
850,10:12:33,58.43,1519157,260,中性盘
851,10:12:36,58.45,1028578,176,买盘
852,10:12:39,58.44,514316,88,卖盘
853,10:12:42,58.44,993479,170,卖盘
854,10:12:45,58.44,654528,112,买盘
855,10:12:48,58.45,1846709,316,买盘
856,10:12:51,58.45,566879,97,买盘
857,10:12:54,58.45,4833884,827,买盘
858,10:12:57,58.47,923663,158,买盘
859,10:13:00,58.46,859290,147,买盘
860,10:13:03,58.45,2367649,405,卖盘
861,10:13:06,58.43,5085520,870,卖盘
862,10:13:10,58.42,3412292,584,卖盘
863,10:13:12,58.4,1004575,172,卖盘
864,10:13:15,58.4,823594,141,卖盘
865,10:13:18,58.4,362086,62,卖盘
866,10:13:21,58.41,893601,153,买盘
867,10:13:24,58.42,1518651,260,买盘
868,10:13:27,58.41,776916,133,卖盘
869,10:13:30,58.42,99309,17,买盘
870,10:13:33,58.42,368049,63,买盘
871,10:13:36,58.44,1565690,268,买盘
872,10:13:39,58.44,169450,29,买盘
873,10:13:42,58.42,531674,91,卖盘
874,10:13:45,58.44,373995,64,买盘
875,10:13:48,58.43,432438,74,卖盘
876,10:13:51,58.44,356462,61,买盘
877,10:13:54,58.44,292188,50,买盘
878,10:13:57,58.44,578479,99,买盘
879,10:14:00,58.44,853198,146,买盘
880,10:14:03,58.45,1951895,334,买盘
881,10:14:06,58.44,788981,135,卖盘
882,10:14:09,58.44,1776748,304,买盘
883,10:14:12,58.43,683801,117,卖盘
884,10:14:15,58.44,245440,42,买盘
885,10:14:18,58.44,298041,51,买盘
886,10:14:21,58.43,414919,71,卖盘
887,10:14:24,58.43,508404,87,卖盘
888,10:14:27,58.44,1198189,205,中性盘
889,10:14:30,58.44,485098,83,卖盘
890,10:14:33,58.45,181188,31,买盘
891,10:14:36,58.45,3526603,603,买盘
892,10:14:39,58.46,3554875,608,买盘
893,10:14:42,58.46,3210271,549,卖盘
894,10:14:45,58.49,7416061,1268,买盘
895,10:14:48,58.52,18948134,3239,买盘
896,10:14:51,58.55,5975622,1021,买盘
897,10:14:54,58.55,1580735,270,买盘
898,10:14:57,58.55,2089507,357,中性盘
899,10:15:00,58.51,690767,118,卖盘
900,10:15:03,58.54,1018552,174,买盘
901,10:15:06,58.54,1837468,314,买盘
902,10:15:09,58.54,626364,107,买盘
903,10:15:12,58.52,2323952,397,卖盘
904,10:15:15,58.56,3957260,676,买盘
905,10:15:18,58.51,2394368,409,卖盘
906,10:15:21,58.54,942453,161,买盘
907,10:15:24,58.55,702683,120,卖盘
908,10:15:27,58.55,1182633,202,卖盘
909,10:15:30,58.55,1879716,321,买盘
910,10:15:33,58.55,1902865,325,买盘
911,10:15:36,58.55,251743,43,买盘
912,10:15:39,58.54,345412,59,卖盘
913,10:15:42,58.55,333709,57,买盘
914,10:15:45,58.55,2142884,366,买盘
915,10:15:48,58.55,521050,89,卖盘
916,10:15:51,58.56,1381823,236,买盘
917,10:15:54,58.55,1627865,278,卖盘
918,10:15:57,58.55,690884,118,买盘
919,10:16:00,58.53,1574822,269,卖盘
920,10:16:03,58.53,1457753,249,卖盘
921,10:16:06,58.54,105375,18,中性盘
922,10:16:09,58.54,228297,39,买盘
923,10:16:12,58.52,1691513,289,卖盘
924,10:16:15,58.52,1164624,199,卖盘
925,10:16:18,58.52,157999,27,买盘
926,10:16:21,58.52,216516,37,买盘
927,10:16:24,58.53,2001529,342,买盘
928,10:16:27,58.53,357088,61,卖盘
929,10:16:30,58.53,778577,133,卖盘
930,10:16:33,58.54,2177675,372,买盘
931,10:16:36,58.55,1973017,337,买盘
932,10:16:39,58.55,971774,166,买盘
933,10:16:42,58.55,661591,113,买盘
934,10:16:45,58.56,2312943,395,买盘
935,10:16:48,58.54,526890,90,卖盘
936,10:16:51,58.55,1065500,182,买盘
937,10:16:54,58.55,685050,117,卖盘
938,10:16:57,58.54,444942,76,卖盘
939,10:17:00,58.54,380538,65,卖盘
940,10:17:03,58.54,316128,54,卖盘
941,10:17:06,58.54,1926335,329,卖盘
942,10:17:09,58.54,784457,134,卖盘
943,10:17:12,58.5,4120155,704,卖盘
944,10:17:15,58.5,1971514,337,卖盘
945,10:17:18,58.48,415333,71,卖盘
946,10:17:21,58.48,198841,34,卖盘
947,10:17:24,58.49,239786,41,买盘
948,10:17:27,58.44,1133931,194,卖盘
949,10:17:30,58.46,233813,40,买盘
950,10:17:33,58.44,210409,36,卖盘
951,10:17:36,58.44,151969,26,卖盘
952,10:17:39,58.44,140257,24,卖盘
953,10:17:42,58.44,298053,51,卖盘
954,10:17:45,58.44,128568,22,买盘
955,10:17:48,58.45,958525,164,买盘
956,10:17:51,58.45,467591,80,卖盘
957,10:17:54,58.45,403325,69,卖盘
958,10:17:57,58.44,707232,121,卖盘
959,10:18:00,58.46,789084,135,买盘
960,10:18:03,58.47,537915,92,买盘
961,10:18:06,58.47,766064,131,卖盘
962,10:18:09,58.47,233870,40,卖盘
963,10:18:12,58.48,497102,85,买盘
964,10:18:15,58.49,701843,120,买盘
965,10:18:18,58.49,122829,21,卖盘
966,10:18:21,58.51,3439808,588,买盘
967,10:18:24,58.51,590892,101,买盘
968,10:18:27,58.51,666966,114,买盘
969,10:18:30,58.51,1228686,210,买盘
970,10:18:33,58.51,187232,32,卖盘
971,10:18:36,58.52,210656,36,买盘
972,10:18:39,58.52,637867,109,买盘
973,10:18:42,58.53,749095,128,买盘
974,10:18:45,58.53,796044,136,卖盘
975,10:18:48,58.53,175590,30,卖盘
976,10:18:51,58.55,2130955,364,买盘
977,10:18:54,58.52,438922,75,卖盘
978,10:18:57,58.51,1784799,305,卖盘
979,10:19:00,58.49,3545208,606,卖盘
980,10:19:03,58.5,772138,132,买盘
981,10:19:06,58.48,385980,66,卖盘
982,10:19:09,58.46,5268887,901,卖盘
983,10:19:12,58.45,1794435,307,卖盘
984,10:19:15,58.44,379875,65,卖盘
985,10:19:18,58.45,163652,28,中性盘
986,10:19:21,58.43,1894313,324,卖盘
987,10:19:24,58.42,490859,84,卖盘
988,10:19:27,58.43,502512,86,中性盘
989,10:19:30,58.45,1502038,257,买盘
990,10:19:33,58.45,157816,27,卖盘
991,10:19:36,58.45,58452,10,卖盘
992,10:19:39,58.45,1911587,327,卖盘
993,10:19:42,58.45,309784,53,买盘
994,10:19:45,58.45,122744,21,卖盘
995,10:19:48,58.44,783174,134,卖盘
996,10:19:51,58.45,987785,169,买盘
997,10:19:54,58.45,444229,76,买盘
998,10:19:58,58.46,461804,79,买盘
999,10:20:00,58.46,75990,13,买盘
1000,10:20:03,58.46,420931,72,买盘
1001,10:20:06,58.47,649030,111,买盘
1002,10:20:09,58.45,2875898,492,卖盘
1003,10:20:13,58.48,3261546,558,买盘
1004,10:20:15,58.45,426727,73,卖盘
1005,10:20:18,58.49,350847,60,买盘
1006,10:20:21,58.5,1316085,225,买盘
1007,10:20:24,58.47,93552,16,中性盘
1008,10:20:27,58.47,280631,48,中性盘
1009,10:20:30,58.48,888955,152,买盘
1010,10:20:33,58.47,204674,35,中性盘
1011,10:20:36,58.47,894867,153,买盘
1012,10:20:39,58.48,228068,39,买盘
1013,10:20:42,58.5,181290,31,买盘
1014,10:20:45,58.5,198893,34,买盘
1015,10:20:48,58.5,327559,56,买盘
1016,10:20:51,58.5,175500,30,买盘
1017,10:20:54,58.51,321751,55,买盘
1018,10:20:57,58.5,181345,31,卖盘
1019,10:21:01,58.51,637656,109,买盘
1020,10:21:03,58.51,450494,77,买盘
1021,10:21:06,58.51,40956,7,买盘
1022,10:21:09,58.5,959371,164,卖盘
1023,10:21:12,58.5,46800,8,买盘
1024,10:21:15,58.49,1298649,222,卖盘
1025,10:21:18,58.49,1450609,248,卖盘
1026,10:21:21,58.45,4327434,740,卖盘
1027,10:21:24,58.42,759721,130,卖盘
1028,10:21:27,58.42,52584,9,卖盘
1029,10:21:30,58.42,455800,78,卖盘
1030,10:21:34,58.41,496627,85,卖盘
1031,10:21:36,58.4,776758,133,卖盘
1032,10:21:39,58.41,1664457,285,中性盘
1033,10:21:42,58.41,443923,76,中性盘
1034,10:21:45,58.4,181038,31,卖盘
1035,10:21:48,58.4,1623647,278,买盘
1036,10:21:51,58.4,245295,42,卖盘
1037,10:21:54,58.41,210250,36,买盘
1038,10:21:57,58.4,648240,111,中性盘
1039,10:22:00,58.4,749216,128,买盘
1040,10:22:03,58.39,975172,167,卖盘
1041,10:22:06,58.38,949554,163,卖盘
1042,10:22:09,58.37,531263,91,卖盘
1043,10:22:12,58.38,192664,33,中性盘
1044,10:22:15,58.37,81728,14,卖盘
1045,10:22:18,58.37,776507,133,卖盘
1046,10:22:21,58.37,373594,64,卖盘
1047,10:22:25,58.37,939792,161,卖盘
1048,10:22:27,58.38,665527,114,买盘
1049,10:22:30,58.38,3359700,575,中性盘
1050,10:22:34,58.42,163563,28,买盘
1051,10:22:36,58.42,525871,90,买盘
1052,10:22:39,58.44,128578,22,中性盘
1053,10:22:42,58.49,1654260,283,买盘
1054,10:22:45,58.45,1397192,239,卖盘
1055,10:22:48,58.49,5849,1,买盘
1056,10:22:51,58.49,1064563,182,买盘
1057,10:22:54,58.5,485522,83,买盘
1058,10:22:57,58.49,895046,153,卖盘
1059,10:23:00,58.5,1287000,220,买盘
1060,10:23:03,58.5,532380,91,卖盘
1061,10:23:06,58.51,257430,44,买盘
1062,10:23:09,58.52,713834,122,买盘
1063,10:23:12,58.52,637855,109,买盘
1064,10:23:15,58.52,509217,87,卖盘
1065,10:23:18,58.52,684691,117,卖盘
1066,10:23:22,58.52,561705,96,买盘
1067,10:23:24,58.5,87760,15,卖盘
1068,10:23:27,58.5,707890,121,卖盘
1069,10:23:30,58.51,678571,116,买盘
1070,10:23:33,58.5,216459,37,中性盘
1071,10:23:36,58.5,1164330,199,卖盘
1072,10:23:39,58.51,672887,115,买盘
1073,10:23:42,58.52,181400,31,买盘
1074,10:23:45,58.51,386193,66,卖盘
1075,10:23:48,58.52,1392765,238,买盘
1076,10:23:51,58.51,1322330,226,卖盘
1077,10:23:54,58.51,819121,140,买盘
1078,10:23:57,58.5,134551,23,卖盘
1079,10:24:00,58.51,403716,69,买盘
1080,10:24:03,58.51,438799,75,买盘
1081,10:24:06,58.51,257407,44,买盘
1082,10:24:09,58.5,1246129,213,卖盘
1083,10:24:12,58.49,321735,55,卖盘
1084,10:24:15,58.49,584989,100,卖盘
1085,10:24:18,58.49,497241,85,卖盘
1086,10:24:21,58.49,327574,56,卖盘
1087,10:24:24,58.49,216439,37,卖盘
1088,10:24:27,58.49,152074,26,卖盘
1089,10:24:30,58.48,169618,29,卖盘
1090,10:24:33,58.48,157896,27,卖盘
1091,10:24:36,58.48,345032,59,卖盘
1092,10:24:39,58.47,169583,29,卖盘
1093,10:24:42,58.47,29239,5,中性盘
1094,10:24:45,58.48,292358,50,买盘
1095,10:24:48,58.46,397528,68,卖盘
1096,10:24:51,58.44,526056,90,卖盘
1097,10:24:54,58.44,420761,72,中性盘
1098,10:24:57,58.44,105206,18,卖盘
1099,10:25:00,58.43,467562,80,卖盘
1100,10:25:03,58.45,379908,65,买盘
1101,10:25:06,58.45,736463,126,买盘
1102,10:25:09,58.46,572767,98,买盘
1103,10:25:12,58.43,1192565,204,卖盘
1104,10:25:15,58.45,385799,66,买盘
1105,10:25:18,58.46,414947,71,买盘
1106,10:25:21,58.43,315553,54,卖盘
1107,10:25:25,58.45,502642,86,买盘
1108,10:25:27,58.45,262998,45,买盘
1109,10:25:30,58.45,485100,83,买盘
1110,10:25:33,58.45,175343,30,买盘
1111,10:25:36,58.45,420824,72,买盘
1112,10:25:39,58.43,560928,96,卖盘
1113,10:25:42,58.42,181129,31,卖盘
1114,10:25:45,58.42,438166,75,卖盘
1115,10:25:48,58.42,163585,28,买盘
1116,10:25:51,58.42,1051458,180,卖盘
1117,10:25:54,58.42,81788,14,买盘
1118,10:25:57,58.41,1454412,249,卖盘
1119,10:26:00,58.41,146027,25,买盘
1120,10:26:03,58.39,747514,128,卖盘
1121,10:26:06,58.38,1109315,190,卖盘
1122,10:26:09,58.38,490410,84,中性盘
1123,10:26:12,58.36,35016,6,卖盘
1124,10:26:15,58.37,239309,41,买盘
1125,10:26:18,58.38,321062,55,买盘
1126,10:26:21,58.38,256852,44,买盘
1127,10:26:24,58.37,531158,91,卖盘
1128,10:26:27,58.37,122577,21,买盘
1129,10:26:30,58.37,852105,146,买盘
1130,10:26:33,58.37,1027158,176,中性盘
1131,10:26:36,58.38,268515,46,买盘
1132,10:26:39,58.37,437796,75,卖盘
1133,10:26:42,58.37,443616,76,卖盘
1134,10:26:45,58.36,151758,26,卖盘
1135,10:26:48,58.36,589435,101,卖盘
1136,10:26:51,58.36,1079584,185,买盘
1137,10:26:54,58.36,461064,79,卖盘
1138,10:26:57,58.36,525233,90,买盘
1139,10:27:00,58.35,320923,55,买盘
1140,10:27:03,58.35,180913,31,卖盘
1141,10:27:06,58.37,1190690,204,买盘
1142,10:27:09,58.37,916427,157,买盘
1143,10:27:12,58.38,134266,23,买盘
1144,10:27:15,58.39,210212,36,中性盘
1145,10:27:18,58.41,414618,71,买盘
1146,10:27:21,58.39,204421,35,卖盘
1147,10:27:25,58.41,198582,34,买盘
1148,10:27:27,58.42,280394,48,买盘
1149,10:27:30,58.42,905415,155,买盘
1150,10:27:33,58.41,1138947,195,中性盘
1151,10:27:36,58.4,858371,147,买盘
1152,10:27:39,58.39,268629,46,卖盘
1153,10:27:42,58.39,233569,40,买盘
1154,10:27:45,58.4,46719,8,买盘
1155,10:27:48,58.39,379595,65,卖盘
1156,10:27:51,58.4,437963,75,买盘
1157,10:27:54,58.39,683175,117,卖盘
1158,10:27:57,58.37,700605,120,卖盘
1159,10:28:00,58.37,169299,29,卖盘
1160,10:28:03,58.36,682964,117,卖盘
1161,10:28:06,58.35,968758,166,卖盘
1162,10:28:09,58.36,531018,91,买盘
1163,10:28:12,58.36,151715,26,买盘
1164,10:28:15,58.35,180880,31,中性盘
1165,10:28:18,58.35,250901,43,买盘
1166,10:28:21,58.34,367542,63,卖盘
1167,10:28:24,58.34,75840,13,买盘
1168,10:28:27,58.34,99166,17,买盘
1169,10:28:30,58.34,297524,51,买盘
1170,10:28:33,58.34,349989,60,买盘
1171,10:28:36,58.33,373340,64,卖盘
1172,10:28:39,58.34,1254254,215,买盘
1173,10:28:42,58.35,851905,146,买盘
1174,10:28:45,58.35,116693,20,买盘
1175,10:28:48,58.35,396756,68,买盘
1176,10:28:51,58.35,746835,128,买盘
1177,10:28:54,58.35,1020962,175,买盘
1178,10:28:57,58.33,775906,133,卖盘
1179,10:29:00,58.32,606650,104,卖盘
1180,10:29:03,58.32,717457,123,卖盘
1181,10:29:06,58.32,163312,28,卖盘
1182,10:29:09,58.32,87484,15,卖盘
1183,10:29:12,58.32,798984,137,卖盘
1184,10:29:15,58.32,151624,26,买盘
1185,10:29:18,58.3,1037933,178,卖盘
1186,10:29:21,58.3,810444,139,卖盘
1187,10:29:24,58.31,169089,29,中性盘
1188,10:29:27,58.31,1772326,304,卖盘
1189,10:29:30,58.31,489884,84,卖盘
1190,10:29:33,58.32,933094,160,买盘
1191,10:29:36,58.32,880632,151,买盘
1192,10:29:39,58.35,425894,73,买盘
1193,10:29:42,58.35,215835,37,买盘
1194,10:29:45,58.33,169145,29,买盘
1195,10:29:48,58.34,204179,35,买盘
1196,10:29:51,58.33,151657,26,买盘
1197,10:29:54,58.35,169191,29,买盘
1198,10:29:57,58.34,408374,70,买盘
1199,10:30:00,58.34,1084988,186,买盘
1200,10:30:03,58.33,122507,21,中性盘
1201,10:30:06,58.34,285837,49,买盘
1202,10:30:09,58.33,466708,80,卖盘
1203,10:30:12,58.33,338366,58,卖盘
1204,10:30:15,58.34,70006,12,买盘
1205,10:30:18,58.33,140011,24,卖盘
1206,10:30:21,58.34,2747805,471,买盘
1207,10:30:24,58.34,1184384,203,卖盘
1208,10:30:27,58.33,1283463,220,卖盘
1209,10:30:30,58.33,495894,85,卖盘
1210,10:30:33,58.34,81673,14,买盘
1211,10:30:36,58.34,291705,50,买盘
1212,10:30:39,58.34,157539,27,卖盘
1213,10:30:42,58.32,635875,109,卖盘
1214,10:30:45,58.32,396615,68,卖盘
1215,10:30:48,58.32,186648,32,卖盘
1216,10:30:51,58.33,29164,5,买盘
1217,10:30:54,58.32,694015,119,卖盘
1218,10:30:57,58.33,734909,126,买盘
1219,10:31:00,58.34,239150,41,买盘
1220,10:31:03,58.33,320861,55,卖盘
1221,10:31:06,58.33,285826,49,卖盘
1222,10:31:09,58.32,571627,98,卖盘
1223,10:31:12,58.32,93309,16,买盘
1224,10:31:15,58.32,40822,7,买盘
1225,10:31:18,58.31,460710,79,卖盘
1226,10:31:21,58.3,1160348,199,卖盘
1227,10:31:24,58.29,1772319,304,卖盘
1228,10:31:27,58.29,542095,93,买盘
1229,10:31:30,58.29,23314,4,买盘
1230,10:31:33,58.28,174851,30,卖盘
1231,10:31:36,58.28,256450,44,卖盘
1232,10:31:39,58.27,553693,95,卖盘
1233,10:31:42,58.27,168984,29,卖盘
1234,10:31:45,58.28,145696,25,买盘
1235,10:31:48,58.28,256427,44,买盘
1236,10:31:51,58.28,139874,24,卖盘
1237,10:31:54,58.27,40792,7,卖盘
1238,10:31:57,58.28,29136,5,买盘
1239,10:32:00,58.28,495342,85,买盘
1240,10:32:03,58.27,472062,81,卖盘
1241,10:32:06,58.27,308954,53,卖盘
1242,10:32:09,58.29,110753,19,买盘
1243,10:32:12,58.29,204023,35,卖盘
1244,10:32:15,58.3,256520,44,买盘
1245,10:32:18,58.31,961955,165,买盘
1246,10:32:21,58.32,81636,14,买盘
1247,10:32:24,58.32,519066,89,买盘
1248,10:32:27,58.32,1336041,229,卖盘
1249,10:32:30,58.35,361762,62,买盘
1250,10:32:33,58.34,128373,22,卖盘
1251,10:32:36,58.35,466863,80,买盘
1252,10:32:39,58.35,291822,50,卖盘
1253,10:32:42,58.36,251014,43,中性盘
1254,10:32:45,58.37,653826,112,买盘
1255,10:32:48,58.37,502023,86,买盘
1256,10:32:51,58.37,379348,65,卖盘
1257,10:32:54,58.36,321014,55,卖盘
1258,10:32:57,58.36,245100,42,卖盘
1259,10:33:00,58.36,326810,56,买盘
1260,10:33:03,58.36,215930,37,买盘
1261,10:33:06,58.36,116719,20,买盘
1262,10:33:09,58.36,1599044,274,买盘
1263,10:33:12,58.38,1003965,172,买盘
1264,10:33:15,58.41,1138709,195,买盘
1265,10:33:18,58.45,1980827,339,买盘
1266,10:33:21,58.46,327325,56,买盘
1267,10:33:24,58.46,520356,89,买盘
1268,10:33:27,58.44,1326813,227,卖盘
1269,10:33:30,58.44,204545,35,买盘
1270,10:33:33,58.46,87681,15,买盘
1271,10:33:36,58.46,11691,2,买盘
1272,10:33:39,58.46,344874,59,买盘
1273,10:33:42,58.45,187046,32,买盘
1274,10:33:45,58.44,432546,74,卖盘
1275,10:33:48,58.44,368164,63,买盘
1276,10:33:51,58.44,70128,12,买盘
1277,10:33:54,58.44,338944,58,买盘
1278,10:33:57,58.43,169472,29,卖盘
1279,10:34:00,58.44,292194,50,买盘
1280,10:34:03,58.44,520083,89,买盘
1281,10:34:06,58.43,198699,34,中性盘
1282,10:34:09,58.43,280475,48,买盘
1283,10:34:12,58.45,362386,62,买盘
1284,10:34:15,58.46,672237,115,买盘
1285,10:34:18,58.47,771723,132,买盘
1286,10:34:21,58.45,397559,68,卖盘
1287,10:34:24,58.45,461852,79,卖盘
1288,10:34:27,58.47,204637,35,买盘
1289,10:34:30,58.46,333261,57,卖盘
1290,10:34:33,58.47,134462,23,买盘
1291,10:34:36,58.47,859490,147,买盘
1292,10:34:39,58.49,2052631,351,买盘
1293,10:34:42,58.47,426904,73,买盘
1294,10:34:45,58.46,1502507,257,卖盘
1295,10:34:48,58.48,52626,9,买盘
1296,10:34:51,58.49,514696,88,买盘
1297,10:34:54,58.49,99407,17,买盘
1298,10:35:00,58.48,537935,92,卖盘
1299,10:35:03,58.47,339225,58,中性盘
1300,10:35:06,58.47,140313,24,中性盘
1301,10:35:09,58.47,385901,66,买盘
1302,10:35:12,58.48,625704,107,买盘
1303,10:35:15,58.48,146200,25,卖盘
1304,10:35:18,58.49,801287,137,买盘
1305,10:35:21,58.49,1128843,193,买盘
1306,10:35:24,58.49,807176,138,卖盘
1307,10:35:27,58.47,643457,110,卖盘
1308,10:35:30,58.47,368509,63,卖盘
1309,10:35:33,58.48,836516,143,中性盘
1310,10:35:36,58.5,1579350,270,买盘
1311,10:35:39,58.49,122843,21,中性盘
1312,10:35:42,58.49,596578,102,买盘
1313,10:35:45,58.5,3071218,525,买盘
1314,10:35:48,58.5,1064757,182,买盘
1315,10:35:51,58.51,1217114,208,买盘
1316,10:35:54,58.52,1281188,219,买盘
1317,10:35:57,58.51,468144,80,卖盘
1318,10:36:00,58.52,392081,67,买盘
1319,10:36:03,58.51,275027,47,卖盘
1320,10:36:06,58.51,491576,84,卖盘
1321,10:36:09,58.52,1831361,313,买盘
1322,10:36:12,58.5,152109,26,中性盘
1323,10:36:15,58.51,140370,24,买盘
1324,10:36:18,58.48,1205463,206,卖盘
1325,10:36:21,58.47,514654,88,卖盘
1326,10:36:24,58.48,561408,96,买盘
1327,10:36:27,58.48,198832,34,买盘
1328,10:36:30,58.5,339327,58,买盘
1329,10:36:33,58.52,1702996,291,买盘
1330,10:36:36,58.52,2493316,426,卖盘
1331,10:36:39,58.53,380444,65,买盘
1332,10:36:42,58.55,737492,126,买盘
1333,10:36:45,58.55,427324,73,买盘
1334,10:36:48,58.55,339550,58,买盘
1335,10:36:51,58.53,93648,16,卖盘
1336,10:36:54,58.53,199015,34,卖盘
1337,10:36:57,58.53,251693,43,卖盘
1338,10:37:00,58.53,403920,69,卖盘
1339,10:37:03,58.54,181458,31,中性盘
1340,10:37:06,58.52,1404724,240,卖盘
1341,10:37:09,58.52,234113,40,卖盘
1342,10:37:12,58.52,163879,28,卖盘
1343,10:37:15,58.52,345288,59,卖盘
1344,10:37:18,58.52,140456,24,卖盘
1345,10:37:21,58.52,117040,20,卖盘
1346,10:37:24,58.52,632018,108,卖盘
1347,10:37:27,58.52,122892,21,卖盘
1348,10:37:30,58.52,433070,74,卖盘
1349,10:37:33,58.52,877940,150,卖盘
1350,10:37:36,58.52,87780,15,卖盘
1351,10:37:39,58.52,649637,111,卖盘
1352,10:37:42,58.53,245825,42,中性盘
1353,10:37:45,58.53,169725,29,卖盘
1354,10:37:48,58.54,163903,28,买盘
1355,10:37:51,58.53,397985,68,卖盘
1356,10:37:54,58.52,81930,14,卖盘
1357,10:37:57,58.52,58524,10,卖盘
1358,10:38:00,58.52,239956,41,卖盘
1359,10:38:03,58.52,678936,116,卖盘
1360,10:38:06,58.52,462311,79,卖盘
1361,10:38:09,58.52,275069,47,卖盘
1362,10:38:12,58.52,497420,85,卖盘
1363,10:38:15,58.52,637846,109,买盘
1364,10:38:18,58.52,1872791,320,买盘
1365,10:38:21,58.53,392123,67,买盘
1366,10:38:24,58.53,357005,61,买盘
1367,10:38:27,58.52,216528,37,卖盘
1368,10:38:30,58.52,158022,27,卖盘
1369,10:38:33,58.53,216534,37,买盘
1370,10:38:36,58.52,626224,107,卖盘
1371,10:38:39,58.53,503314,86,买盘
1372,10:38:42,58.52,310170,53,卖盘
1373,10:38:45,58.53,3599680,615,买盘
1374,10:38:48,58.52,1153051,197,卖盘
1375,10:38:51,58.54,690759,118,买盘
1376,10:38:54,58.54,1264402,216,买盘
1377,10:38:57,58.54,573669,98,买盘
1378,10:39:00,58.54,485863,83,买盘
1379,10:39:03,58.54,251712,43,买盘
1380,10:39:06,58.53,550270,94,卖盘
1381,10:39:09,58.54,333688,57,买盘
1382,10:39:12,58.54,152220,26,中性盘
1383,10:39:15,58.54,948506,162,卖盘
1384,10:39:18,58.55,860569,147,买盘
1385,10:39:21,58.54,497633,85,卖盘
1386,10:39:24,58.54,1826713,312,卖盘
1387,10:39:27,58.55,603035,103,买盘
1388,10:39:30,58.55,298588,51,买盘
1389,10:39:33,58.55,556157,95,买盘
1390,10:39:36,58.55,3870059,661,买盘
1391,10:39:39,58.55,1728518,295,买盘
1392,10:39:42,58.56,1639635,280,买盘
1393,10:39:45,58.56,2740444,468,买盘
1394,10:39:48,58.55,1902983,325,买盘
1395,10:39:51,58.55,3210287,548,买盘
1396,10:39:54,58.57,790618,135,买盘
1397,10:39:57,58.57,3039672,519,买盘
1398,10:40:00,58.56,1270950,217,卖盘
1399,10:40:03,58.58,819968,140,买盘
1400,10:40:06,58.56,919489,157,卖盘
1401,10:40:09,58.58,486194,83,买盘
1402,10:40:12,58.56,509553,87,卖盘
1403,10:40:15,58.57,251844,43,买盘
1404,10:40:18,58.57,603266,103,买盘
1405,10:40:21,58.57,966321,165,买盘
1406,10:40:24,58.56,3870774,661,卖盘
1407,10:40:27,58.56,404064,69,卖盘
1408,10:40:30,58.57,4052123,692,买盘
1409,10:40:33,58.56,1048265,179,卖盘
1410,10:40:36,58.55,152248,26,卖盘
1411,10:40:39,58.56,538700,92,买盘
1412,10:40:42,58.55,163942,28,卖盘
1413,10:40:45,58.55,122961,21,卖盘
1414,10:40:48,58.56,696856,119,买盘
1415,10:40:51,58.56,368916,63,买盘
1416,10:40:54,58.55,450854,77,卖盘
1417,10:40:57,58.56,134679,23,买盘
1418,10:41:00,58.55,398184,68,卖盘
1419,10:41:03,58.56,327893,56,买盘
1420,10:41:06,58.54,4653210,795,卖盘
1421,10:41:09,58.54,1533730,262,买盘
1422,10:41:12,58.53,64390,11,卖盘
1423,10:41:15,58.55,381792,65,买盘
1424,10:41:18,58.55,690865,118,买盘
1425,10:41:21,58.55,474314,81,卖盘
1426,10:41:24,58.55,690846,118,卖盘
1427,10:41:27,58.56,2506036,428,买盘
1428,10:41:30,58.56,439174,75,买盘
1429,10:41:33,58.54,234200,40,卖盘
1430,10:41:36,58.54,111248,19,卖盘
1431,10:41:39,58.54,351257,60,买盘
1432,10:41:42,58.54,146359,25,买盘
1433,10:41:45,58.53,310241,53,卖盘
1434,10:41:48,58.53,398050,68,卖盘
1435,10:41:51,58.54,204918,35,中性盘
1436,10:41:54,58.54,199026,34,买盘
1437,10:41:57,58.54,128777,22,买盘
1438,10:42:00,58.54,526800,90,买盘
1439,10:42:03,58.54,1861323,318,买盘
1440,10:42:06,58.52,848679,145,卖盘
1441,10:42:09,58.53,655522,112,买盘
1442,10:42:12,58.52,239956,41,卖盘
1443,10:42:15,58.53,152163,26,买盘
1444,10:42:18,58.53,497451,85,买盘
1445,10:42:21,58.53,374558,64,买盘
1446,10:42:24,58.53,1755755,300,买盘
1447,10:42:27,58.53,421422,72,买盘
1448,10:42:30,58.53,316061,54,中性盘
1449,10:42:33,58.53,1504254,257,买盘
1450,10:42:36,58.53,292649,50,卖盘
1451,10:42:39,58.53,632095,108,买盘
1452,10:42:42,58.53,433116,74,买盘
1453,10:42:45,58.53,257524,44,买盘
1454,10:42:48,58.53,152163,26,买盘
1455,10:42:51,58.52,304335,52,卖盘
1456,10:42:54,58.51,1046220,179,卖盘
1457,10:42:57,58.52,327730,56,买盘
1458,10:43:00,58.51,269197,46,卖盘
1459,10:43:03,58.54,1300737,222,买盘
1460,10:43:06,58.56,5064847,865,买盘
1461,10:43:09,58.6,31363648,5353,买盘
1462,10:43:12,58.63,15120972,2580,买盘
1463,10:43:15,58.6,11196246,1910,卖盘
1464,10:43:18,58.63,4398012,750,买盘
1465,10:43:21,58.61,3735954,637,卖盘
1466,10:43:24,58.66,3290606,561,买盘
1467,10:43:27,58.66,1460611,249,买盘
1468,10:43:30,58.65,1478216,252,卖盘
1469,10:43:33,58.66,1706969,291,买盘
1470,10:43:36,58.68,1847903,315,买盘
1471,10:43:39,58.67,287503,49,卖盘
1472,10:43:42,58.69,14018441,2389,买盘
1473,10:43:45,58.72,1229364,209,买盘
1474,10:43:48,58.71,3500132,596,买盘
1475,10:43:51,58.73,1086472,185,买盘
1476,10:43:54,58.75,2561152,436,买盘
1477,10:43:57,58.75,3443203,586,买盘
1478,10:44:00,58.76,1463468,249,中性盘
1479,10:44:03,58.76,3373186,574,卖盘
1480,10:44:06,58.75,3342934,569,卖盘
1481,10:44:09,58.75,4541467,773,买盘
1482,10:44:12,58.74,1609784,274,卖盘
1483,10:44:15,58.75,2343797,399,中性盘
1484,10:44:18,58.74,663886,113,买盘
1485,10:44:21,58.75,493466,84,买盘
1486,10:44:24,58.74,487563,83,卖盘
1487,10:44:27,58.73,1039543,177,卖盘
1488,10:44:30,58.75,887027,151,买盘
1489,10:44:33,58.74,311326,53,卖盘
1490,10:44:36,58.74,798751,136,买盘
1491,10:44:39,58.74,4980185,848,买盘
1492,10:44:42,58.73,1285885,219,卖盘
1493,10:44:45,58.71,111544,19,中性盘
1494,10:44:48,58.71,258295,44,买盘
1495,10:44:51,58.71,58709,10,卖盘
1496,10:44:54,58.73,687055,117,买盘
1497,10:44:57,58.7,64593,11,卖盘
1498,10:45:00,58.73,240734,41,买盘
1499,10:45:03,58.7,463822,79,卖盘
1500,10:45:06,58.7,616465,105,卖盘
1501,10:45:09,58.71,957153,163,中性盘
1502,10:45:12,58.71,1967293,335,卖盘
1503,10:45:15,58.73,2319784,395,买盘
1504,10:45:18,58.74,6359993,1083,买盘
1505,10:45:21,58.73,3188516,543,卖盘
1506,10:45:24,58.73,328909,56,卖盘
1507,10:45:27,58.74,328927,56,买盘
1508,10:45:30,58.74,1721030,293,买盘
1509,10:45:33,58.73,945713,161,卖盘
1510,10:45:36,58.74,804741,137,买盘
1511,10:45:39,58.74,616843,105,卖盘
1512,10:45:42,58.74,152734,26,卖盘
1513,10:45:45,58.75,481687,82,买盘
1514,10:45:48,58.74,1309946,223,卖盘
1515,10:45:51,58.74,105732,18,卖盘
1516,10:45:54,58.74,164477,28,卖盘
1517,10:45:57,58.73,1063158,181,卖盘
1518,10:46:00,58.77,10028584,1707,买盘
1519,10:46:03,58.79,6059089,1031,买盘
1520,10:46:06,58.78,870046,148,买盘
1521,10:46:09,58.78,487922,83,卖盘
1522,10:46:12,58.78,864111,147,卖盘
1523,10:46:15,58.8,964281,164,买盘
1524,10:46:18,58.8,634994,108,买盘
1525,10:46:21,58.79,640827,109,卖盘
1526,10:46:24,58.79,1381509,235,买盘
1527,10:46:27,58.78,2140261,364,卖盘
1528,10:46:30,58.79,3709338,631,中性盘
1529,10:46:33,58.79,94071,16,卖盘
1530,10:46:36,58.78,828872,141,卖盘
1531,10:46:39,58.79,558491,95,买盘
1532,10:46:42,58.77,4931847,839,卖盘
1533,10:46:45,58.78,282160,48,中性盘
1534,10:46:48,58.79,2363531,402,买盘
1535,10:46:51,58.78,734895,125,卖盘
1536,10:46:54,58.76,452633,77,卖盘
1537,10:46:57,58.79,2869340,488,买盘
1538,10:47:00,58.79,4450510,757,卖盘
1539,10:47:03,58.78,64660,11,卖盘
1540,10:47:06,58.8,5380128,915,买盘
1541,10:47:09,58.78,193978,33,中性盘
1542,10:47:12,58.79,811275,138,买盘
1543,10:47:15,58.79,617227,105,卖盘
1544,10:47:18,58.79,1893068,322,卖盘
1545,10:47:21,58.78,358593,61,卖盘
1546,10:47:24,58.8,2681088,456,买盘
1547,10:47:27,58.79,3422015,582,买盘
1548,10:47:30,58.79,4173233,710,买盘
1549,10:47:33,58.79,364486,62,买盘
1550,10:47:36,58.78,323320,55,卖盘
1551,10:47:39,58.78,629043,107,卖盘
1552,10:47:42,58.79,905238,154,买盘
1553,10:47:45,58.79,1469777,250,买盘
1554,10:47:48,58.79,1087674,185,卖盘
1555,10:47:51,58.79,864336,147,卖盘
1556,10:47:54,58.79,378030,64,卖盘
1557,10:47:57,58.79,687914,117,卖盘
1558,10:48:00,58.8,582084,99,买盘
1559,10:48:03,58.79,505651,86,卖盘
1560,10:48:06,58.79,1122971,191,卖盘
1561,10:48:09,58.8,952455,162,买盘
1562,10:48:12,58.79,194013,33,卖盘
1563,10:48:15,58.79,799578,136,卖盘
1564,10:48:18,58.79,1275801,217,卖盘
1565,10:48:21,58.79,8596280,1462,卖盘
1566,10:48:24,58.79,564418,96,卖盘
1567,10:48:27,58.8,393943,67,买盘
1568,10:48:30,58.79,1364138,232,卖盘
1569,10:48:33,58.8,535023,91,买盘
1570,10:48:36,58.8,1863949,317,买盘
1571,10:48:39,58.79,1340629,228,卖盘
1572,10:48:42,58.8,740835,126,买盘
1573,10:48:45,58.8,282218,48,买盘
1574,10:48:48,58.81,3510419,597,买盘
1575,10:48:51,58.81,811534,138,买盘
1576,10:48:54,58.81,552775,94,买盘
1577,10:48:57,58.81,658643,112,买盘
1578,10:49:00,58.81,699756,119,买盘
1579,10:49:03,58.81,482182,82,买盘
1580,10:49:06,58.8,446913,76,卖盘
1581,10:49:09,58.8,999653,170,卖盘
1582,10:49:12,58.81,517473,88,买盘
1583,10:49:15,58.81,1035158,176,买盘
1584,10:49:18,58.81,1052567,179,买盘
1585,10:49:21,58.81,1105484,188,买盘
1586,10:49:24,58.81,3058908,520,买盘
1587,10:49:27,58.82,470644,80,中性盘
1588,10:49:30,58.81,746959,127,卖盘
1589,10:49:33,58.85,488274,83,买盘
1590,10:49:36,58.82,817843,139,卖盘
1591,10:49:39,58.85,1123978,191,买盘
1592,10:49:42,58.83,282429,48,卖盘
1593,10:49:45,58.84,252998,43,买盘
1594,10:49:48,58.84,694260,118,买盘
1595,10:49:51,58.83,1306229,222,卖盘
1596,10:49:54,58.84,3389693,576,中性盘
1597,10:49:57,58.84,294162,50,买盘
1598,10:50:00,58.84,1065162,181,卖盘
1599,10:50:03,58.83,3048379,518,卖盘
1600,10:50:06,58.84,1353308,230,买盘
1601,10:50:09,58.84,1182657,201,买盘
1602,10:50:12,58.82,2812491,478,卖盘
1603,10:50:15,58.82,129433,22,卖盘
1604,10:50:18,58.84,529502,90,买盘
1605,10:50:21,58.83,305924,52,买盘
1606,10:50:24,58.84,1153262,196,买盘
1607,10:50:27,58.84,676601,115,卖盘
1608,10:50:30,58.83,1235580,210,卖盘
1609,10:50:33,58.84,229459,39,买盘
1610,10:50:36,58.83,470652,80,卖盘
1611,10:50:39,58.83,1571014,267,卖盘
1612,10:50:42,58.84,758828,129,买盘
1613,10:50:45,58.84,100023,17,买盘
1614,10:50:48,58.83,411809,70,卖盘
1615,10:50:51,58.83,100011,17,买盘
1616,10:50:54,58.82,194115,33,卖盘
1617,10:50:57,58.8,1958682,333,卖盘
1618,10:51:00,58.79,405708,69,卖盘
1619,10:51:03,58.79,1293420,220,卖盘
1620,10:51:06,58.77,1487925,253,卖盘
1621,10:51:09,58.79,411575,70,买盘
1622,10:51:12,58.77,382093,65,卖盘
1623,10:51:15,58.77,164618,28,卖盘
1624,10:51:18,58.79,311563,53,买盘
1625,10:51:21,58.77,534860,91,卖盘
1626,10:51:24,58.77,176310,30,买盘
1627,10:51:27,58.78,52897,9,买盘
1628,10:51:30,58.77,252751,43,卖盘
1629,10:51:33,58.77,223346,38,卖盘
1630,10:51:36,58.78,217496,37,买盘
1631,10:51:39,58.74,2338448,398,卖盘
1632,10:51:42,58.74,264331,45,卖盘
1633,10:51:45,58.74,1821779,310,卖盘
1634,10:51:48,58.76,346700,59,买盘
1635,10:51:51,58.76,270308,46,卖盘
1636,10:51:54,58.76,270290,46,卖盘
1637,10:51:57,58.76,311399,53,买盘
1638,10:52:00,58.76,757945,129,买盘
1639,10:52:03,58.77,299708,51,买盘
1640,10:52:06,58.78,628997,107,买盘
1641,10:52:09,58.77,746383,127,卖盘
1642,10:52:12,58.77,393759,67,买盘
1643,10:52:15,58.77,205699,35,买盘
1644,10:52:18,58.78,282096,48,买盘
1645,10:52:21,58.77,123435,21,卖盘
1646,10:52:24,58.78,47018,8,买盘
1647,10:52:27,58.78,552543,94,买盘
1648,10:52:30,58.79,252790,43,买盘
1649,10:52:33,58.8,570295,97,买盘
1650,10:52:36,58.78,311582,53,卖盘
1651,10:52:39,58.8,623256,106,买盘
1652,10:52:42,58.8,288115,49,买盘
1653,10:52:45,58.8,611517,104,买盘
1654,10:52:48,58.82,1747955,297,买盘
1655,10:52:51,58.84,1594375,271,买盘
1656,10:52:54,58.84,659008,112,买盘
1657,10:52:57,58.83,294172,50,卖盘
1658,10:53:00,58.83,505987,86,买盘
1659,10:53:03,58.82,664770,113,卖盘
1660,10:53:06,58.83,583848,99,中性盘
1661,10:53:09,58.83,2582572,439,买盘
1662,10:53:12,58.83,1217775,207,买盘
1663,10:53:15,58.83,1582362,269,买盘
1664,10:53:18,58.82,900083,153,卖盘
1665,10:53:21,58.83,1488382,253,买盘
1666,10:53:24,58.82,553041,94,卖盘
1667,10:53:27,58.84,941353,160,买盘
1668,10:53:30,58.83,800162,136,卖盘
1669,10:53:33,58.85,1235666,210,买盘
1670,10:53:36,58.84,682623,116,卖盘
1671,10:53:39,58.85,541410,92,买盘
1672,10:53:42,58.85,353094,60,买盘
1673,10:53:45,58.84,394261,67,卖盘
1674,10:53:48,58.85,429581,73,买盘
1675,10:53:51,58.85,194201,33,买盘
1676,10:53:54,58.84,617894,105,卖盘
1677,10:53:57,58.85,364857,62,买盘
1678,10:54:00,58.84,588453,100,卖盘
1679,10:54:03,58.84,812007,138,卖盘
1680,10:54:06,58.84,635536,108,卖盘
1681,10:54:09,58.84,382456,65,买盘
1682,10:54:12,58.83,476573,81,卖盘
1683,10:54:15,58.83,364760,62,卖盘
1684,10:54:18,58.84,423625,72,买盘
1685,10:54:21,58.83,2570915,437,卖盘
1686,10:54:24,58.82,1005939,171,卖盘
1687,10:54:27,58.82,411757,70,卖盘
1688,10:54:30,58.82,235280,40,买盘
1689,10:54:33,58.81,170561,29,卖盘
1690,10:54:36,58.81,182312,31,卖盘
1691,10:54:39,58.81,35286,6,买盘
1692,10:54:42,58.8,870261,148,卖盘
1693,10:54:45,58.81,2093454,356,买盘
1694,10:54:48,58.8,529348,90,卖盘
1695,10:54:51,58.8,329317,56,买盘
1696,10:54:54,58.8,205809,35,买盘
1697,10:54:57,58.8,264592,45,买盘
1698,10:55:00,58.79,435108,74,卖盘
1699,10:55:03,58.79,488034,83,买盘
1700,10:55:06,58.79,470285,80,买盘
1701,10:55:09,58.8,146984,25,买盘
1702,10:55:12,58.79,188146,32,卖盘
1703,10:55:15,58.79,146995,25,卖盘
1704,10:55:18,58.79,1928623,328,卖盘
1705,10:55:21,58.79,658529,112,买盘
1706,10:55:24,58.79,846497,144,买盘
1707,10:55:27,58.78,999150,170,中性盘
1708,10:55:30,58.78,540842,92,卖盘
1709,10:55:33,58.78,405638,69,卖盘
1710,10:55:36,58.78,141088,24,卖盘
1711,10:55:39,58.79,393866,67,买盘
1712,10:55:42,58.78,141069,24,买盘
1713,10:55:45,58.77,446703,76,卖盘
1714,10:55:48,58.77,270371,46,卖盘
1715,10:55:51,58.78,299739,51,买盘
1716,10:55:54,58.77,329143,56,卖盘
1717,10:55:57,58.77,405551,69,卖盘
1718,10:56:00,58.77,476078,81,卖盘
1719,10:56:03,58.78,199840,34,买盘
1720,10:56:06,58.77,458433,78,买盘
1721,10:56:09,58.77,581837,99,买盘
1722,10:56:12,58.76,5019944,854,卖盘
1723,10:56:15,58.8,1823248,310,买盘
1724,10:56:18,58.83,4083587,694,买盘
1725,10:56:21,58.84,5261150,894,中性盘
1726,10:56:24,58.84,1512438,257,卖盘
1727,10:56:27,58.84,2701212,459,卖盘
1728,10:56:30,58.84,641432,109,卖盘
1729,10:56:33,58.85,1106363,188,买盘
1730,10:56:36,58.85,1035618,176,买盘
1731,10:56:39,58.85,794410,135,买盘
1732,10:56:42,58.84,900262,153,买盘
1733,10:56:45,58.83,682586,116,卖盘
1734,10:56:48,58.84,765013,130,卖盘
1735,10:56:51,58.85,547265,93,买盘
1736,10:56:54,58.85,676755,115,买盘
1737,10:56:57,58.85,529633,90,买盘
1738,10:57:00,58.84,741471,126,卖盘
1739,10:57:03,58.84,553154,94,卖盘
1740,10:57:06,58.84,2477483,421,买盘
1741,10:57:09,58.85,3401948,578,买盘
1742,10:57:12,58.85,2077888,353,卖盘
1743,10:57:15,58.86,3066135,521,买盘
1744,10:57:18,58.86,2013291,342,买盘
1745,10:57:21,58.87,1271573,216,买盘
1746,10:57:24,58.87,5581741,948,卖盘
1747,10:57:27,58.88,2125559,361,买盘
1748,10:57:30,58.87,7954655,1351,卖盘
1749,10:57:33,58.88,1919484,326,买盘
1750,10:57:36,58.87,4480741,761,卖盘
1751,10:57:39,58.89,1301385,221,买盘
1752,10:57:42,58.89,3197706,543,买盘
1753,10:57:45,58.89,636010,108,买盘
1754,10:57:48,58.89,4781496,812,买盘
1755,10:57:51,58.88,2550246,433,中性盘
1756,10:57:54,58.87,1807825,307,卖盘
1757,10:57:57,58.89,1607690,273,买盘
1758,10:58:00,58.88,3009737,511,中性盘
1759,10:58:03,58.89,948239,161,买盘
1760,10:58:06,58.9,2120863,360,买盘
1761,10:58:09,58.92,1466999,249,买盘
1762,10:58:12,58.93,1726379,293,买盘
1763,10:58:15,58.94,1455689,247,买盘
1764,10:58:18,58.93,2457822,417,买盘
1765,10:58:21,58.93,872302,148,买盘
1766,10:58:24,58.93,2787913,473,卖盘
1767,10:58:27,58.95,2287315,388,买盘
1768,10:58:30,58.94,4846150,822,卖盘
1769,10:58:33,58.95,2653126,450,买盘
1770,10:58:36,58.97,1579863,268,买盘
1771,10:58:39,58.97,2700269,458,买盘
1772,10:58:42,58.94,377232,64,买盘
1773,10:58:45,58.95,1585860,269,买盘
1774,10:58:48,58.92,3053355,518,卖盘
1775,10:58:51,58.94,4687234,795,中性盘
1776,10:58:54,58.93,2446915,415,卖盘
1777,10:58:57,58.92,1001978,170,卖盘
1778,10:59:00,58.93,418454,71,买盘
1779,10:59:03,58.92,1078561,183,中性盘
1780,10:59:06,58.95,1520849,258,买盘
1781,10:59:09,58.96,2441049,414,买盘
1782,10:59:12,58.96,5313062,901,买盘
1783,10:59:15,58.95,2105042,357,卖盘
1784,10:59:18,58.95,1285461,218,买盘
1785,10:59:21,58.95,2889702,490,卖盘
1786,10:59:24,58.96,1373815,233,买盘
1787,10:59:27,58.96,2205387,374,买盘
1788,10:59:30,58.98,4629702,785,买盘
1789,10:59:33,58.98,6405053,1086,买盘
1790,10:59:36,58.96,1250258,212,中性盘
1791,10:59:39,58.97,654481,111,买盘
1792,10:59:42,58.96,972823,165,卖盘
1793,10:59:45,58.96,3661905,621,买盘
1794,10:59:48,58.98,1403419,238,买盘
1795,10:59:51,58.98,7219044,1224,买盘
1796,10:59:54,58.99,4765857,808,买盘
1797,10:59:57,58.97,937682,159,买盘
1798,11:00:00,58.96,1886678,320,卖盘
1799,11:00:03,58.96,542446,92,买盘
1800,11:00:06,58.98,642862,109,买盘
1801,11:00:09,58.96,1940328,329,卖盘
1802,11:00:12,58.97,890511,151,中性盘
1803,11:00:15,58.98,1403758,238,买盘
1804,11:00:18,58.98,601652,102,卖盘
1805,11:00:21,58.96,1757270,298,卖盘
1806,11:00:24,58.97,1840247,312,买盘
1807,11:00:27,58.97,5011999,850,卖盘
1808,11:00:30,58.98,2600666,441,买盘
1809,11:00:33,58.95,565853,96,中性盘
1810,11:00:36,58.93,1149478,195,卖盘
1811,11:00:39,58.96,836865,142,买盘
1812,11:00:42,58.94,4570498,775,卖盘
1813,11:00:45,58.93,783682,133,卖盘
1814,11:00:48,58.94,170933,29,买盘
1815,11:00:51,58.92,388988,66,卖盘
1816,11:00:54,58.93,335905,57,买盘
1817,11:00:57,58.93,789591,134,买盘
1818,11:01:00,58.94,471529,80,买盘
1819,11:01:03,58.95,1715584,291,买盘
1820,11:01:06,58.93,919646,156,卖盘
1821,11:01:09,58.93,2860108,485,卖盘
1822,11:01:12,58.93,400721,68,中性盘
1823,11:01:15,58.92,919291,156,卖盘
1824,11:01:18,58.91,1832224,311,卖盘
1825,11:01:21,58.91,2338117,397,中性盘
1826,11:01:24,58.9,842427,143,中性盘
1827,11:01:27,58.9,412381,70,买盘
1828,11:01:30,58.9,642218,109,卖盘
1829,11:01:33,58.95,1980436,336,买盘
1830,11:01:36,58.97,1609811,273,买盘
1831,11:01:39,58.98,990851,168,买盘
1832,11:01:42,58.98,872884,148,买盘
1833,11:01:45,58.93,2641877,448,卖盘
1834,11:01:48,58.93,890307,151,卖盘
1835,11:01:51,58.89,825133,140,卖盘
1836,11:01:54,58.93,38769885,6573,买盘
1837,11:01:57,58.93,9118557,1546,卖盘
1838,11:02:00,58.94,5562782,943,卖盘
1839,11:02:03,58.98,5090605,863,买盘
1840,11:02:06,59.0,3232885,548,买盘
1841,11:02:09,58.93,2134027,362,卖盘
1842,11:02:12,58.94,1214507,206,买盘
1843,11:02:15,58.95,294773,50,买盘
1844,11:02:18,58.98,2306201,391,买盘
1845,11:02:21,58.99,2630691,446,买盘
1846,11:02:24,59.0,3640015,617,买盘
1847,11:02:27,59.0,1079607,183,买盘
1848,11:02:30,58.98,849458,144,卖盘
1849,11:02:33,58.99,2377453,403,买盘
1850,11:02:36,58.98,4076636,691,卖盘
1851,11:02:39,58.99,2896678,491,买盘
1852,11:02:42,59.0,1262552,214,买盘
1853,11:02:45,58.99,2778653,471,卖盘
1854,11:02:48,58.99,890751,151,卖盘
1855,11:02:51,58.99,3268513,554,买盘
1856,11:02:54,58.99,943917,160,卖盘
1857,11:02:57,58.99,1504389,255,买盘
1858,11:03:00,58.98,1899768,322,卖盘
1859,11:03:03,58.98,1527786,259,卖盘
1860,11:03:06,58.98,1657583,281,卖盘
1861,11:03:09,58.98,1026339,174,卖盘
1862,11:03:12,58.98,1604262,272,买盘
1863,11:03:15,58.97,967284,164,卖盘
1864,11:03:18,58.98,1102736,187,买盘
1865,11:03:21,58.97,1020200,173,中性盘
1866,11:03:24,58.96,2789571,473,中性盘
1867,11:03:27,58.98,4524114,767,买盘
1868,11:03:30,58.94,1545059,262,卖盘
1869,11:03:33,58.96,1751327,297,中性盘
1870,11:03:36,58.96,2931052,497,买盘
1871,11:03:39,58.99,1392154,236,买盘
1872,11:03:42,59.0,2920400,495,买盘
1873,11:03:45,58.99,938061,159,卖盘
1874,11:03:48,58.98,1811083,307,卖盘
1875,11:03:51,58.98,949785,161,卖盘
1876,11:03:54,58.97,2394675,406,卖盘
1877,11:03:57,58.97,2341065,397,卖盘
1878,11:04:00,58.95,560177,95,卖盘
1879,11:04:03,58.98,1255571,213,买盘
1880,11:04:06,58.96,507063,86,买盘
1881,11:04:09,58.94,619153,105,卖盘
1882,11:04:12,58.93,884297,150,卖盘
1883,11:04:15,58.93,842880,143,买盘
1884,11:04:18,58.91,1048860,178,卖盘
1885,11:04:21,58.92,3152130,535,买盘
1886,11:04:24,58.92,1738401,295,买盘
1887,11:04:27,58.93,1555887,264,中性盘
1888,11:04:30,58.89,878087,149,卖盘
1889,11:04:33,58.91,642227,109,买盘
1890,11:04:36,58.92,1048427,178,买盘
1891,11:04:39,58.88,394581,67,卖盘
1892,11:04:42,58.89,647922,110,买盘
1893,11:04:45,58.88,229648,39,卖盘
1894,11:04:48,58.9,1401828,238,买盘
1895,11:04:51,58.88,1997050,339,卖盘
1896,11:04:54,58.9,2691917,457,买盘
1897,11:04:57,58.95,1249021,212,买盘
1898,11:05:00,58.96,3105398,527,买盘
1899,11:05:03,58.94,2145764,364,卖盘
1900,11:05:06,58.95,1384829,235,买盘
1901,11:05:09,58.88,3182507,540,中性盘
1902,11:05:12,58.88,188468,32,买盘
1903,11:05:15,58.89,889784,151,中性盘
1904,11:05:18,58.87,2402455,408,卖盘
1905,11:05:21,58.93,1755739,298,买盘
1906,11:05:24,58.93,854171,145,买盘
1907,11:05:27,58.95,3112569,528,买盘
1908,11:05:30,58.97,2676868,454,买盘
1909,11:05:33,58.93,601433,102,买盘
1910,11:05:36,58.95,1343958,228,卖盘
1911,11:05:39,58.95,1426849,242,买盘
1912,11:05:42,58.95,695591,118,买盘
1913,11:05:45,58.94,1880587,319,卖盘
1914,11:05:48,58.94,1403530,238,卖盘
1915,11:05:51,58.95,1415304,240,中性盘
1916,11:05:54,58.98,1710387,290,买盘
1917,11:05:57,58.99,4837156,820,买盘
1918,11:06:00,58.98,8004845,1357,卖盘
1919,11:06:03,58.99,4253095,721,买盘
1920,11:06:06,58.99,2029540,344,卖盘
1921,11:06:09,58.99,1822929,309,卖盘
1922,11:06:12,58.98,1421611,241,卖盘
1923,11:06:15,58.97,1350550,229,卖盘
1924,11:06:18,58.98,1415465,240,买盘
1925,11:06:21,58.97,1491840,253,买盘
1926,11:06:24,58.96,878653,149,中性盘
1927,11:06:27,58.95,731068,124,中性盘
1928,11:06:30,58.98,1704366,289,买盘
1929,11:06:33,58.94,542525,92,卖盘
1930,11:06:36,58.98,949588,161,买盘
1931,11:06:39,58.98,902449,153,卖盘
1932,11:06:42,58.99,2477530,420,买盘
1933,11:06:45,58.99,2005834,340,卖盘
1934,11:06:48,59.0,2643108,448,买盘
1935,11:06:51,58.99,855442,145,卖盘
1936,11:06:54,59.0,849576,144,买盘
1937,11:06:57,59.0,1232999,209,买盘
1938,11:07:00,59.0,1563452,265,买盘
1939,11:07:03,59.0,890873,151,买盘
1940,11:07:06,58.99,1351006,229,卖盘
1941,11:07:09,58.99,412952,70,卖盘
1942,11:07:12,58.99,519107,88,买盘
1943,11:07:15,58.99,1616326,274,买盘
1944,11:07:18,58.99,2932274,497,卖盘
1945,11:07:21,58.98,1179760,200,卖盘
1946,11:07:24,58.97,778554,132,卖盘
1947,11:07:27,58.98,436392,74,买盘
1948,11:07:30,58.95,229944,39,卖盘
1949,11:07:33,58.96,277125,47,买盘
1950,11:07:36,58.95,1768609,300,卖盘
1951,11:07:39,58.94,559998,95,卖盘
1952,11:07:42,58.95,347816,59,买盘
1953,11:07:45,58.97,259400,44,买盘
1954,11:07:48,58.98,1946086,330,买盘
1955,11:07:51,58.96,94329,16,买盘
1956,11:07:54,58.96,571851,97,中性盘
1957,11:07:57,58.95,619069,105,卖盘
1958,11:08:00,58.95,1167212,198,卖盘
1959,11:08:03,58.95,583625,99,买盘
1960,11:08:06,58.93,1107905,188,卖盘
1961,11:08:09,58.92,329926,56,买盘
1962,11:08:12,58.91,282725,48,中性盘
1963,11:08:15,58.9,630154,107,买盘
1964,11:08:18,58.89,135447,23,卖盘
1965,11:08:21,58.89,188460,32,卖盘
1966,11:08:24,58.89,282679,48,卖盘
1967,11:08:27,58.87,1536799,261,卖盘
1968,11:08:30,58.87,977267,166,卖盘
1969,11:08:33,58.88,1942829,330,买盘
1970,11:08:36,58.89,1136487,193,买盘
1971,11:08:39,58.9,1160093,197,买盘
1972,11:08:42,58.86,259111,44,卖盘
1973,11:08:45,58.88,235522,40,卖盘
1974,11:08:48,58.88,341504,58,买盘
1975,11:08:51,58.9,477059,81,买盘
1976,11:08:54,58.91,435895,74,买盘
1977,11:08:57,58.9,1166368,198,卖盘
1978,11:09:00,58.91,512556,87,买盘
1979,11:09:03,58.9,1260837,214,卖盘
1980,11:09:06,58.92,435952,74,买盘
1981,11:09:09,58.94,318221,54,买盘
1982,11:09:12,58.94,318272,54,买盘
1983,11:09:15,58.92,518575,88,卖盘
1984,11:09:18,58.93,265157,45,买盘
1985,11:09:21,58.92,400726,68,卖盘
1986,11:09:24,58.92,123743,21,卖盘
1987,11:09:27,58.93,288732,49,买盘
1988,11:09:30,58.93,701228,119,买盘
1989,11:09:33,58.93,1261140,214,买盘
1990,11:09:36,58.94,306453,52,买盘
1991,11:09:39,58.96,2912136,494,买盘
1992,11:09:42,58.96,748805,127,买盘
1993,11:09:45,58.96,2754244,467,卖盘
1994,11:09:48,58.95,902087,153,卖盘
1995,11:09:51,58.95,878454,149,买盘
1996,11:09:54,58.92,736651,125,卖盘
1997,11:09:57,58.92,447801,76,买盘
1998,11:10:00,58.93,259278,44,买盘
1999,11:10:03,58.93,241640,41,买盘
2000,11:10:06,58.92,447905,76,卖盘
2001,11:10:09,58.94,483320,82,买盘
2002,11:10:12,58.92,577585,98,卖盘
2003,11:10:15,58.92,424289,72,卖盘
2004,11:10:18,58.92,265124,45,买盘
2005,11:10:21,58.94,665875,113,买盘
2006,11:10:24,58.92,111952,19,中性盘
2007,11:10:27,58.91,807212,137,卖盘
2008,11:10:30,58.89,182586,31,卖盘
2009,11:10:33,58.9,100130,17,买盘
2010,11:10:36,58.89,1112970,189,卖盘
2011,11:10:39,58.91,518304,88,买盘
2012,11:10:42,58.89,630312,107,中性盘
2013,11:10:45,58.88,748052,127,卖盘
2014,11:10:48,58.89,477066,81,中性盘
2015,11:10:51,58.9,206121,35,买盘
2016,11:10:54,58.89,182562,31,卖盘
2017,11:10:57,58.88,341560,58,卖盘
2018,11:11:00,58.89,797841,135,买盘
2019,11:11:03,58.9,1124917,191,买盘
2020,11:11:06,58.89,1337092,227,卖盘
2021,11:11:09,58.89,194325,33,买盘
2022,11:11:12,58.9,488814,83,买盘
2023,11:11:15,58.89,538898,92,卖盘
2024,11:11:18,58.89,329837,56,卖盘
2025,11:11:21,58.9,506531,86,买盘
2026,11:11:24,58.91,830733,141,买盘
2027,11:11:27,58.94,1480754,251,买盘
2028,11:11:30,58.95,495131,84,买盘
2029,11:11:33,58.94,607095,103,卖盘
2030,11:11:36,58.94,4195224,712,卖盘
2031,11:11:39,58.92,271005,46,卖盘
2032,11:11:42,58.91,412337,70,卖盘
2033,11:11:45,58.91,217942,37,买盘
2034,11:11:48,58.91,241536,41,买盘
2035,11:11:51,58.91,53016,9,买盘
2036,11:11:54,58.9,247419,42,卖盘
2037,11:11:57,58.91,135493,23,卖盘
2038,11:12:00,58.9,176722,30,卖盘
2039,11:12:03,58.91,235616,40,买盘
2040,11:12:06,58.91,506633,86,买盘
2041,11:12:09,58.91,123702,21,买盘
2042,11:12:12,58.92,547901,93,买盘
2043,11:12:15,58.91,223861,38,卖盘
2044,11:12:18,58.91,106049,18,卖盘
2045,11:12:21,58.91,1890865,321,卖盘
2046,11:12:24,58.92,648148,110,买盘
2047,11:12:27,58.92,447792,76,卖盘
2048,11:12:30,58.93,259262,44,买盘
2049,11:12:33,58.9,848409,144,卖盘
2050,11:12:36,58.9,194354,33,买盘
2051,11:12:39,58.92,512532,87,买盘
2052,11:12:42,58.91,253303,43,中性盘
2053,11:12:45,58.91,329896,56,卖盘
2054,11:12:48,58.92,1013325,172,买盘
2055,11:12:51,58.91,64810,11,卖盘
2056,11:12:54,58.91,235648,40,卖盘
2057,11:12:57,58.9,382862,65,卖盘
2058,11:13:00,58.89,912815,155,卖盘
2059,11:13:03,58.88,111879,19,卖盘
2060,11:13:06,58.87,211954,36,卖盘
2061,11:13:09,58.88,88317,15,买盘
2062,11:13:12,58.87,223712,38,卖盘
2063,11:13:15,58.87,182491,31,卖盘
2064,11:13:18,58.87,176610,30,卖盘
2065,11:13:21,58.87,871153,148,买盘
2066,11:13:24,58.87,435631,74,买盘
2067,11:13:27,58.86,153045,26,卖盘
2068,11:13:30,58.86,105949,18,卖盘
2069,11:13:33,58.86,641654,109,卖盘
2070,11:13:36,58.86,147149,25,买盘
2071,11:13:39,58.86,117711,20,买盘
2072,11:13:42,58.86,541486,92,买盘
2073,11:13:45,58.85,70620,12,卖盘
2074,11:13:48,58.85,182435,31,卖盘
2075,11:13:51,58.86,335491,57,买盘
2076,11:13:54,58.85,1006354,171,卖盘
2077,11:13:57,58.85,2642842,449,卖盘
2078,11:14:00,58.84,912241,155,卖盘
2079,11:14:03,58.91,1543155,262,买盘
2080,11:14:06,58.9,883621,150,卖盘
2081,11:14:09,58.93,677527,115,买盘
2082,11:14:12,58.91,206166,35,卖盘
2083,11:14:15,58.91,471362,80,卖盘
2084,11:14:18,58.91,294565,50,卖盘
2085,11:14:21,58.91,324055,55,买盘
2086,11:14:24,58.9,818715,139,卖盘
2087,11:14:27,58.9,282745,48,卖盘
2088,11:14:30,58.9,265055,45,卖盘
2089,11:14:33,58.91,1048553,178,买盘
2090,11:14:36,58.91,353453,60,买盘
2091,11:14:39,58.92,524340,89,买盘
2092,11:14:42,58.92,212301,36,卖盘
2093,11:14:45,58.94,1001874,170,买盘
2094,11:14:48,58.93,235753,40,卖盘
2095,11:14:51,58.95,742737,126,买盘
2096,11:14:54,58.93,123762,21,卖盘
2097,11:14:57,58.94,630721,107,买盘
2098,11:15:00,58.93,182711,31,卖盘
2099,11:15:03,58.93,135526,23,中性盘
2100,11:15:06,58.93,159107,27,买盘
2101,11:15:09,58.93,229814,39,买盘
2102,11:15:12,58.93,265165,45,买盘
2103,11:15:15,58.91,406495,69,卖盘
2104,11:15:18,58.89,35334,6,卖盘
2105,11:15:21,58.9,106015,18,买盘
2106,11:15:24,58.9,341531,58,买盘
2107,11:15:27,58.86,500364,85,卖盘
2108,11:15:30,58.9,459179,78,买盘
2109,11:15:33,58.89,41229,7,中性盘
2110,11:15:36,58.89,659653,112,卖盘
2111,11:15:39,58.89,288601,49,卖盘
2112,11:15:42,58.91,706978,120,买盘
2113,11:15:45,58.91,760124,129,卖盘
2114,11:15:48,58.93,453745,77,买盘
2115,11:15:51,58.93,265191,45,卖盘
2116,11:15:54,58.93,477345,81,卖盘
2117,11:15:57,58.94,1744438,296,买盘
2118,11:16:00,58.93,1190567,202,卖盘
2119,11:16:03,58.94,153228,26,买盘
2120,11:16:06,58.94,536346,91,买盘
2121,11:16:09,58.94,200396,34,卖盘
2122,11:16:12,58.94,241648,41,卖盘
2123,11:16:15,58.93,176801,30,卖盘
2124,11:16:18,58.93,730732,124,卖盘
2125,11:16:21,58.91,583178,99,中性盘
2126,11:16:24,58.93,1208033,205,买盘
2127,11:16:27,58.91,23566,4,卖盘
2128,11:16:30,58.91,123722,21,卖盘
2129,11:16:33,58.91,424243,72,卖盘
2130,11:16:36,58.91,229748,39,买盘
2131,11:16:39,58.91,217958,37,买盘
2132,11:16:42,58.91,159049,27,买盘
2133,11:16:45,58.9,123703,21,卖盘
2134,11:16:48,58.91,176722,30,中性盘
2135,11:16:51,58.92,82476,14,买盘
2136,11:16:54,58.9,636247,108,卖盘
2137,11:16:57,58.92,117819,20,买盘
2138,11:17:00,58.9,164923,28,卖盘
2139,11:17:03,58.91,200269,34,买盘
2140,11:17:06,58.91,212076,36,买盘
2141,11:17:09,58.94,8309078,1410,买盘
2142,11:17:12,58.93,1072580,182,卖盘
2143,11:17:15,58.94,948917,161,买盘
2144,11:17:18,58.94,229865,39,卖盘
2145,11:17:21,58.94,147362,25,卖盘
2146,11:17:24,58.95,559963,95,买盘
2147,11:17:27,58.95,206311,35,买盘
2148,11:17:30,58.94,789897,134,卖盘
2149,11:17:33,58.94,683752,116,卖盘
2150,11:17:36,58.94,341880,58,卖盘
2151,11:17:39,58.95,141458,24,买盘
2152,11:17:42,58.94,872401,148,卖盘
2153,11:17:45,58.94,111998,19,卖盘
2154,11:17:48,58.94,223991,38,卖盘
2155,11:17:51,58.93,518685,88,卖盘
2156,11:17:54,58.9,925054,157,卖盘
2157,11:17:57,58.89,465292,79,卖盘
2158,11:18:00,58.89,223759,38,买盘
2159,11:18:03,58.88,58885,10,卖盘
2160,11:18:06,58.89,506419,86,买盘
2161,11:18:09,58.89,535902,91,买盘
2162,11:18:12,58.9,1154431,196,买盘
2163,11:18:15,58.9,259148,44,买盘
2164,11:18:18,58.89,41226,7,卖盘
2165,11:18:21,58.89,111892,19,卖盘
2166,11:18:24,58.89,400502,68,卖盘
2167,11:18:27,58.9,1325245,225,买盘
2168,11:18:30,58.91,117809,20,买盘
2169,11:18:33,58.92,159054,27,买盘
2170,11:18:36,58.92,760181,129,买盘
2171,11:18:39,58.95,1738751,295,买盘
2172,11:18:42,58.94,1709517,290,卖盘
2173,11:18:45,58.95,536358,91,买盘
2174,11:18:48,58.95,182736,31,买盘
2175,11:18:51,58.95,3018253,512,买盘
2176,11:18:54,58.95,359561,61,卖盘
2177,11:18:57,58.95,123792,21,买盘
2178,11:19:00,58.93,288795,49,卖盘
2179,11:19:03,58.92,801194,136,卖盘
2180,11:19:06,58.92,3371702,572,买盘
2181,11:19:09,58.93,506867,86,中性盘
2182,11:19:12,58.91,683293,116,卖盘
2183,11:19:15,58.92,388804,66,中性盘
2184,11:19:18,58.92,218018,37,卖盘
2185,11:19:21,58.93,3749551,636,买盘
2186,11:19:24,58.94,836901,142,中性盘
2187,11:19:27,58.94,82506,14,买盘
2188,11:19:30,58.93,247529,42,卖盘
2189,11:19:33,58.93,300575,51,卖盘
2190,11:19:36,58.93,459664,78,卖盘
2191,11:19:39,58.93,200364,34,卖盘
2192,11:19:42,58.93,82502,14,买盘
2193,11:19:45,58.93,164986,28,买盘
2194,11:19:48,58.92,159085,27,卖盘
2195,11:19:51,58.9,359322,61,卖盘
2196,11:19:54,58.9,2086188,354,买盘
2197,11:19:57,58.9,76569,13,买盘
2198,11:20:00,58.89,347475,59,卖盘
2199,11:20:03,58.9,253251,43,买盘
2200,11:20:06,58.9,895265,152,买盘
2201,11:20:09,58.89,700858,119,买盘
2202,11:20:12,58.88,753623,128,卖盘
2203,11:20:15,58.87,394475,67,中性盘
2204,11:20:18,58.88,2472941,420,买盘
2205,11:20:21,58.88,365050,62,买盘
2206,11:20:24,58.88,1006844,171,买盘
2207,11:20:27,58.88,971522,165,卖盘
2208,11:20:30,58.88,476933,81,卖盘
2209,11:20:33,58.89,158992,27,买盘
2210,11:20:36,58.88,194317,33,卖盘
2211,11:20:39,58.89,441659,75,买盘
2212,11:20:42,58.88,194295,33,卖盘
2213,11:20:45,58.85,465001,79,卖盘
2214,11:20:48,58.86,376701,64,买盘
2215,11:20:51,58.86,147157,25,卖盘
2216,11:20:54,58.86,488467,83,卖盘
2217,11:20:57,58.86,35316,6,买盘
2218,11:21:00,58.85,470805,80,卖盘
2219,11:21:03,58.85,1306251,222,买盘
2220,11:21:06,58.82,988294,168,卖盘
2221,11:21:09,58.82,2336652,397,卖盘
2222,11:21:12,58.83,170597,29,买盘
2223,11:21:15,58.82,199993,34,中性盘
2224,11:21:18,58.85,482395,82,买盘
2225,11:21:21,58.86,247238,42,买盘
2226,11:21:24,58.86,117711,20,卖盘
2227,11:21:27,58.87,518050,88,买盘
2228,11:21:30,58.87,153054,26,买盘
2229,11:21:33,58.9,848012,144,买盘
2230,11:21:36,58.87,135417,23,卖盘
2231,11:21:39,58.89,1201005,204,买盘
2232,11:21:42,58.91,1219222,207,买盘
2233,11:21:45,58.91,542055,92,卖盘
2234,11:21:48,58.91,1767532,300,卖盘
2235,11:21:51,58.91,818971,139,卖盘
2236,11:21:54,58.91,742362,126,卖盘
2237,11:21:57,58.91,677497,115,卖盘
2238,11:22:00,58.91,312250,53,卖盘
2239,11:22:03,58.91,854217,145,卖盘
2240,11:22:06,58.91,748160,127,卖盘
2241,11:22:09,58.92,1178399,200,买盘
2242,11:22:12,58.92,288727,49,卖盘
2243,11:22:15,58.92,577508,98,卖盘
2244,11:22:18,58.92,707059,120,卖盘
2245,11:22:21,58.92,259249,44,卖盘
2246,11:22:24,58.92,1325731,225,卖盘
2247,11:22:27,58.91,247445,42,卖盘
2248,11:22:30,58.9,159038,27,卖盘
2249,11:22:33,58.9,1166410,198,卖盘
2250,11:22:36,58.9,111910,19,买盘
2251,11:22:39,58.9,82459,14,买盘
2252,11:22:42,58.9,571337,97,买盘
2253,11:22:45,58.91,176707,30,买盘
2254,11:22:48,58.9,312213,53,卖盘
2255,11:22:51,58.9,94240,16,卖盘
2256,11:22:54,58.9,64788,11,买盘
2257,11:22:57,58.9,194370,33,买盘
2258,11:23:00,58.89,106006,18,卖盘
2259,11:23:03,58.9,123690,21,买盘
2260,11:23:06,58.89,365115,62,卖盘
2261,11:23:09,58.89,211992,36,卖盘
2262,11:23:12,58.88,76549,13,卖盘
2263,11:23:15,58.88,111888,19,卖盘
2264,11:23:18,58.89,353284,60,买盘
2265,11:23:21,58.88,253204,43,卖盘
2266,11:23:24,58.87,353256,60,卖盘
2267,11:23:27,58.88,582911,99,买盘
2268,11:23:30,58.86,700500,119,卖盘
2269,11:23:33,58.87,70646,12,中性盘
2270,11:23:36,58.88,1242361,211,买盘
2271,11:23:39,58.88,211959,36,买盘
2272,11:23:42,58.87,182517,31,卖盘
2273,11:23:45,58.86,335529,57,卖盘
2274,11:23:48,58.86,135372,23,买盘
2275,11:23:51,58.85,100051,17,卖盘
2276,11:23:54,58.84,88261,15,卖盘
2277,11:23:57,58.84,76493,13,卖盘
2278,11:24:00,58.84,111796,19,卖盘
2279,11:24:03,58.84,82369,14,买盘
2280,11:24:06,58.85,847367,144,买盘
2281,11:24:09,58.86,835688,142,买盘
2282,11:24:12,58.86,129483,22,买盘
2283,11:24:15,58.86,3448826,586,买盘
2284,11:24:18,58.86,188339,32,买盘
2285,11:24:21,58.86,200126,34,买盘
2286,11:24:24,58.86,58860,10,卖盘
2287,11:24:27,58.85,1106813,188,卖盘
2288,11:24:30,58.85,111827,19,卖盘
2289,11:24:33,58.85,247189,42,卖盘
2290,11:24:36,58.85,1618593,275,卖盘
2291,11:24:39,58.85,1712568,291,卖盘
2292,11:24:42,58.85,188306,32,买盘
2293,11:24:45,58.83,1182662,201,卖盘
2294,11:24:48,58.83,388282,66,卖盘
2295,11:24:51,58.82,1558739,265,卖盘
2296,11:24:54,58.8,446962,76,卖盘
2297,11:24:57,58.81,141140,24,中性盘
2298,11:25:00,58.81,258768,44,卖盘
2299,11:25:03,58.81,41167,7,卖盘
2300,11:25:06,58.8,158774,27,卖盘
2301,11:25:09,58.81,399900,68,买盘
2302,11:25:12,58.81,976101,166,买盘
2303,11:25:15,58.8,817345,139,卖盘
2304,11:25:18,58.8,535090,91,卖盘
2305,11:25:21,58.8,152865,26,买盘
2306,11:25:24,58.79,770342,131,卖盘
2307,11:25:27,58.79,264555,45,卖盘
2308,11:25:30,58.78,105810,18,卖盘
2309,11:25:33,58.78,88170,15,卖盘
2310,11:25:36,58.78,223369,38,卖盘
2311,11:25:39,58.78,299754,51,卖盘
2312,11:25:42,58.77,1045884,178,卖盘
2313,11:25:45,58.76,340746,58,买盘
2314,11:25:48,58.75,211492,36,卖盘
2315,11:25:51,58.74,346528,59,中性盘
2316,11:25:54,58.73,375881,64,卖盘
2317,11:25:57,58.72,510997,87,卖盘
2318,11:26:00,58.73,493320,84,中性盘
2319,11:26:03,58.73,111572,19,买盘
2320,11:26:06,58.73,786899,134,买盘
2321,11:26:09,58.75,663840,113,买盘
2322,11:26:12,58.75,170334,29,中性盘
2323,11:26:15,58.76,94005,16,买盘
2324,11:26:18,58.76,787193,134,买盘
2325,11:26:21,58.75,47003,8,卖盘
2326,11:26:24,58.76,270273,46,买盘
2327,11:26:27,58.75,111634,19,卖盘
2328,11:26:30,58.75,752099,128,卖盘
2329,11:26:33,58.75,123391,21,卖盘
2330,11:26:36,58.76,170380,29,买盘
2331,11:26:39,58.76,769717,131,买盘
2332,11:26:42,58.76,305582,52,卖盘
2333,11:26:45,58.76,94022,16,卖盘
2334,11:26:48,58.77,252719,43,买盘
2335,11:26:51,58.76,152796,26,卖盘
2336,11:26:54,58.77,740651,126,卖盘
2337,11:26:57,58.77,141034,24,卖盘
2338,11:27:00,58.76,176297,30,卖盘
2339,11:27:03,58.76,317309,54,卖盘
2340,11:27:06,58.76,305555,52,买盘
2341,11:27:09,58.75,423092,72,卖盘
2342,11:27:12,58.76,440668,75,中性盘
2343,11:27:15,58.75,605090,103,卖盘
2344,11:27:18,58.75,123375,21,买盘
2345,11:27:21,58.75,140991,24,买盘
2346,11:27:24,58.74,2467276,420,卖盘
2347,11:27:27,58.74,387684,66,买盘
2348,11:27:30,58.74,816685,139,卖盘
2349,11:27:33,58.75,299616,51,买盘
2350,11:27:36,58.75,41125,7,卖盘
2351,11:27:39,58.75,881258,150,买盘
2352,11:27:42,58.75,135124,23,卖盘
2353,11:27:45,58.75,252604,43,卖盘
2354,11:27:48,58.75,440592,75,卖盘
2355,11:27:51,58.74,264304,45,卖盘
2356,11:27:54,58.73,452267,77,卖盘
2357,11:27:57,58.74,82226,14,买盘
2358,11:28:00,58.73,117475,20,卖盘
2359,11:28:03,58.74,822244,140,买盘
2360,11:28:06,58.73,299558,51,卖盘
2361,11:28:09,58.74,140975,24,买盘
2362,11:28:12,58.74,264317,45,中性盘
2363,11:28:15,58.75,123358,21,买盘
2364,11:28:18,58.76,1092711,186,买盘
2365,11:28:21,58.75,493546,84,卖盘
2366,11:28:24,58.77,1545746,263,买盘
2367,11:28:27,58.77,52894,9,卖盘
2368,11:28:30,58.77,111661,19,卖盘
2369,11:28:33,58.79,852281,145,买盘
2370,11:28:36,58.76,669916,114,卖盘
2371,11:28:39,58.77,64653,11,中性盘
2372,11:28:42,58.8,881824,150,买盘
2373,11:28:45,58.79,111706,19,卖盘
2374,11:28:48,58.8,158748,27,买盘
2375,11:28:51,58.79,52919,9,卖盘
2376,11:28:54,58.79,110300,19,卖盘
2377,11:28:57,58.79,52912,9,卖盘
2378,11:29:00,58.78,634915,108,卖盘
2379,11:29:03,58.8,970066,165,买盘
2380,11:29:06,58.78,148363,25,卖盘
2381,11:29:09,58.77,146948,25,卖盘
2382,11:29:12,58.78,164584,28,买盘
2383,11:29:15,58.78,58780,10,卖盘
2384,11:29:18,58.79,99939,17,买盘
2385,11:29:21,58.79,188128,32,买盘
2386,11:29:24,58.8,1380380,235,买盘
2387,11:29:27,58.8,152885,26,卖盘
2388,11:29:30,58.8,70563,12,卖盘
2389,11:29:33,58.8,307196,52,卖盘
2390,11:29:36,58.81,1451081,247,买盘
2391,11:29:39,58.82,247027,42,买盘
2392,11:29:42,58.82,129403,22,买盘
2393,11:29:45,58.82,241159,41,买盘
2394,11:29:48,58.83,741145,126,买盘
2395,11:29:51,58.82,329405,56,卖盘
2396,11:29:54,58.83,123543,21,买盘
2397,11:29:57,58.82,264712,45,卖盘
2398,11:30:00,58.83,88249,15,中性盘
2399,13:00:00,58.82,23528,4,卖盘
2400,13:00:03,58.82,1523511,259,卖盘
2401,13:00:06,58.8,2294669,390,卖盘
2402,13:00:09,58.79,2558014,435,卖盘
2403,13:00:12,58.8,2769575,471,买盘
2404,13:00:15,58.81,3539815,602,中性盘
2405,13:00:18,58.79,2034829,346,中性盘
2406,13:00:21,58.8,776034,132,买盘
2407,13:00:24,58.76,1257726,214,卖盘
2408,13:00:27,58.79,3815578,649,买盘
2409,13:00:30,58.76,887484,151,买盘
2410,13:00:33,58.79,1316831,224,买盘
2411,13:00:36,58.79,1140140,194,买盘
2412,13:00:39,58.74,1981148,337,卖盘
2413,13:00:42,58.8,564458,96,买盘
2414,13:00:45,58.8,1558215,265,卖盘
2415,13:00:48,58.76,299823,51,卖盘
2416,13:00:51,58.79,76434,13,卖盘
2417,13:00:54,58.79,141094,24,卖盘
2418,13:00:57,58.79,1558139,265,买盘
2419,13:01:00,58.79,270436,46,买盘
2420,13:01:03,58.79,629003,107,买盘
2421,13:01:06,58.79,646750,110,买盘
2422,13:01:09,58.81,1617510,275,买盘
2423,13:01:12,58.82,4499791,765,买盘
2424,13:01:15,58.81,205850,35,卖盘
2425,13:01:18,58.82,1100018,187,买盘
2426,13:01:21,58.82,747021,127,卖盘
2427,13:01:24,58.82,1323643,225,买盘
2428,13:01:27,58.83,463227,79,买盘
2429,13:01:30,58.82,294158,50,卖盘
2430,13:01:33,58.84,411846,70,买盘
2431,13:01:36,58.83,176500,30,中性盘
2432,13:01:39,58.84,135330,23,买盘
2433,13:01:42,58.84,158857,27,买盘
2434,13:01:45,58.84,100028,17,买盘
2435,13:01:48,58.84,606033,103,买盘
2436,13:01:51,58.84,94144,16,买盘
2437,13:01:54,58.85,1306283,222,买盘
2438,13:01:57,58.84,1588918,270,卖盘
2439,13:02:00,58.84,306015,52,卖盘
2440,13:02:03,58.85,2395075,407,买盘
2441,13:02:06,58.85,70629,12,卖盘
2442,13:02:09,58.87,912360,155,买盘
2443,13:02:12,58.86,394302,67,卖盘
2444,13:02:15,58.86,141269,24,卖盘
2445,13:02:18,58.86,70632,12,卖盘
2446,13:02:21,58.86,447400,76,卖盘
2447,13:02:24,58.86,223683,38,卖盘
2448,13:02:27,58.87,517983,88,买盘
2449,13:02:30,58.86,317890,54,卖盘
2450,13:02:33,58.87,294304,50,买盘
2451,13:02:36,58.87,253124,43,买盘
2452,13:02:39,58.85,300165,51,卖盘
2453,13:02:42,58.87,1465654,249,买盘
2454,13:02:46,58.85,141258,24,卖盘
2455,13:02:48,58.86,94179,16,买盘
2456,13:02:51,58.87,111848,19,买盘
2457,13:02:54,58.87,76527,13,买盘
2458,13:02:57,58.85,841713,143,卖盘
2459,13:03:00,58.85,35315,6,卖盘
2460,13:03:03,58.86,464994,79,买盘
2461,13:03:06,58.87,35321,6,买盘
2462,13:03:09,58.86,64755,11,卖盘
2463,13:03:12,58.87,370879,63,买盘
2464,13:03:15,58.87,223695,38,买盘
2465,13:03:18,58.86,400255,68,卖盘
2466,13:03:21,58.86,494431,84,卖盘
2467,13:03:24,58.86,141264,24,买盘
2468,13:03:27,58.86,188356,32,卖盘
2469,13:03:30,58.86,76517,13,卖盘
2470,13:03:33,58.86,459155,78,买盘
2471,13:03:36,58.86,423842,72,卖盘
2472,13:03:39,58.86,288428,49,卖盘
2473,13:03:42,58.87,435593,74,买盘
2474,13:03:45,58.87,665210,113,买盘
2475,13:03:48,58.87,376763,64,买盘
2476,13:03:51,58.87,335546,57,买盘
2477,13:03:54,58.86,170701,29,卖盘
2478,13:03:57,58.86,58861,10,卖盘
2479,13:04:00,58.86,859360,146,卖盘
2480,13:04:03,58.86,52982,9,中性盘
2481,13:04:06,58.87,47094,8,买盘
2482,13:04:09,58.88,5893851,1001,买盘
2483,13:04:12,58.88,1366208,232,卖盘
2484,13:04:15,58.89,2297076,390,中性盘
2485,13:04:18,58.9,494711,84,买盘
2486,13:04:21,58.89,153124,26,卖盘
2487,13:04:24,58.89,1018936,173,卖盘
2488,13:04:27,58.9,164918,28,买盘
2489,13:04:30,58.9,718578,122,买盘
2490,13:04:33,58.9,883499,150,买盘
2491,13:04:36,58.9,88346,15,买盘
2492,13:04:39,58.9,471184,80,买盘
2493,13:04:42,58.9,276828,47,买盘
2494,13:04:45,58.9,1413660,240,买盘
2495,13:04:48,58.9,206149,35,买盘
2496,13:04:51,58.89,700906,119,卖盘
2497,13:04:54,58.92,594413,101,买盘
2498,13:04:57,58.91,41237,7,卖盘
2499,13:05:00,58.92,123718,21,买盘
2500,13:05:03,58.91,654007,111,卖盘
2501,13:05:06,58.92,2256267,383,买盘
2502,13:05:09,58.92,312255,53,买盘
2503,13:05:12,58.93,41249,7,买盘
2504,13:05:15,58.93,1337692,227,买盘
2505,13:05:18,58.92,100174,17,卖盘
2506,13:05:21,58.93,300541,51,买盘
2507,13:05:24,58.93,901621,153,买盘
2508,13:05:27,58.93,282900,48,卖盘
2509,13:05:30,58.93,606992,103,卖盘
2510,13:05:33,58.93,453763,77,卖盘
2511,13:05:36,58.93,660008,112,卖盘
2512,13:05:39,58.93,312295,53,买盘
2513,13:05:42,58.93,901531,153,买盘
2514,13:05:45,58.91,223880,38,卖盘
2515,13:05:48,58.91,294552,50,卖盘
2516,13:05:51,58.91,1496318,254,卖盘
2517,13:05:54,58.9,918870,156,卖盘
2518,13:05:57,58.9,111910,19,买盘
2519,13:06:00,58.89,1266665,215,卖盘
2520,13:06:03,58.9,212039,36,买盘
2521,13:06:06,58.9,100139,17,卖盘
2522,13:06:09,58.91,164941,28,买盘
2523,13:06:12,58.91,70693,12,中性盘
2524,13:06:15,58.91,164931,28,卖盘
2525,13:06:18,58.91,159051,27,买盘
2526,13:06:21,58.91,406456,69,买盘
2527,13:06:24,58.9,1089650,185,卖盘
2528,13:06:27,58.89,41229,7,卖盘
2529,13:06:30,58.89,1442805,245,卖盘
2530,13:06:33,58.89,747933,127,买盘
2531,13:06:36,58.88,294403,50,卖盘
2532,13:06:39,58.88,76551,13,卖盘
2533,13:06:42,58.88,771436,131,卖盘
2534,13:06:45,58.88,111872,19,卖盘
2535,13:06:48,58.89,365066,62,买盘
2536,13:06:51,58.88,117760,20,卖盘
2537,13:06:54,58.87,376801,64,卖盘
2538,13:06:57,58.87,382659,65,卖盘
2539,13:07:00,58.86,317877,54,卖盘
2540,13:07:03,58.86,64756,11,卖盘
2541,13:07:06,58.87,141266,24,买盘
2542,13:07:09,58.86,253129,43,卖盘
2543,13:07:12,58.86,41203,7,卖盘
2544,13:07:15,58.87,164814,28,买盘
2545,13:07:18,58.87,76522,13,买盘
2546,13:07:21,58.86,276681,47,卖盘
2547,13:07:24,58.87,211931,36,买盘
2548,13:07:27,58.87,606347,103,买盘
2549,13:07:30,58.86,794738,135,卖盘
2550,13:07:33,58.88,418006,71,买盘
2551,13:07:36,58.87,1248145,212,卖盘
2552,13:07:39,58.88,459264,78,买盘
2553,13:07:42,58.89,465143,79,买盘
2554,13:07:45,58.9,930432,158,买盘
2555,13:07:48,58.89,1272234,216,中性盘
2556,13:07:51,58.9,748030,127,买盘
2557,13:07:54,58.9,253269,43,买盘
2558,13:07:57,58.89,318053,54,卖盘
2559,13:08:00,58.9,194355,33,买盘
2560,13:08:03,58.91,300981,51,买盘
2561,13:08:06,58.9,1107319,188,卖盘
2562,13:08:09,58.9,223829,38,卖盘
2563,13:08:12,58.9,135475,23,卖盘
2564,13:08:15,58.9,194372,33,卖盘
2565,13:08:18,58.9,29451,5,卖盘
2566,13:08:21,58.9,183785,31,卖盘
2567,13:08:24,58.9,1007229,171,卖盘
2568,13:08:27,58.9,294510,50,卖盘
2569,13:08:30,58.9,1206229,205,卖盘
2570,13:08:33,58.9,253268,43,买盘
2571,13:08:36,58.9,501768,85,买盘
2572,13:08:39,58.9,359297,61,卖盘
2573,13:08:42,58.9,783370,133,卖盘
2574,13:08:45,58.9,323950,55,卖盘
2575,13:08:48,58.9,2409018,409,卖盘
2576,13:08:51,58.9,1754932,298,买盘
2577,13:08:54,58.89,47112,8,卖盘
2578,13:08:57,58.89,318018,54,卖盘
2579,13:09:00,58.88,382733,65,卖盘
2580,13:09:03,58.88,253184,43,卖盘
2581,13:09:06,58.88,88321,15,卖盘
2582,13:09:09,58.88,200200,34,卖盘
2583,13:09:12,58.88,217856,37,卖盘
2584,13:09:15,58.88,370933,63,卖盘
2585,13:09:18,58.87,88319,15,卖盘
2586,13:09:21,58.87,147175,25,卖盘
2587,13:09:24,58.87,23548,4,卖盘
2588,13:09:27,58.87,600491,102,卖盘
2589,13:09:30,58.87,1093774,186,卖盘
2590,13:09:33,58.86,1653967,281,卖盘
2591,13:09:36,58.85,594367,101,卖盘
2592,13:09:39,58.85,235416,40,买盘
2593,13:09:42,58.85,200063,34,卖盘
2594,13:09:45,58.85,235400,40,卖盘
2595,13:09:48,58.84,52962,9,卖盘
2596,13:09:51,58.84,70609,12,卖盘
2597,13:09:54,58.84,511982,87,卖盘
2598,13:09:57,58.84,429534,73,卖盘
2599,13:10:00,58.83,1053351,179,卖盘
2600,13:10:03,58.84,400083,68,买盘
2601,13:10:06,58.83,135321,23,卖盘
2602,13:10:09,58.83,570678,97,卖盘
2603,13:10:12,58.83,188232,32,买盘
2604,13:10:15,58.82,164715,28,卖盘
2605,13:10:18,58.82,836773,142,卖盘
2606,13:10:21,58.82,388163,66,买盘
2607,13:10:24,58.81,11763,2,卖盘
2608,13:10:27,58.81,511648,87,卖盘
2609,13:10:30,58.81,352862,60,卖盘
2610,13:10:33,58.81,35287,6,卖盘
2611,13:10:36,58.81,17643,3,卖盘
2612,13:10:39,58.81,299940,51,卖盘
2613,13:10:42,58.81,376398,64,卖盘
2614,13:10:45,58.81,264645,45,卖盘
2615,13:10:48,58.8,170524,29,卖盘
2616,13:10:51,58.8,211688,36,卖盘
2617,13:10:54,58.8,417480,71,卖盘
2618,13:10:57,58.8,82321,14,卖盘
2619,13:11:00,58.8,452762,77,卖盘
2620,13:11:03,58.8,617404,105,卖盘
2621,13:11:06,58.79,364545,62,卖盘
2622,13:11:09,58.78,1493111,254,卖盘
2623,13:11:12,58.77,987205,168,卖盘
2624,13:11:16,58.73,246699,42,卖盘
2625,13:11:19,58.74,135107,23,卖盘
2626,13:11:21,58.73,187942,32,卖盘
2627,13:11:24,58.74,152703,26,买盘
2628,13:11:27,58.73,234923,40,卖盘
2629,13:11:30,58.73,411115,70,卖盘
2630,13:11:33,58.73,311280,53,卖盘
2631,13:11:36,58.73,276038,47,卖盘
2632,13:11:39,58.73,892419,152,卖盘
2633,13:11:42,58.73,293624,50,买盘
2634,13:11:45,58.73,140932,24,买盘
2635,13:11:48,58.72,522614,89,卖盘
2636,13:11:51,58.72,405180,69,卖盘
2637,13:11:54,58.72,698769,119,卖盘
2638,13:11:57,58.71,604835,103,卖盘
2639,13:12:00,58.71,117423,20,卖盘
2640,13:12:03,58.71,411005,70,卖盘
2641,13:12:06,58.72,123297,21,买盘
2642,13:12:09,58.72,217248,37,买盘
2643,13:12:12,58.72,70463,12,买盘
2644,13:12:15,58.71,1383956,236,卖盘
2645,13:12:18,58.72,211362,36,买盘
2646,13:12:21,58.72,182032,31,买盘
2647,13:12:24,58.72,88082,15,卖盘
2648,13:12:27,58.73,863595,147,买盘
2649,13:12:30,58.73,933884,159,卖盘
2650,13:12:33,58.75,875238,149,买盘
2651,13:12:36,58.75,282008,48,买盘
2652,13:12:39,58.77,94032,16,买盘
2653,13:12:42,58.78,334986,57,买盘
2654,13:12:46,58.78,276267,47,卖盘
2655,13:12:48,58.78,840691,143,卖盘
2656,13:12:51,58.78,170464,29,卖盘
2657,13:12:54,58.78,599601,102,卖盘
2658,13:12:57,58.77,1175404,200,卖盘
2659,13:13:00,58.75,293726,50,卖盘
2660,13:13:03,58.75,88125,15,买盘
2661,13:13:06,58.75,146878,25,买盘
2662,13:13:10,58.76,252606,43,买盘
2663,13:13:12,58.75,481741,82,卖盘
2664,13:13:15,58.75,176242,30,卖盘
2665,13:13:18,58.73,1315684,224,卖盘
2666,13:13:21,58.71,2753719,469,卖盘
2667,13:13:24,58.7,1009676,172,卖盘
2668,13:13:27,58.7,534184,91,卖盘
2669,13:13:30,58.71,228936,39,买盘
2670,13:13:33,58.7,52830,9,卖盘
2671,13:13:36,58.7,228935,39,卖盘
2672,13:13:39,58.7,264158,45,卖盘
2673,13:13:42,58.7,1410420,240,卖盘
2674,13:13:45,58.68,399032,68,卖盘
2675,13:13:48,58.69,29346,5,卖盘
2676,13:13:51,58.69,340368,58,卖盘
2677,13:13:54,58.68,404926,69,卖盘
2678,13:13:57,58.68,187777,32,卖盘
2679,13:14:00,58.68,1320513,225,卖盘
2680,13:14:03,58.7,1110845,189,买盘
2681,13:14:06,58.7,3837072,654,买盘
2682,13:14:09,58.69,663199,113,卖盘
2683,13:14:12,58.72,199572,34,中性盘
2684,13:14:15,58.72,293514,50,买盘
2685,13:14:18,58.72,234846,40,买盘
2686,13:14:21,58.71,340518,58,卖盘
2687,13:14:24,58.72,1978522,337,买盘
2688,13:14:27,58.7,510793,87,卖盘
2689,13:14:30,58.71,182001,31,买盘
2690,13:14:33,58.72,322859,55,买盘
2691,13:14:36,58.7,763113,130,卖盘
2692,13:14:39,58.71,334603,57,卖盘
2693,13:14:42,58.72,822051,140,买盘
2694,13:14:45,58.72,610760,104,卖盘
2695,13:14:48,58.72,164421,28,卖盘
2696,13:14:51,58.73,769460,131,买盘
2697,13:14:54,58.74,17621,3,买盘
2698,13:14:57,58.73,93974,16,卖盘
2699,13:15:00,58.72,93971,16,卖盘
2700,13:15:03,58.72,299489,51,卖盘
2701,13:15:07,58.72,2554154,435,卖盘
2702,13:15:09,58.71,1121237,191,中性盘
2703,13:15:12,58.71,686812,117,买盘
2704,13:15:15,58.7,181962,31,中性盘
2705,13:15:18,58.69,340447,58,卖盘
2706,13:15:21,58.7,381521,65,买盘
2707,13:15:24,58.69,845150,144,卖盘
2708,13:15:27,58.69,827532,141,卖盘
2709,13:15:30,58.69,363856,62,卖盘
2710,13:15:33,58.69,610288,104,买盘
2711,13:15:36,58.69,1226503,209,买盘
2712,13:15:39,58.69,457766,78,卖盘
2713,13:15:42,58.69,698299,119,中性盘
2714,13:15:45,58.69,874624,149,中性盘
2715,13:15:48,58.7,950897,162,中性盘
2716,13:15:51,58.7,675148,115,卖盘
2717,13:15:54,58.7,146756,25,卖盘
2718,13:15:57,58.7,211322,36,买盘
2719,13:16:00,58.72,651572,111,买盘
2720,13:16:03,58.72,334591,57,买盘
2721,13:16:07,58.69,99778,17,卖盘
2722,13:16:10,58.71,70442,12,买盘
2723,13:16:12,58.72,240706,41,买盘
2724,13:16:15,58.72,99812,17,买盘
2725,13:16:18,58.71,305295,52,卖盘
2726,13:16:21,58.72,135044,23,买盘
2727,13:16:24,58.71,5871,1,卖盘
2728,13:16:27,58.71,452067,77,卖盘
2729,13:16:30,58.71,140917,24,卖盘
2730,13:16:33,58.72,598857,102,买盘
2731,13:16:36,58.71,258331,44,中性盘
2732,13:16:39,58.71,111563,19,卖盘
2733,13:16:42,58.72,123305,21,买盘
2734,13:16:45,58.72,452089,77,买盘
2735,13:16:48,58.73,1943674,331,买盘
2736,13:16:51,58.75,2226044,379,买盘
2737,13:16:54,58.74,117472,20,卖盘
2738,13:16:57,58.76,1445274,246,买盘
2739,13:17:00,58.74,223212,38,卖盘
2740,13:17:03,58.77,757988,129,买盘
2741,13:17:06,58.75,170398,29,卖盘
2742,13:17:09,58.74,1345321,229,卖盘
2743,13:17:12,58.7,1145060,195,卖盘
2744,13:17:15,58.69,1250172,213,卖盘
2745,13:17:18,58.71,1314602,224,中性盘
2746,13:17:21,58.7,1121090,191,卖盘
2747,13:17:24,58.7,1262246,215,卖盘
2748,13:17:27,58.68,504768,86,卖盘
2749,13:17:30,58.7,176082,30,买盘
2750,13:17:33,58.69,199524,34,卖盘
2751,13:17:36,58.69,569175,97,买盘
2752,13:17:39,58.68,334463,57,中性盘
2753,13:17:42,58.69,534059,91,买盘
2754,13:17:45,58.68,592657,101,卖盘
2755,13:17:48,58.68,363814,62,卖盘
2756,13:17:51,58.67,310963,53,卖盘
2757,13:17:54,58.67,451781,77,卖盘
2758,13:17:57,58.67,293334,50,卖盘
2759,13:18:00,58.67,164270,28,买盘
2760,13:18:03,58.66,780218,133,卖盘
2761,13:18:06,58.66,469305,80,卖盘
2762,13:18:09,58.66,815381,139,卖盘
2763,13:18:12,58.66,545538,93,卖盘
2764,13:18:15,58.66,222889,38,买盘
2765,13:18:18,58.66,181819,31,买盘
2766,13:18:21,58.66,715658,122,买盘
2767,13:18:24,58.66,158382,27,卖盘
2768,13:18:27,58.68,997385,170,买盘
2769,13:18:30,58.68,980030,167,买盘
2770,13:18:33,58.7,199518,34,买盘
2771,13:18:36,58.69,58698,10,卖盘
2772,13:18:39,58.69,176079,30,卖盘
2773,13:18:42,58.69,88041,15,卖盘
2774,13:18:45,58.7,281700,48,买盘
2775,13:18:48,58.69,129119,22,买盘
2776,13:18:51,58.69,669171,114,卖盘
2777,13:18:54,58.7,88041,15,买盘
2778,13:18:57,58.69,340420,58,卖盘
2779,13:19:00,58.7,369746,63,买盘
2780,13:19:03,58.7,123258,21,买盘
2781,13:19:06,58.7,410864,70,买盘
2782,13:19:09,58.7,264120,45,买盘
2783,13:19:12,58.7,252373,43,买盘
2784,13:19:15,58.7,52824,9,买盘
2785,13:19:18,58.69,199570,34,卖盘
2786,13:19:21,58.7,135006,23,买盘
2787,13:19:24,58.7,187836,32,买盘
2788,13:19:27,58.69,645590,110,卖盘
2789,13:19:30,58.69,299296,51,买盘
2790,13:19:33,58.7,176079,30,买盘
2791,13:19:36,58.7,246488,42,买盘
2792,13:19:39,58.69,352186,60,卖盘
2793,13:19:42,58.69,176070,30,卖盘
2794,13:19:45,58.69,240642,41,卖盘
2795,13:19:48,58.69,123251,21,卖盘
2796,13:19:51,58.7,52826,9,买盘
2797,13:19:54,58.69,604557,103,卖盘
2798,13:19:57,58.69,2330337,397,卖盘
2799,13:20:00,58.68,457733,78,卖盘
2800,13:20:03,58.68,129109,22,卖盘
2801,13:20:06,58.68,240614,41,卖盘
2802,13:20:09,58.68,372549,63,卖盘
2803,13:20:12,58.68,1537440,262,卖盘
2804,13:20:15,58.67,1968394,336,卖盘
2805,13:20:18,58.66,797663,136,买盘
2806,13:20:21,58.65,527862,90,卖盘
2807,13:20:24,58.64,281494,48,卖盘
2808,13:20:27,58.65,434027,74,买盘
2809,13:20:30,58.65,539574,92,卖盘
2810,13:20:33,58.67,1671759,285,买盘
2811,13:20:36,58.65,2423011,413,卖盘
2812,13:20:39,58.65,762349,130,买盘
2813,13:20:42,58.65,991141,169,买盘
2814,13:20:45,58.65,269776,46,卖盘
2815,13:20:48,58.65,220326,38,买盘
2816,13:20:51,58.64,316677,54,卖盘
2817,13:20:54,58.65,281538,48,卖盘
2818,13:20:57,58.65,557188,95,卖盘
2819,13:21:00,58.66,287415,49,买盘
2820,13:21:03,58.67,457567,78,买盘
2821,13:21:06,58.67,164265,28,买盘
2822,13:21:09,58.66,222943,38,卖盘
2823,13:21:12,58.68,252267,43,买盘
2824,13:21:15,58.68,129083,22,买盘
2825,13:21:18,58.68,88020,15,买盘
2826,13:21:21,58.67,264040,45,卖盘
2827,13:21:24,58.68,82152,14,买盘
2828,13:21:27,58.68,164305,28,卖盘
2829,13:21:31,58.69,158446,27,买盘
2830,13:21:33,58.68,228853,39,卖盘
2831,13:21:36,58.68,1032942,176,卖盘
2832,13:21:39,58.67,1361242,232,卖盘
2833,13:21:42,58.67,1783562,304,卖盘
2834,13:21:45,58.67,175989,30,买盘
2835,13:21:48,58.67,187743,32,买盘
2836,13:21:51,58.66,41062,7,卖盘
2837,13:21:55,58.66,375434,64,卖盘
2838,13:21:57,58.66,381321,65,卖盘
2839,13:22:00,58.66,1190798,203,卖盘
2840,13:22:03,58.66,492752,84,卖盘
2841,13:22:06,58.66,791913,135,卖盘
2842,13:22:09,58.66,416493,71,卖盘
2843,13:22:12,58.65,117319,20,卖盘
2844,13:22:15,58.65,205300,35,卖盘
2845,13:22:18,58.66,170120,29,卖盘
2846,13:22:21,58.66,82124,14,卖盘
2847,13:22:24,58.65,117318,20,卖盘
2848,13:22:27,58.65,287409,49,卖盘
2849,13:22:30,58.65,76251,13,卖盘
2850,13:22:33,58.66,99716,17,买盘
2851,13:22:36,58.67,87991,15,买盘
2852,13:22:39,58.67,146674,25,买盘
2853,13:22:43,58.67,780313,133,买盘
2854,13:22:45,58.67,346196,59,卖盘
2855,13:22:48,58.67,2494143,425,卖盘
2856,13:22:51,58.68,463493,79,卖盘
2857,13:22:54,58.68,123251,21,卖盘
2858,13:22:57,58.69,35219,6,卖盘
2859,13:23:00,58.71,686814,117,买盘
2860,13:23:03,58.7,64569,11,买盘
2861,13:23:06,58.7,211321,36,买盘
2862,13:23:09,58.7,1280220,218,买盘
2863,13:23:12,58.73,604745,103,买盘
2864,13:23:15,58.72,76336,13,买盘
2865,13:23:18,58.72,146817,25,卖盘
2866,13:23:21,58.73,105711,18,买盘
2867,13:23:24,58.74,211439,36,买盘
2868,13:23:27,58.73,182042,31,中性盘
2869,13:23:30,58.74,130795,22,买盘
2870,13:23:33,58.74,1045553,178,买盘
2871,13:23:36,58.73,264290,45,卖盘
2872,13:23:39,58.73,634289,108,买盘
2873,13:23:42,58.73,593172,101,买盘
2874,13:23:45,58.73,123330,21,买盘
2875,13:23:48,58.73,199682,34,买盘
2876,13:23:51,58.73,105709,18,买盘
2877,13:23:54,58.72,140949,24,卖盘
2878,13:23:57,58.73,675369,115,买盘
2879,13:24:00,58.72,223161,38,卖盘
2880,13:24:03,58.73,64600,11,买盘
2881,13:24:06,58.73,628369,107,买盘
2882,13:24:09,58.74,276049,47,买盘
2883,13:24:12,58.73,82223,14,中性盘
2884,13:24:15,58.73,70472,12,买盘
2885,13:24:18,58.73,135078,23,买盘
2886,13:24:21,58.73,164444,28,卖盘
2887,13:24:24,58.73,229056,39,卖盘
2888,13:24:27,58.73,105714,18,买盘
2889,13:24:30,58.73,111585,19,买盘
2890,13:24:33,58.73,1327168,226,买盘
2891,13:24:36,58.72,305383,52,中性盘
2892,13:24:39,58.73,129193,22,买盘
2893,13:24:42,58.72,246627,42,卖盘
2894,13:24:45,58.72,234880,40,买盘
2895,13:24:48,58.72,739933,126,买盘
2896,13:24:51,58.72,135041,23,买盘
2897,13:24:54,58.72,264230,45,买盘
2898,13:24:57,58.72,240752,41,买盘
2899,13:25:00,58.72,358196,61,卖盘
2900,13:25:03,58.72,710516,121,卖盘
2901,13:25:06,58.72,93952,16,买盘
2902,13:25:09,58.72,346442,59,买盘
2903,13:25:12,58.72,176159,30,买盘
2904,13:25:15,58.72,129182,22,买盘
2905,13:25:18,58.72,775071,132,买盘
2906,13:25:21,58.72,152670,26,买盘
2907,13:25:24,58.72,569554,97,买盘
2908,13:25:27,58.73,299485,51,买盘
2909,13:25:30,58.73,82212,14,买盘
2910,13:25:33,58.73,93966,16,买盘
2911,13:25:36,58.73,99838,17,买盘
2912,13:25:39,58.73,1526977,260,买盘
2913,13:25:42,58.74,299566,51,买盘
2914,13:25:45,58.73,111601,19,卖盘
2915,13:25:48,58.74,82236,14,买盘
2916,13:25:51,58.74,99852,17,买盘
2917,13:25:55,58.74,393511,67,买盘
2918,13:25:57,58.74,99855,17,买盘
2919,13:26:00,58.73,229057,39,卖盘
2920,13:26:03,58.74,751867,128,买盘
2921,13:26:06,58.74,411198,70,买盘
2922,13:26:09,58.76,722661,123,买盘
2923,13:26:12,58.76,317329,54,买盘
2924,13:26:15,58.76,41132,7,卖盘
2925,13:26:18,58.76,276172,47,卖盘
2926,13:26:21,58.76,88131,15,买盘
2927,13:26:24,58.76,5876,1,买盘
2928,13:26:27,58.76,141004,24,买盘
2929,13:26:30,58.76,840264,143,买盘
2930,13:26:33,58.76,99883,17,买盘
2931,13:26:36,58.76,323175,55,买盘
2932,13:26:39,58.77,346732,59,买盘
2933,13:26:42,58.76,440722,75,卖盘
2934,13:26:45,58.76,987075,168,卖盘
2935,13:26:48,58.74,1110223,189,卖盘
2936,13:26:51,58.76,2067835,352,买盘
2937,13:26:54,58.75,140971,24,中性盘
2938,13:26:57,58.76,129264,22,买盘
2939,13:27:00,58.75,493514,84,卖盘
2940,13:27:03,58.75,240881,41,卖盘
2941,13:27:06,58.75,70505,12,卖盘
2942,13:27:09,58.76,1104520,188,买盘
2943,13:27:12,58.75,716821,122,卖盘
2944,13:27:15,58.75,35255,6,卖盘
2945,13:27:18,58.75,52879,9,卖盘
2946,13:27:21,58.76,105768,18,买盘
2947,13:27:24,58.76,282034,48,买盘
2948,13:27:27,58.75,99891,17,卖盘
2949,13:27:30,58.76,299671,51,买盘
2950,13:27:33,58.76,1016548,173,买盘
2951,13:27:36,58.75,58757,10,卖盘
2952,13:27:39,58.76,188031,32,买盘
2953,13:27:42,58.76,76379,13,买盘
2954,13:27:45,58.76,47008,8,买盘
2955,13:27:48,58.76,152776,26,买盘
2956,13:27:51,58.77,176293,30,买盘
2957,13:27:54,58.77,70524,12,买盘
2958,13:27:58,58.76,141029,24,卖盘
2959,13:28:00,58.76,1780239,303,卖盘
2960,13:28:03,58.74,540476,92,卖盘
2961,13:28:06,58.74,1814852,309,卖盘
2962,13:28:09,58.73,193827,33,卖盘
2963,13:28:12,58.74,281949,48,买盘
2964,13:28:15,58.74,2174096,370,买盘
2965,13:28:18,58.76,23505,4,中性盘
2966,13:28:21,58.75,47003,8,卖盘
2967,13:28:24,58.75,41129,7,卖盘
2968,13:28:27,58.76,35254,6,买盘
2969,13:28:30,58.74,481750,82,卖盘
2970,13:28:33,58.75,135121,23,买盘
2971,13:28:36,58.74,88111,15,卖盘
2972,13:28:39,58.75,105747,18,买盘
2973,13:28:42,58.74,35246,6,卖盘
2974,13:28:48,58.74,64616,11,卖盘
2975,13:28:51,58.75,105746,18,买盘
2976,13:28:54,58.74,23496,4,卖盘
2977,13:28:57,58.74,41119,7,卖盘
2978,13:29:00,58.75,352447,60,买盘
2979,13:29:03,58.75,323083,55,买盘
2980,13:29:06,58.74,704883,120,卖盘
2981,13:29:09,58.74,170358,29,卖盘
2982,13:29:12,58.74,99865,17,卖盘
2983,13:29:15,58.74,187973,32,卖盘
2984,13:29:18,58.75,223218,38,买盘
2985,13:29:21,58.75,58748,10,买盘
2986,13:29:24,58.74,146850,25,卖盘
2987,13:29:27,58.74,41118,7,卖盘
2988,13:29:30,58.74,117488,20,卖盘
2989,13:29:33,58.74,64615,11,卖盘
2990,13:29:36,58.75,88116,15,买盘
2991,13:29:39,58.74,140995,24,卖盘
2992,13:29:42,58.74,41118,7,卖盘
2993,13:29:45,58.74,381816,65,卖盘
2994,13:29:48,58.73,1856301,316,卖盘
2995,13:29:51,58.74,129216,22,买盘
2996,13:29:54,58.73,76352,13,卖盘
2997,13:29:57,58.74,270204,46,买盘
2998,13:30:00,58.74,387632,66,买盘
2999,13:30:03,58.74,352440,60,买盘
3000,13:30:06,58.74,845851,144,卖盘
3001,13:30:09,58.74,252588,43,买盘
3002,13:30:12,58.75,804873,137,买盘
3003,13:30:15,58.74,276085,47,卖盘
3004,13:30:18,58.75,123360,21,买盘
3005,13:30:21,58.74,170350,29,卖盘
3006,13:30:24,58.75,223235,38,买盘
