,成交时间,成交价格,成交金额,成交量,性质
0,09:25:02,7.53,12713163,16883,卖盘
1,09:30:02,7.53,8563991,11361,卖盘
2,09:30:05,7.53,2559796,3400,卖盘
3,09:30:08,7.53,3732015,4955,买盘
4,09:30:11,7.54,3127855,4151,买盘
5,09:30:14,7.54,2226666,2956,买盘
6,09:30:17,7.53,4663443,6191,卖盘
7,09:30:20,7.53,3844590,5102,卖盘
8,09:30:23,7.52,1513356,2010,卖盘
9,09:30:26,7.52,3773612,5013,卖盘
10,09:30:29,7.52,3316819,4409,卖盘
11,09:30:32,7.53,1005521,1336,买盘
12,09:30:35,7.52,1074273,1428,卖盘
13,09:30:38,7.53,1236840,1644,买盘
14,09:30:41,7.53,430352,572,买盘
15,09:30:44,7.53,725637,964,买盘
16,09:30:47,7.53,408722,543,买盘
17,09:30:50,7.53,1287080,1710,买盘
18,09:30:53,7.52,4353743,5788,卖盘
19,09:30:56,7.53,4885491,6488,买盘
20,09:30:59,7.53,4099046,5450,买盘
21,09:31:02,7.53,3190602,4242,买盘
22,09:31:05,7.52,1032262,1372,卖盘
23,09:31:08,7.52,1732840,2304,卖盘
24,09:31:11,7.52,2124661,2825,卖盘
25,09:31:14,7.53,694988,924,买盘
26,09:31:17,7.53,1689240,2246,买盘
27,09:31:20,7.52,1393300,1852,卖盘
28,09:31:23,7.52,1467028,1950,卖盘
29,09:31:26,7.53,1947438,2587,买盘
30,09:31:29,7.52,452442,601,卖盘
31,09:31:32,7.52,2237496,2972,卖盘
32,09:31:35,7.53,1457742,1938,买盘
33,09:31:38,7.52,1084637,1442,卖盘
34,09:31:41,7.52,7904331,10497,卖盘
35,09:31:44,7.53,852068,1132,买盘
36,09:31:47,7.54,7033182,9329,买盘
37,09:31:50,7.53,1039742,1380,卖盘
38,09:31:53,7.54,1671033,2218,买盘
39,09:31:56,7.54,11015624,14612,买盘
40,09:31:59,7.55,740310,981,买盘
41,09:32:02,7.54,1535625,2035,卖盘
42,09:32:05,7.54,1345321,1782,卖盘
43,09:32:08,7.55,5477222,7255,买盘
44,09:32:11,7.54,2276258,3017,卖盘
45,09:32:14,7.54,1623078,2150,卖盘
46,09:32:17,7.56,9885240,13093,买盘
47,09:32:20,7.55,1609010,2129,卖盘
48,09:32:23,7.56,915176,1211,买盘
49,09:32:26,7.56,350773,464,买盘
50,09:32:29,7.55,582747,771,卖盘
51,09:32:32,7.56,2643570,3497,买盘
52,09:32:35,7.56,10883489,14396,买盘
53,09:32:38,7.57,1961056,2591,买盘
54,09:32:41,7.57,2030067,2684,买盘
55,09:32:44,7.57,2607494,3445,买盘
56,09:32:47,7.56,1517195,2005,卖盘
57,09:32:50,7.56,1358666,1796,卖盘
58,09:32:53,7.56,362364,479,卖盘
59,09:32:56,7.56,1331518,1761,卖盘
60,09:32:59,7.56,299524,396,卖盘
61,09:33:02,7.56,1209954,1599,卖盘
62,09:33:05,7.57,1867217,2468,买盘
63,09:33:08,7.57,1609303,2128,买盘
64,09:33:11,7.57,401761,531,买盘
65,09:33:14,7.57,4673530,6181,买盘
66,09:33:17,7.56,1129580,1493,卖盘
67,09:33:20,7.57,1224539,1619,买盘
68,09:33:23,7.57,1017060,1345,买盘
69,09:33:26,7.57,756554,1000,买盘
70,09:33:29,7.57,181657,240,买盘
71,09:33:32,7.57,887124,1172,买盘
72,09:33:35,7.57,3024506,3996,买盘
73,09:33:38,7.57,5141134,6792,买盘
74,09:33:41,7.57,670335,886,买盘
75,09:33:44,7.57,406451,537,买盘
76,09:33:47,7.57,457788,605,买盘
77,09:33:50,7.57,2117137,2797,买盘
78,09:33:53,7.57,688842,910,买盘
79,09:33:56,7.57,518425,685,买盘
80,09:33:59,7.57,436596,577,买盘
81,09:34:02,7.57,323915,428,买盘
82,09:34:05,7.56,233767,309,卖盘
83,09:34:08,7.57,491073,649,买盘
84,09:34:11,7.56,593276,784,卖盘
85,09:34:14,7.57,1046167,1383,买盘
86,09:34:17,7.56,430185,569,卖盘
87,09:34:20,7.56,1297130,1714,卖盘
88,09:34:23,7.56,259556,343,卖盘
89,09:34:26,7.57,957288,1266,买盘
90,09:34:29,7.56,192084,254,卖盘
91,09:34:32,7.57,1397314,1847,买盘
92,09:34:35,7.57,873303,1154,买盘
93,09:34:38,7.57,592324,783,买盘
94,09:34:41,7.57,349592,462,买盘
95,09:34:44,7.57,562031,743,买盘
96,09:34:47,7.56,236121,312,卖盘
97,09:34:50,7.57,76439,101,买盘
98,09:34:53,7.57,352502,466,买盘
99,09:34:56,7.57,499561,660,买盘
100,09:34:59,7.57,270103,357,买盘
101,09:35:02,7.57,1091432,1442,买盘
102,09:35:05,7.56,596707,789,卖盘
103,09:35:08,7.56,1037429,1372,卖盘
104,09:35:11,7.56,2674140,3537,卖盘
105,09:35:14,7.56,11157492,14760,卖盘
106,09:35:17,7.56,1013907,1342,买盘
107,09:35:20,7.56,893565,1183,买盘
108,09:35:23,7.56,1310160,1735,买盘
109,09:35:26,7.55,291541,386,卖盘
110,09:35:29,7.55,795026,1053,卖盘
111,09:35:32,7.55,127661,169,卖盘
112,09:35:35,7.55,541093,716,卖盘
113,09:35:38,7.55,1105421,1464,卖盘
114,09:35:41,7.55,807888,1070,卖盘
115,09:35:44,7.55,501350,664,卖盘
116,09:35:47,7.56,148001,196,买盘
117,09:35:50,7.56,405651,537,买盘
118,09:35:53,7.55,141320,187,卖盘
119,09:35:56,7.56,240969,319,买盘
120,09:35:59,7.56,93692,124,买盘
121,09:36:02,7.56,15411045,20389,买盘
122,09:36:05,7.56,467642,618,卖盘
123,09:36:08,7.56,1388281,1836,卖盘
124,09:36:11,7.56,423728,560,卖盘
125,09:36:14,7.56,1725813,2282,卖盘
126,09:36:17,7.56,5103821,6751,卖盘
127,09:36:20,7.56,3316291,4392,买盘
128,09:36:23,7.55,757891,1003,卖盘
129,09:36:26,7.56,529523,701,买盘
130,09:36:29,7.56,596052,789,买盘
131,09:36:32,7.56,4273983,5654,买盘
132,09:36:35,7.57,7395254,9782,买盘
133,09:36:38,7.57,291887,386,买盘
134,09:36:41,7.57,260075,344,买盘
135,09:36:44,7.57,840121,1110,买盘
136,09:36:47,7.56,466823,617,卖盘
137,09:36:50,7.56,217860,288,卖盘
138,09:36:53,7.57,186899,247,买盘
139,09:36:56,7.57,235284,311,买盘
140,09:36:59,7.56,515028,681,卖盘
141,09:37:02,7.56,359385,475,卖盘
142,09:37:05,7.57,1153843,1526,买盘
143,09:37:08,7.57,474410,627,买盘
144,09:37:11,7.56,513734,679,卖盘
145,09:37:14,7.56,654452,865,卖盘
146,09:37:17,7.56,520965,689,卖盘
147,09:37:20,7.56,1232490,1630,卖盘
148,09:37:23,7.56,202722,268,卖盘
149,09:37:26,7.57,110394,146,买盘
150,09:37:29,7.57,387314,512,买盘
151,09:37:32,7.57,397961,526,买盘
152,09:37:35,7.57,497950,658,买盘
153,09:37:38,7.57,195280,258,买盘
154,09:37:41,7.56,540954,715,卖盘
155,09:37:44,7.56,623797,825,卖盘
156,09:37:47,7.56,695491,919,卖盘
157,09:37:50,7.57,315438,417,买盘
158,09:37:53,7.56,249500,330,卖盘
159,09:37:56,7.56,360614,477,卖盘
160,09:37:59,7.56,871842,1153,卖盘
161,09:38:02,7.56,8871678,11735,卖盘
162,09:38:05,7.55,471439,624,卖盘
163,09:38:08,7.55,463317,613,卖盘
164,09:38:11,7.56,135920,180,买盘
165,09:38:14,7.56,371690,492,买盘
166,09:38:17,7.56,98940,131,买盘
167,09:38:20,7.55,590243,781,卖盘
168,09:38:23,7.56,318202,421,买盘
169,09:38:26,7.56,155676,206,买盘
170,09:38:29,7.56,335438,444,买盘
171,09:38:32,7.55,17368,23,卖盘
172,09:38:35,7.56,6304154,8339,买盘
173,09:38:38,7.56,1553491,2055,买盘
174,09:38:41,7.55,195573,259,卖盘
175,09:38:44,7.55,667561,884,卖盘
176,09:38:47,7.55,9562678,12666,卖盘
177,09:38:50,7.55,402795,534,买盘
178,09:38:53,7.55,314658,417,买盘
179,09:38:56,7.54,612496,812,卖盘
180,09:38:59,7.54,238341,316,卖盘
181,09:39:02,7.54,392284,520,卖盘
182,09:39:05,7.55,719343,953,买盘
183,09:39:08,7.55,48304,64,买盘
184,09:39:11,7.55,469106,622,买盘
185,09:39:14,7.55,350108,464,买盘
186,09:39:17,7.55,284420,377,买盘
187,09:39:20,7.55,242198,321,买盘
188,09:39:23,7.55,620164,822,买盘
189,09:39:26,7.55,4215316,5583,买盘
190,09:39:29,7.55,966466,1279,卖盘
191,09:39:32,7.55,532483,705,卖盘
192,09:39:35,7.55,855431,1132,卖盘
193,09:39:38,7.55,331575,439,卖盘
194,09:39:41,7.56,2719809,3598,买盘
195,09:39:44,7.56,15605101,20640,买盘
196,09:39:47,7.56,1296535,1713,卖盘
197,09:39:50,7.56,3018032,3992,卖盘
198,09:39:53,7.56,217063,287,卖盘
199,09:39:56,7.56,651164,861,卖盘
200,09:39:59,7.56,325113,430,卖盘
201,09:40:02,7.56,793253,1049,卖盘
202,09:40:05,7.56,286527,379,卖盘
203,09:40:08,7.57,1875346,2480,买盘
204,09:40:11,7.56,862912,1141,卖盘
205,09:40:14,7.56,399977,529,卖盘
206,09:40:17,7.56,421948,558,卖盘
207,09:40:20,7.56,289587,383,卖盘
208,09:40:23,7.57,592100,783,买盘
209,09:40:26,7.57,335888,444,买盘
210,09:40:29,7.57,1874791,2477,买盘
211,09:40:32,7.57,1048816,1386,买盘
212,09:40:35,7.57,308549,408,买盘
213,09:40:38,7.57,366016,484,买盘
214,09:40:41,7.57,294220,389,买盘
215,09:40:44,7.57,267079,353,买盘
216,09:40:47,7.56,282301,373,卖盘
217,09:40:50,7.57,438745,580,买盘
218,09:40:53,7.56,279095,369,卖盘
219,09:40:56,7.57,223189,295,买盘
220,09:40:59,7.56,245148,324,卖盘
221,09:41:02,7.57,665536,880,买盘
222,09:41:05,7.57,262467,347,买盘
223,09:41:08,7.56,239759,317,卖盘
224,09:41:11,7.56,89263,118,卖盘
225,09:41:14,7.57,406381,537,买盘
226,09:41:17,7.57,1313094,1736,买盘
227,09:41:20,7.56,257241,340,卖盘
228,09:41:23,7.57,113474,150,买盘
229,09:41:26,7.57,490105,648,买盘
230,09:41:29,7.57,490753,649,买盘
231,09:41:32,7.56,762828,1009,卖盘
232,09:41:35,7.56,1206663,1596,卖盘
233,09:41:38,7.56,2671055,3533,卖盘
234,09:41:41,7.56,114199,151,卖盘
235,09:41:44,7.56,386613,511,卖盘
236,09:41:47,7.56,316795,419,卖盘
237,09:41:50,7.57,902003,1192,买盘
238,09:41:53,7.56,286681,379,卖盘
239,09:41:56,7.57,206462,273,买盘
240,09:41:59,7.57,152771,202,买盘
241,09:42:02,7.57,147615,195,买盘
242,09:42:05,7.57,560548,741,买盘
243,09:42:08,7.57,208905,276,买盘
244,09:42:11,7.57,153599,203,买盘
245,09:42:14,7.57,1283537,1696,买盘
246,09:42:17,7.57,167926,222,买盘
247,09:42:20,7.56,388819,514,卖盘
248,09:42:23,7.57,410776,543,买盘
249,09:42:26,7.56,779506,1031,卖盘
250,09:42:29,7.57,1323796,1751,买盘
251,09:42:32,7.57,1826358,2413,买盘
252,09:42:35,7.56,311637,412,卖盘
253,09:42:38,7.56,162673,215,卖盘
254,09:42:41,7.57,630172,833,买盘
255,09:42:44,7.57,505265,668,买盘
256,09:42:47,7.57,58974,78,买盘
257,09:42:50,7.57,155794,206,买盘
258,09:42:53,7.57,622335,823,买盘
259,09:42:56,7.57,623998,825,买盘
260,09:42:59,7.57,341726,452,买盘
261,09:43:02,7.56,506178,669,卖盘
262,09:43:05,7.57,307087,406,买盘
263,09:43:08,7.56,364828,482,卖盘
264,09:43:11,7.57,142957,189,买盘
265,09:43:14,7.56,536451,709,卖盘
266,09:43:17,7.57,593307,784,买盘
267,09:43:20,7.57,335110,443,买盘
268,09:43:23,7.57,126352,167,买盘
269,09:43:26,7.57,318598,421,买盘
270,09:43:29,7.56,68834,91,卖盘
271,09:43:32,7.56,75610,100,卖盘
272,09:43:35,7.57,318454,421,买盘
273,09:43:38,7.56,121012,160,卖盘
274,09:43:41,7.57,90774,120,买盘
275,09:43:44,7.57,343464,454,买盘
276,09:43:47,7.57,415925,550,买盘
277,09:43:50,7.56,621436,821,卖盘
278,09:43:53,7.57,680301,899,买盘
279,09:43:56,7.56,199628,264,卖盘
280,09:43:59,7.57,43858,58,买盘
281,09:44:02,7.57,2132000,2820,买盘
282,09:44:05,7.56,84673,112,卖盘
283,09:44:08,7.57,133905,177,买盘
284,09:44:11,7.57,453130,599,买盘
285,09:44:14,7.57,251931,333,买盘
286,09:44:17,7.57,427255,565,买盘
287,09:44:20,7.57,325927,431,买盘
288,09:44:23,7.57,1636845,2165,买盘
289,09:44:26,7.57,41566466,54905,买盘
290,09:44:29,7.57,349869,462,卖盘
291,09:44:32,7.57,268742,355,卖盘
292,09:44:35,7.58,121177,160,买盘
293,09:44:38,7.57,823677,1088,卖盘
294,09:44:41,7.57,1021934,1349,卖盘
295,09:44:44,7.57,890061,1175,卖盘
296,09:44:47,7.58,1213504,1603,买盘
297,09:44:50,7.57,360577,476,卖盘
298,09:44:53,7.57,262888,347,卖盘
299,09:44:56,7.57,760113,1004,卖盘
300,09:44:59,7.58,228645,302,买盘
301,09:45:02,7.57,5482123,7242,卖盘
302,09:45:05,7.56,1485642,1965,卖盘
303,09:45:08,7.57,731088,966,买盘
304,09:45:11,7.57,898881,1188,买盘
305,09:45:14,7.57,261779,346,买盘
306,09:45:17,7.56,1053123,1392,卖盘
307,09:45:20,7.57,255014,337,买盘
308,09:45:23,7.57,1329656,1757,买盘
309,09:45:26,7.57,278476,368,买盘
310,09:45:29,7.57,437078,578,买盘
311,09:45:32,7.57,215581,285,买盘
312,09:45:35,7.56,258703,342,卖盘
313,09:45:38,7.57,165021,218,买盘
314,09:45:41,7.57,218574,289,买盘
315,09:45:44,7.57,397789,526,买盘
316,09:45:47,7.57,571407,755,买盘
317,09:45:50,7.57,701401,927,买盘
318,09:45:53,7.57,93080,123,买盘
319,09:45:56,7.57,752636,995,买盘
320,09:45:59,7.57,83977,111,买盘
321,09:46:02,7.57,634006,838,买盘
322,09:46:05,7.57,136950,181,买盘
323,09:46:08,7.57,845014,1117,买盘
324,09:46:11,7.57,97590,129,买盘
325,09:46:14,7.57,2207003,2916,买盘
326,09:46:17,7.57,781943,1033,买盘
327,09:46:20,7.57,949787,1256,买盘
328,09:46:23,7.57,90834,120,买盘
329,09:46:26,7.57,340550,450,买盘
330,09:46:29,7.57,818830,1082,买盘
331,09:46:32,7.56,97637,129,卖盘
332,09:46:35,7.57,458431,606,买盘
333,09:46:38,7.57,143069,189,买盘
334,09:46:41,7.57,168724,223,买盘
335,09:46:44,7.56,249552,330,卖盘
336,09:46:47,7.56,134672,178,卖盘
337,09:46:50,7.57,791072,1046,买盘
338,09:46:53,7.56,420023,555,卖盘
339,09:46:56,7.56,741791,981,卖盘
340,09:46:59,7.57,100633,133,买盘
341,09:47:02,7.56,195158,258,卖盘
342,09:47:05,7.57,444038,587,买盘
343,09:47:08,7.56,507310,671,卖盘
344,09:47:11,7.56,145212,192,卖盘
345,09:47:14,7.56,229102,303,卖盘
346,09:47:17,7.56,512094,677,卖盘
347,09:47:20,7.57,533929,706,买盘
348,09:47:23,7.57,154350,204,买盘
349,09:47:26,7.57,310213,410,买盘
350,09:47:29,7.57,331943,439,买盘
351,09:47:32,7.56,188324,249,卖盘
352,09:47:35,7.57,894558,1183,买盘
353,09:47:38,7.56,297217,393,卖盘
354,09:47:41,7.57,456089,603,买盘
355,09:47:44,7.56,690973,913,卖盘
356,09:47:47,7.56,562566,744,卖盘
357,09:47:50,7.57,162674,215,买盘
358,09:47:53,7.56,40849,54,卖盘
359,09:47:56,7.57,7607518,10050,买盘
360,09:47:59,7.57,1942347,2566,买盘
361,09:48:02,7.57,1524936,2016,买盘
362,09:48:05,7.57,963516,1273,买盘
363,09:48:08,7.57,6298797,8322,买盘
364,09:48:11,7.57,1204949,1590,卖盘
365,09:48:14,7.58,499355,659,买盘
366,09:48:17,7.58,231739,306,买盘
367,09:48:20,7.57,293206,387,卖盘
368,09:48:23,7.58,330938,437,买盘
369,09:48:26,7.57,135653,179,卖盘
370,09:48:29,7.58,106062,140,买盘
371,09:48:32,7.58,806126,1064,买盘
372,09:48:35,7.58,210639,278,买盘
373,09:48:38,7.57,488436,645,卖盘
374,09:48:41,7.58,148463,196,买盘
375,09:48:44,7.57,383232,506,卖盘
376,09:48:47,7.57,47733,63,卖盘
377,09:48:50,7.57,330916,437,卖盘
378,09:48:53,7.57,581505,768,卖盘
379,09:48:56,7.58,327969,433,买盘
380,09:48:59,7.58,546746,722,买盘
381,09:49:02,7.58,457738,604,买盘
382,09:49:05,7.58,1969068,2601,买盘
383,09:49:08,7.58,369022,487,买盘
384,09:49:11,7.57,381191,503,卖盘
385,09:49:14,7.58,1056264,1395,买盘
386,09:49:17,7.57,530912,701,卖盘
387,09:49:20,7.57,221958,293,卖盘
388,09:49:23,7.57,237085,313,卖盘
389,09:49:26,7.57,204406,270,卖盘
390,09:49:29,7.57,792736,1046,卖盘
391,09:49:32,7.57,354468,468,卖盘
392,09:49:35,7.58,943182,1245,买盘
393,09:49:38,7.58,128845,170,买盘
394,09:49:41,7.57,869229,1148,卖盘
395,09:49:44,7.57,421109,556,卖盘
396,09:49:47,7.58,61384,81,买盘
397,09:49:50,7.58,212179,280,买盘
398,09:49:53,7.58,284189,375,买盘
399,09:49:56,7.57,264259,349,卖盘
400,09:49:59,7.58,188571,249,买盘
401,09:50:02,7.57,906230,1197,卖盘
402,09:50:05,7.58,223379,295,买盘
403,09:50:08,7.57,1151801,1521,卖盘
404,09:50:11,7.58,669230,883,买盘
405,09:50:14,7.58,592298,782,买盘
406,09:50:17,7.58,704915,930,买盘
407,09:50:20,7.58,116611,154,买盘
408,09:50:23,7.57,252110,333,卖盘
409,09:50:26,7.57,698092,921,卖盘
410,09:50:29,7.57,7925215,10469,卖盘
411,09:50:32,7.57,1512874,1998,卖盘
412,09:50:35,7.57,551853,729,卖盘
413,09:50:38,7.57,1086576,1434,卖盘
414,09:50:41,7.57,122703,162,卖盘
415,09:50:44,7.58,345392,456,买盘
416,09:50:47,7.58,287146,379,买盘
417,09:50:50,7.57,185560,245,卖盘
418,09:50:53,7.58,808710,1067,买盘
419,09:50:56,7.58,346976,458,买盘
420,09:50:59,7.58,386330,510,买盘
421,09:51:02,7.57,805787,1064,卖盘
422,09:51:05,7.58,822379,1085,买盘
423,09:51:08,7.57,225758,298,卖盘
424,09:51:11,7.58,547192,722,买盘
425,09:51:14,7.58,274235,362,买盘
426,09:51:17,7.58,170467,225,买盘
427,09:51:20,7.58,95488,126,买盘
428,09:51:23,7.58,194696,257,买盘
429,09:51:26,7.58,386488,510,买盘
430,09:51:29,7.57,620953,820,卖盘
431,09:51:32,7.57,17313539,22871,卖盘
432,09:51:35,7.57,283864,375,买盘
433,09:51:38,7.57,13971559,18457,买盘
434,09:51:41,7.57,1834197,2421,卖盘
435,09:51:44,7.58,1198016,1581,买盘
436,09:51:47,7.57,1907948,2520,卖盘
437,09:51:50,7.58,284947,376,买盘
438,09:51:53,7.58,538572,711,买盘
439,09:51:56,7.57,167445,221,卖盘
440,09:51:59,7.57,548848,725,卖盘
441,09:52:02,7.57,277142,366,卖盘
442,09:52:05,7.57,149900,198,卖盘
443,09:52:08,7.57,395926,523,卖盘
444,09:52:11,7.57,99929,132,卖盘
445,09:52:14,7.58,59056,78,买盘
446,09:52:17,7.58,90860,120,买盘
447,09:52:20,7.57,305998,404,卖盘
448,09:52:23,7.57,150684,199,卖盘
449,09:52:26,7.58,125699,166,买盘
450,09:52:29,7.58,399743,528,买盘
451,09:52:32,7.58,161364,213,买盘
452,09:52:35,7.58,77216,102,买盘
453,09:52:38,7.57,17451315,23053,卖盘
454,09:52:41,7.56,528680,699,卖盘
455,09:52:44,7.57,813679,1075,买盘
456,09:52:47,7.56,135435,179,卖盘
457,09:52:50,7.56,259640,343,卖盘
458,09:52:53,7.56,150478,199,卖盘
459,09:52:56,7.57,927628,1227,买盘
460,09:52:59,7.57,2000779,2646,买盘
461,09:53:02,7.57,356184,471,买盘
462,09:53:05,7.57,74132,98,买盘
463,09:53:08,7.56,503741,666,卖盘
464,09:53:11,7.56,666061,881,卖盘
465,09:53:14,7.56,147438,195,卖盘
466,09:53:17,7.57,189096,250,买盘
467,09:53:20,7.57,169483,224,买盘
468,09:53:23,7.57,130144,172,买盘
469,09:53:26,7.57,127778,169,买盘
470,09:53:29,7.56,392486,519,卖盘
471,09:53:32,7.56,349308,462,卖盘
472,09:53:35,7.56,768868,1017,卖盘
473,09:53:38,7.57,1083521,1433,买盘
474,09:53:41,7.56,12852,17,卖盘
475,09:53:44,7.57,408352,540,买盘
476,09:53:47,7.56,6500486,8588,卖盘
477,09:53:50,7.57,96896,128,买盘
478,09:53:53,7.57,139147,184,买盘
479,09:53:56,7.56,439307,581,卖盘
480,09:53:59,7.57,133095,176,买盘
481,09:54:02,7.56,370023,489,卖盘
482,09:54:05,7.57,410735,543,买盘
483,09:54:08,7.56,132356,175,卖盘
484,09:54:11,7.56,382568,506,卖盘
485,09:54:14,7.57,66549,88,买盘
486,09:54:17,7.57,422208,558,买盘
487,09:54:20,7.56,35573,47,卖盘
488,09:54:23,7.57,163411,216,买盘
489,09:54:26,7.57,62811,83,买盘
490,09:54:29,7.57,369021,488,买盘
491,09:54:32,7.57,159608,211,买盘
492,09:54:35,7.57,299468,396,买盘
493,09:54:38,7.56,150452,199,卖盘
494,09:54:41,7.57,224559,297,买盘
495,09:54:44,7.56,219253,290,卖盘
496,09:54:47,7.56,12601512,16669,卖盘
497,09:54:50,7.55,330137,437,卖盘
498,09:54:53,7.56,118631,157,买盘
499,09:54:56,7.56,570213,755,买盘
500,09:54:59,7.55,428162,567,卖盘
501,09:55:02,7.55,496827,658,卖盘
502,09:55:05,7.55,49840,66,卖盘
503,09:55:08,7.56,1294138,1714,买盘
504,09:55:11,7.55,281640,373,卖盘
505,09:55:14,7.55,331689,439,卖盘
506,09:55:17,7.55,178187,236,卖盘
507,09:55:20,7.55,221215,293,卖盘
508,09:55:23,7.56,221293,293,买盘
509,09:55:26,7.56,580701,769,买盘
510,09:55:29,7.56,474470,628,买盘
511,09:55:32,7.55,156316,207,卖盘
512,09:55:35,7.56,332578,440,买盘
513,09:55:38,7.55,302273,400,卖盘
514,09:55:41,7.55,200175,265,卖盘
515,09:55:44,7.55,74786,99,卖盘
516,09:55:47,7.55,2435767,3226,卖盘
517,09:55:50,7.56,821794,1088,买盘
518,09:55:53,7.55,345218,457,卖盘
519,09:55:56,7.56,480383,636,买盘
520,09:55:59,7.55,937892,1242,卖盘
521,09:56:02,7.56,251709,333,买盘
522,09:56:05,7.55,308906,409,卖盘
523,09:56:08,7.55,1331242,1763,卖盘
524,09:56:11,7.55,241680,320,卖盘
525,09:56:14,7.55,280265,371,卖盘
526,09:56:17,7.55,133723,177,卖盘
527,09:56:20,7.56,98924,131,买盘
528,09:56:23,7.55,215382,285,卖盘
529,09:56:26,7.55,196352,260,卖盘
530,09:56:29,7.56,242488,321,买盘
531,09:56:32,7.56,136731,181,买盘
532,09:56:35,7.55,157090,208,卖盘
533,09:56:38,7.56,816989,1082,买盘
534,09:56:41,7.56,399698,529,买盘
535,09:56:44,7.56,282471,374,买盘
536,09:56:47,7.56,135231,179,买盘
537,09:56:50,7.56,294576,390,买盘
538,09:56:53,7.55,96718,128,卖盘
539,09:56:56,7.56,672116,890,买盘
540,09:56:59,7.56,597934,791,买盘
541,09:57:02,7.56,425985,564,买盘
542,09:57:05,7.56,483331,640,买盘
543,09:57:08,7.56,711340,942,买盘
544,09:57:11,7.56,282473,374,买盘
545,09:57:14,7.56,810511,1073,买盘
546,09:57:17,7.56,733279,971,买盘
547,09:57:20,7.56,299893,397,买盘
548,09:57:23,7.56,1079065,1429,买盘
549,09:57:26,7.56,440369,583,买盘
550,09:57:29,7.55,571880,757,卖盘
551,09:57:32,7.56,405070,536,买盘
552,09:57:35,7.55,1517618,2010,卖盘
553,09:57:38,7.55,420742,557,卖盘
554,09:57:41,7.55,229606,304,卖盘
555,09:57:44,7.56,354299,469,买盘
556,09:57:47,7.56,101229,134,买盘
557,09:57:50,7.56,385340,510,买盘
558,09:57:53,7.55,61225,81,卖盘
559,09:57:56,7.55,376758,499,卖盘
560,09:57:59,7.55,1779738,2357,卖盘
561,09:58:02,7.56,538766,713,买盘
562,09:58:05,7.56,437238,579,买盘
563,09:58:08,7.56,477338,632,买盘
564,09:58:11,7.56,433484,574,买盘
565,09:58:14,7.56,506645,671,买盘
566,09:58:17,7.55,1696533,2247,卖盘
567,09:58:20,7.56,793674,1051,买盘
568,09:58:23,7.55,490952,650,卖盘
569,09:58:26,7.55,321637,426,卖盘
570,09:58:29,7.56,129945,172,买盘
571,09:58:32,7.56,1411903,1870,买盘
572,09:58:35,7.56,722954,957,买盘
573,09:58:38,7.55,465128,616,卖盘
574,09:58:41,7.55,266737,353,卖盘
575,09:58:44,7.55,447799,593,卖盘
576,09:58:47,7.55,153318,203,卖盘
577,09:58:50,7.56,765580,1014,买盘
578,09:58:53,7.55,303512,402,卖盘
579,09:58:56,7.55,744520,986,卖盘
580,09:58:59,7.55,929525,1231,卖盘
581,09:59:02,7.55,2898517,3839,卖盘
582,09:59:05,7.56,1433844,1899,买盘
583,09:59:08,7.55,930936,1233,卖盘
584,09:59:11,7.56,312665,414,买盘
585,09:59:14,7.55,892760,1182,卖盘
586,09:59:17,7.55,6856914,9082,卖盘
587,09:59:20,7.54,783310,1038,卖盘
588,09:59:23,7.54,1490394,1976,卖盘
589,09:59:26,7.54,627050,831,卖盘
590,09:59:29,7.55,365007,484,买盘
591,09:59:32,7.55,257245,341,买盘
592,09:59:35,7.55,370545,491,买盘
593,09:59:38,7.54,530964,704,卖盘
594,09:59:41,7.55,141143,187,买盘
595,09:59:44,7.55,1075112,1425,买盘
596,09:59:47,7.54,345451,458,卖盘
597,09:59:50,7.54,391346,519,卖盘
598,09:59:53,7.55,392600,520,买盘
599,09:59:56,7.54,530864,704,卖盘
600,09:59:59,7.54,107093,142,卖盘
601,10:00:02,7.54,1596357,2117,卖盘
602,10:00:05,7.55,2644331,3507,买盘
603,10:00:08,7.54,1059370,1405,卖盘
604,10:00:11,7.54,432911,574,卖盘
605,10:00:14,7.54,613770,814,卖盘
606,10:00:17,7.55,506067,671,买盘
607,10:00:20,7.55,161422,214,买盘
608,10:00:23,7.55,331058,439,买盘
609,10:00:26,7.54,231538,307,卖盘
610,10:00:29,7.54,458543,608,卖盘
611,10:00:32,7.54,570802,757,卖盘
612,10:00:35,7.54,76990,102,卖盘
613,10:00:38,7.55,402638,534,买盘
614,10:00:41,7.55,299689,397,买盘
615,10:00:44,7.54,564100,748,卖盘
616,10:00:47,7.55,370303,491,买盘
617,10:00:50,7.55,123672,164,买盘
618,10:00:53,7.54,1354301,1796,卖盘
619,10:00:56,7.54,3197031,4240,卖盘
620,10:00:59,7.55,173431,230,买盘
621,10:01:02,7.54,1788524,2372,卖盘
622,10:01:05,7.54,1368510,1815,卖盘
623,10:01:08,7.54,405697,538,卖盘
624,10:01:11,7.55,387623,514,买盘
625,10:01:14,7.55,1058621,1404,买盘
626,10:01:17,7.55,76191,101,买盘
627,10:01:20,7.55,312223,414,买盘
628,10:01:23,7.55,174179,231,买盘
629,10:01:26,7.54,481100,638,卖盘
630,10:01:29,7.55,319849,424,买盘
631,10:01:32,7.54,753342,999,卖盘
632,10:01:35,7.54,73138,97,卖盘
633,10:01:38,7.55,343906,456,买盘
634,10:01:41,7.54,555768,737,卖盘
635,10:01:44,7.55,229223,304,买盘
636,10:01:47,7.55,459251,609,买盘
637,10:01:50,7.54,197596,262,卖盘
638,10:01:53,7.55,20458050,27097,买盘
639,10:01:56,7.55,3847939,5094,卖盘
640,10:01:59,7.55,1003083,1327,卖盘
641,10:02:02,7.56,334652,443,买盘
642,10:02:05,7.55,680530,901,卖盘
643,10:02:08,7.56,378424,501,买盘
644,10:02:11,7.56,143522,190,买盘
645,10:02:14,7.56,680267,900,买盘
646,10:02:17,7.55,305174,404,卖盘
647,10:02:20,7.55,333804,442,卖盘
648,10:02:23,7.56,608298,805,买盘
649,10:02:26,7.55,4333753,5740,卖盘
650,10:02:29,7.56,4571446,6054,买盘
651,10:02:32,7.56,361665,479,买盘
652,10:02:35,7.56,121595,161,买盘
653,10:02:38,7.55,3994481,5290,卖盘
654,10:02:41,7.56,268178,355,买盘
655,10:02:44,7.56,389586,516,买盘
656,10:02:47,7.55,136659,181,卖盘
657,10:02:50,7.56,256002,339,买盘
658,10:02:53,7.55,633401,838,卖盘
659,10:02:56,7.56,272567,361,买盘
660,10:02:59,7.55,238635,316,卖盘
661,10:03:02,7.55,789036,1045,卖盘
662,10:03:05,7.55,398641,528,卖盘
663,10:03:08,7.55,354166,469,卖盘
664,10:03:11,7.56,135255,179,买盘
665,10:03:14,7.55,365528,484,卖盘
666,10:03:17,7.55,190309,252,卖盘
667,10:03:20,7.56,141191,187,买盘
668,10:03:23,7.56,243979,323,买盘
669,10:03:26,7.55,385197,510,卖盘
670,10:03:29,7.55,418535,554,卖盘
671,10:03:32,7.55,266515,353,卖盘
672,10:03:35,7.56,124622,165,买盘
673,10:03:38,7.55,243110,322,卖盘
674,10:03:41,7.56,207806,275,买盘
675,10:03:44,7.56,327162,433,买盘
676,10:03:47,7.57,20356210,26926,买盘
677,10:03:50,7.57,412357,545,买盘
678,10:03:53,7.57,534415,706,买盘
679,10:03:56,7.57,743916,983,买盘
680,10:03:59,7.57,180139,238,买盘
681,10:04:02,7.56,465789,616,卖盘
682,10:04:05,7.56,176166,233,卖盘
683,10:04:08,7.56,184517,244,卖盘
684,10:04:11,7.57,159519,211,买盘
685,10:04:14,7.57,440012,582,买盘
686,10:04:17,7.56,384280,508,卖盘
687,10:04:20,7.56,754498,998,卖盘
688,10:04:23,7.56,49920,66,卖盘
689,10:04:26,7.56,322060,426,卖盘
690,10:04:29,7.56,91523,121,卖盘
691,10:04:32,7.57,301657,399,买盘
692,10:04:35,7.57,577717,764,买盘
693,10:04:38,7.56,207912,275,卖盘
694,10:04:41,7.56,829359,1097,卖盘
695,10:04:44,7.56,672080,889,买盘
696,10:04:47,7.56,955583,1264,买盘
697,10:04:50,7.56,41580,55,卖盘
698,10:04:53,7.57,817250,1081,买盘
699,10:04:56,7.57,553309,731,买盘
700,10:04:59,7.56,68044,90,卖盘
701,10:05:02,7.57,892885,1181,买盘
702,10:05:05,7.57,895050,1183,买盘
703,10:05:08,7.56,672843,890,卖盘
704,10:05:11,7.57,1050841,1390,买盘
705,10:05:14,7.56,480895,636,卖盘
706,10:05:17,7.56,196573,260,卖盘
707,10:05:20,7.57,455551,602,买盘
708,10:05:23,7.57,367756,486,买盘
709,10:05:26,7.57,333448,441,买盘
710,10:05:29,7.57,49196,65,买盘
711,10:05:32,7.57,503025,665,买盘
712,10:05:35,7.56,357913,473,卖盘
713,10:05:38,7.56,265378,351,卖盘
714,10:05:41,7.56,198837,263,卖盘
715,10:05:44,7.57,212565,281,买盘
716,10:05:47,7.56,172447,228,卖盘
717,10:05:50,7.57,701671,927,买盘
718,10:05:53,7.56,315476,417,卖盘
719,10:05:56,7.56,198850,263,卖盘
720,10:05:59,7.56,545768,721,卖盘
721,10:06:02,7.56,407515,539,卖盘
722,10:06:05,7.56,841576,1113,卖盘
723,10:06:08,7.56,85468,113,卖盘
724,10:06:11,7.56,176910,234,卖盘
725,10:06:14,7.56,236137,312,卖盘
726,10:06:17,7.56,231342,306,卖盘
727,10:06:20,7.57,256338,339,买盘
728,10:06:23,7.57,108884,144,买盘
729,10:06:26,7.56,555975,735,卖盘
730,10:06:29,7.56,259505,343,卖盘
731,10:06:32,7.56,212437,281,卖盘
732,10:06:35,7.56,1628701,2154,卖盘
733,10:06:38,7.56,524812,694,卖盘
734,10:06:41,7.56,251006,332,卖盘
735,10:06:44,7.56,1197058,1583,卖盘
736,10:06:47,7.57,105871,140,买盘
737,10:06:50,7.56,478032,632,卖盘
738,10:06:53,7.56,610780,807,卖盘
739,10:06:56,7.56,254772,337,卖盘
740,10:06:59,7.57,709183,937,买盘
741,10:07:02,7.56,239681,317,卖盘
742,10:07:05,7.56,299376,396,卖盘
743,10:07:08,7.56,409029,541,卖盘
744,10:07:11,7.56,452753,599,买盘
745,10:07:14,7.56,152549,202,买盘
746,10:07:17,7.55,270608,358,卖盘
747,10:07:20,7.56,59704,79,买盘
748,10:07:23,7.55,1341653,1777,卖盘
749,10:07:26,7.56,55934,74,买盘
750,10:07:29,7.56,271090,359,买盘
751,10:07:32,7.56,335443,444,买盘
752,10:07:35,7.55,333723,442,卖盘
753,10:07:38,7.55,449595,595,卖盘
754,10:07:41,7.55,338997,449,卖盘
755,10:07:44,7.55,259132,343,卖盘
756,10:07:47,7.55,172140,228,卖盘
757,10:07:50,7.56,225031,298,买盘
758,10:07:53,7.56,206145,273,买盘
759,10:07:59,7.56,1560612,2067,买盘
760,10:08:02,7.56,15873,21,买盘
761,10:08:05,7.55,665155,881,卖盘
762,10:08:08,7.56,86076,114,买盘
763,10:08:11,7.55,482474,639,卖盘
764,10:08:14,7.55,246149,326,卖盘
765,10:08:17,7.55,122319,162,卖盘
766,10:08:20,7.55,655492,868,卖盘
767,10:08:23,7.56,22680,30,买盘
768,10:08:26,7.55,484936,642,卖盘
769,10:08:29,7.56,481699,638,买盘
770,10:08:32,7.55,6047519,8010,卖盘
771,10:08:35,7.55,2227494,2954,买盘
772,10:08:38,7.54,252782,335,卖盘
773,10:08:41,7.55,1424308,1887,买盘
774,10:08:44,7.55,110908,147,买盘
775,10:08:47,7.55,59645,79,买盘
776,10:08:50,7.55,219596,291,买盘
777,10:08:53,7.55,304694,404,买盘
778,10:08:56,7.55,240034,318,买盘
779,10:08:59,7.55,863847,1145,买盘
780,10:09:02,7.54,66428,88,卖盘
781,10:09:05,7.55,1432933,1900,买盘
782,10:09:08,7.54,527182,699,卖盘
783,10:09:11,7.55,202290,268,买盘
784,10:09:14,7.55,251173,333,买盘
785,10:09:17,7.55,276067,366,买盘
786,10:09:20,7.55,73211,97,买盘
787,10:09:23,7.55,229268,304,买盘
788,10:09:26,7.55,67192,89,买盘
789,10:09:29,7.55,837965,1110,买盘
790,10:09:32,7.55,351642,466,买盘
791,10:09:35,7.55,109475,145,买盘
792,10:09:38,7.55,116270,154,买盘
793,10:09:41,7.55,279031,370,买盘
794,10:09:44,7.55,153190,203,买盘
795,10:09:47,7.55,585125,775,买盘
796,10:09:50,7.55,102680,136,卖盘
797,10:09:53,7.55,110998,147,卖盘
798,10:09:56,7.56,548166,726,买盘
799,10:09:59,7.55,72548,96,卖盘
800,10:10:02,7.55,61934,82,卖盘
801,10:10:05,7.55,899205,1191,卖盘
802,10:10:08,7.55,1100469,1458,买盘
803,10:10:11,7.55,156279,207,买盘
804,10:10:14,7.55,863002,1143,买盘
805,10:10:17,7.55,586443,777,买盘
806,10:10:20,7.55,1018870,1349,买盘
807,10:10:23,7.55,849713,1124,卖盘
808,10:10:26,7.56,179694,238,买盘
809,10:10:29,7.55,90609,120,卖盘
810,10:10:32,7.55,64934,86,卖盘
811,10:10:35,7.56,103545,137,买盘
812,10:10:38,7.56,48384,64,买盘
813,10:10:41,7.56,49096,65,买盘
814,10:10:44,7.55,316755,419,卖盘
815,10:10:47,7.55,5286,7,卖盘
816,10:10:50,7.55,77867,103,卖盘
817,10:10:53,7.55,26446,35,卖盘
818,10:10:56,7.55,1595828,2111,卖盘
819,10:10:59,7.56,251453,333,买盘
820,10:11:02,7.56,43848,58,买盘
821,10:11:05,7.55,688564,912,卖盘
822,10:11:08,7.55,612310,811,卖盘
823,10:11:11,7.56,10577,14,买盘
824,10:11:14,7.55,198566,263,卖盘
825,10:11:17,7.56,166230,220,买盘
826,10:11:20,7.55,50603,67,卖盘
827,10:11:23,7.56,83068,110,买盘
828,10:11:26,7.56,275596,365,买盘
829,10:11:29,7.55,27941,37,卖盘
830,10:11:32,7.55,13607,18,卖盘
831,10:11:35,7.56,12752211,16868,买盘
832,10:11:38,7.56,256326,339,卖盘
833,10:11:41,7.57,217959,288,买盘
834,10:11:44,7.57,78628,104,买盘
835,10:11:47,7.56,805205,1065,卖盘
836,10:11:50,7.56,36288,48,卖盘
837,10:11:53,7.56,170920,226,卖盘
838,10:11:56,7.57,46150,61,买盘
839,10:11:59,7.56,218484,289,卖盘
840,10:12:02,7.56,75636,100,卖盘
841,10:12:05,7.57,289686,383,买盘
842,10:12:08,7.56,123938,164,卖盘
843,10:12:11,7.57,55229,73,买盘
844,10:12:14,7.56,148266,196,卖盘
845,10:12:17,7.57,27988,37,买盘
846,10:12:20,7.57,9837,13,买盘
847,10:12:23,7.56,100586,133,卖盘
848,10:12:26,7.57,22705,30,买盘
849,10:12:29,7.56,187500,248,卖盘
850,10:12:32,7.57,195265,258,买盘
851,10:12:35,7.56,195239,258,卖盘
852,10:12:38,7.57,34037,45,买盘
853,10:12:41,7.56,84710,112,卖盘
854,10:12:44,7.56,179304,237,卖盘
855,10:12:47,7.56,18144,24,卖盘
856,10:12:50,7.56,299395,396,卖盘
857,10:12:53,7.56,774676,1024,卖盘
858,10:12:56,7.56,274576,363,卖盘
859,10:12:59,7.56,593477,785,卖盘
860,10:13:02,7.56,234379,310,卖盘
861,10:13:05,7.57,213970,283,买盘
862,10:13:08,7.57,140679,186,买盘
863,10:13:11,7.57,109740,145,买盘
864,10:13:14,7.57,266898,353,买盘
865,10:13:17,7.57,45380,60,买盘
866,10:13:20,7.57,225424,298,买盘
867,10:13:23,7.56,108913,144,卖盘
868,10:13:26,7.57,15894,21,买盘
869,10:13:29,7.57,346299,458,买盘
870,10:13:32,7.56,38590,51,卖盘
871,10:13:35,7.56,22686,30,卖盘
872,10:13:38,7.56,65073,86,卖盘
873,10:13:41,7.56,153539,203,卖盘
874,10:13:44,7.56,193544,256,卖盘
875,10:13:47,7.56,186920,247,卖盘
876,10:13:50,7.56,69554,92,卖盘
877,10:13:53,7.57,116475,154,买盘
878,10:13:56,7.57,92256,122,买盘
879,10:13:59,7.57,94604,125,买盘
880,10:14:02,7.57,557774,737,买盘
881,10:14:05,7.56,93032,123,卖盘
882,10:14:08,7.57,102889,136,买盘
883,10:14:11,7.57,84753,112,买盘
884,10:14:14,7.56,503632,666,卖盘
885,10:14:17,7.56,105960,140,卖盘
886,10:14:20,7.57,44661,59,买盘
887,10:14:23,7.56,451615,597,卖盘
888,10:14:26,7.56,149119,197,卖盘
889,10:14:29,7.56,51409,68,卖盘
890,10:14:32,7.57,662272,876,买盘
891,10:14:35,7.57,36317,48,买盘
892,10:14:38,7.57,466494,617,买盘
893,10:14:41,7.56,424539,562,卖盘
894,10:14:44,7.57,353856,468,买盘
895,10:14:47,7.57,155002,205,买盘
896,10:14:50,7.56,69587,92,卖盘
897,10:14:53,7.57,655506,866,买盘
898,10:14:56,7.56,90757,120,卖盘
899,10:14:59,7.57,86237,114,买盘
900,10:15:02,7.56,108868,144,卖盘
901,10:15:05,7.56,84711,112,卖盘
902,10:15:08,7.57,124745,165,买盘
903,10:15:11,7.56,87728,116,卖盘
904,10:15:14,7.56,71860,95,卖盘
905,10:15:17,7.56,82443,109,卖盘
906,10:15:20,7.57,9074,12,买盘
907,10:15:23,7.56,449551,594,卖盘
908,10:15:26,7.56,183122,242,卖盘
909,10:15:29,7.57,46160,61,买盘
910,10:15:32,7.57,126328,167,买盘
911,10:15:35,7.56,43092,57,卖盘
912,10:15:38,7.56,30271,40,卖盘
913,10:15:41,7.56,18145,24,卖盘
914,10:15:44,7.57,99906,132,买盘
915,10:15:47,7.56,259381,343,卖盘
916,10:15:50,7.57,93828,124,买盘
917,10:15:53,7.56,114993,152,卖盘
918,10:15:56,7.56,105094,139,卖盘
919,10:15:59,7.56,111161,147,卖盘
920,10:16:02,7.57,154314,204,买盘
921,10:16:05,7.57,99042,131,买盘
922,10:16:08,7.57,51431,68,买盘
923,10:16:11,7.56,123998,164,卖盘
924,10:16:14,7.56,56708,75,卖盘
925,10:16:17,7.56,519416,687,卖盘
926,10:16:20,7.56,1087138,1438,卖盘
927,10:16:23,7.56,614502,813,卖盘
928,10:16:26,7.55,454643,602,卖盘
929,10:16:29,7.55,1547590,2048,卖盘
930,10:16:32,7.55,169221,224,卖盘
931,10:16:35,7.55,385112,510,卖盘
932,10:16:38,7.56,48377,64,买盘
933,10:16:41,7.55,265760,352,卖盘
934,10:16:44,7.56,145104,192,买盘
935,10:16:47,7.56,211680,280,买盘
936,10:16:50,7.56,666775,882,买盘
937,10:16:53,7.55,195012,258,卖盘
938,10:16:56,7.56,34020,45,买盘
939,10:16:59,7.55,30956,41,卖盘
940,10:17:02,7.56,105071,139,买盘
941,10:17:05,7.56,21905,29,买盘
942,10:17:08,7.56,27972,37,买盘
943,10:17:11,7.56,14364,19,买盘
944,10:17:14,7.55,40032,53,卖盘
945,10:17:17,7.56,91463,121,买盘
946,10:17:20,7.55,40062,53,卖盘
947,10:17:23,7.56,204112,270,买盘
948,10:17:26,7.56,33264,44,买盘
949,10:17:29,7.56,300523,398,买盘
950,10:17:32,7.56,34770,46,买盘
951,10:17:35,7.56,112644,149,买盘
952,10:17:38,7.56,4536,6,买盘
953,10:17:41,7.56,111069,147,买盘
954,10:17:44,7.56,34773,46,买盘
955,10:17:47,7.56,274422,363,买盘
956,10:17:50,7.55,364059,482,卖盘
957,10:17:53,7.56,61964,82,买盘
958,10:17:56,7.55,290015,384,卖盘
959,10:17:59,7.56,10579,14,买盘
960,10:18:02,7.55,109559,145,卖盘
961,10:18:05,7.56,94499,125,买盘
962,10:18:08,7.56,21166,28,买盘
963,10:18:11,7.55,215959,286,卖盘
964,10:18:14,7.56,18900,25,买盘
965,10:18:17,7.56,117082,155,买盘
966,10:18:20,7.56,59649,79,买盘
967,10:18:23,7.56,120804,160,买盘
968,10:18:26,7.56,249477,330,买盘
969,10:18:29,7.56,191228,253,买盘
970,10:18:32,7.56,32504,43,买盘
971,10:18:35,7.56,247698,328,买盘
972,10:18:38,7.55,27938,37,卖盘
973,10:18:41,7.55,1266058,1675,卖盘
974,10:18:44,7.56,83912,111,买盘
975,10:18:47,7.56,234099,310,买盘
976,10:18:50,7.55,295209,391,卖盘
977,10:18:53,7.55,47580,63,卖盘
978,10:18:56,7.56,386641,512,买盘
979,10:18:59,7.56,37031,49,买盘
980,10:19:02,7.56,292572,387,买盘
981,10:19:05,7.55,749741,993,卖盘
982,10:19:08,7.56,316479,419,买盘
983,10:19:11,7.55,34754,46,卖盘
984,10:19:14,7.55,18122,24,卖盘
985,10:19:17,7.56,43089,57,买盘
986,10:19:20,7.56,50597,67,买盘
987,10:19:23,7.55,642892,851,卖盘
988,10:19:26,7.56,34731,46,买盘
989,10:19:29,7.56,78578,104,买盘
990,10:19:32,7.55,402887,533,卖盘
991,10:19:35,7.55,367806,487,卖盘
992,10:19:38,7.55,281944,373,卖盘
993,10:19:41,7.56,91358,121,买盘
994,10:19:44,7.56,55187,73,买盘
995,10:19:47,7.55,326180,432,卖盘
996,10:19:50,7.56,27964,37,买盘
997,10:19:53,7.56,77868,103,买盘
998,10:19:56,7.56,121615,161,买盘
999,10:19:59,7.56,339137,449,买盘
1000,10:20:02,7.56,207144,274,买盘
1001,10:20:05,7.56,65016,86,买盘
1002,10:20:08,7.55,59722,79,卖盘
1003,10:20:11,7.56,86085,114,买盘
1004,10:20:14,7.56,40068,53,买盘
1005,10:20:17,7.56,207130,274,买盘
1006,10:20:20,7.56,37791,50,买盘
1007,10:20:23,7.56,47628,63,买盘
1008,10:20:26,7.56,55873,74,买盘
1009,10:20:29,7.56,290220,384,买盘
1010,10:20:32,7.56,108790,144,买盘
1011,10:20:35,7.56,37790,50,买盘
1012,10:20:38,7.56,37039,49,买盘
1013,10:20:41,7.56,31752,42,买盘
1014,10:20:44,7.56,23436,31,买盘
1015,10:20:47,7.56,49139,65,买盘
1016,10:20:50,7.56,27972,37,买盘
1017,10:20:53,7.56,49137,65,买盘
1018,10:20:56,7.56,868951,1150,买盘
1019,10:20:59,7.56,23436,31,买盘
1020,10:21:02,7.56,926255,1226,买盘
1021,10:21:05,7.56,177657,235,买盘
1022,10:21:08,7.56,64257,85,买盘
1023,10:21:11,7.55,440956,584,卖盘
1024,10:21:14,7.56,87695,116,买盘
1025,10:21:17,7.56,74815,99,买盘
1026,10:21:20,7.56,681017,902,买盘
1027,10:21:23,7.56,63504,84,买盘
1028,10:21:26,7.55,32467,43,卖盘
1029,10:21:29,7.56,1065379,1411,买盘
1030,10:21:32,7.56,82349,109,买盘
1031,10:21:35,7.55,148072,196,卖盘
1032,10:21:38,7.55,38528,51,卖盘
1033,10:21:41,7.55,43085,57,卖盘
1034,10:21:44,7.55,289172,383,卖盘
1035,10:21:47,7.55,65000,86,卖盘
1036,10:21:50,7.56,317139,420,买盘
1037,10:21:53,7.55,117865,156,卖盘
1038,10:21:56,7.55,312574,414,卖盘
1039,10:21:59,7.56,54402,72,买盘
1040,10:22:02,7.56,1010008,1337,买盘
1041,10:22:05,7.55,197849,262,卖盘
1042,10:22:08,7.55,64935,86,卖盘
1043,10:22:11,7.56,67982,90,买盘
1044,10:22:14,7.56,347444,460,买盘
1045,10:22:17,7.56,45360,60,买盘
1046,10:22:20,7.56,156348,207,买盘
1047,10:22:23,7.55,39288,52,卖盘
1048,10:22:26,7.55,560411,742,卖盘
1049,10:22:29,7.56,51407,68,买盘
1050,10:22:32,7.55,245444,325,卖盘
1051,10:22:35,7.55,50640,67,卖盘
1052,10:22:38,7.56,505260,669,买盘
1053,10:22:41,7.56,58955,78,买盘
1054,10:22:44,7.55,271047,359,卖盘
1055,10:22:47,7.56,17388,23,买盘
1056,10:22:50,7.55,58927,78,卖盘
1057,10:22:53,7.56,26458,35,买盘
1058,10:22:56,7.56,56681,75,买盘
1059,10:22:59,7.56,151856,201,买盘
1060,10:23:02,7.56,428851,568,买盘
1061,10:23:05,7.55,604877,801,卖盘
1062,10:23:08,7.56,610893,809,买盘
1063,10:23:11,7.56,79330,105,买盘
1064,10:23:14,7.55,1148359,1521,卖盘
1065,10:23:17,7.56,398056,527,买盘
1066,10:23:20,7.56,9818,13,买盘
1067,10:23:23,7.55,249161,330,卖盘
1068,10:23:26,7.55,231807,307,卖盘
1069,10:23:29,7.55,80107,106,卖盘
1070,10:23:32,7.56,181959,241,买盘
1071,10:23:35,7.55,4530,6,卖盘
1072,10:23:38,7.55,76306,101,卖盘
1073,10:23:41,7.56,11340,15,买盘
1074,10:23:44,7.56,53674,71,买盘
1075,10:23:47,7.56,44598,59,买盘
1076,10:23:50,7.55,17379,23,卖盘
1077,10:23:53,7.55,3775,5,卖盘
1078,10:23:56,7.55,265005,351,卖盘
1079,10:23:59,7.56,15859,21,买盘
1080,10:24:02,7.56,606312,802,买盘
1081,10:24:05,7.56,438911,581,买盘
1082,10:24:08,7.56,58966,78,买盘
1083,10:24:11,7.55,222743,295,卖盘
1084,10:24:14,7.56,19639,26,买盘
1085,10:24:17,7.56,58954,78,买盘
1086,10:24:20,7.56,370842,491,买盘
1087,10:24:23,7.56,22677,30,买盘
1088,10:24:26,7.56,32508,43,买盘
1089,10:24:29,7.56,78619,104,买盘
1090,10:24:32,7.56,32492,43,买盘
1091,10:24:35,7.56,27972,37,买盘
1092,10:24:38,7.55,20390,27,卖盘
1093,10:24:41,7.56,36287,48,买盘
1094,10:24:44,7.56,11339,15,买盘
1095,10:24:47,7.56,475524,629,买盘
1096,10:24:50,7.56,105080,139,买盘
1097,10:24:53,7.56,68034,90,买盘
1098,10:24:56,7.56,937733,1242,买盘
1099,10:24:59,7.55,160107,212,卖盘
1100,10:25:02,7.56,84621,112,买盘
1101,10:25:05,7.55,39263,52,卖盘
1102,10:25:08,7.56,608653,806,买盘
1103,10:25:11,7.55,489272,648,卖盘
1104,10:25:14,7.56,365488,484,买盘
1105,10:25:17,7.55,315717,418,卖盘
1106,10:25:20,7.55,312570,414,卖盘
1107,10:25:23,7.56,355647,471,买盘
1108,10:25:26,7.56,74789,99,买盘
1109,10:25:29,7.55,85392,113,卖盘
1110,10:25:32,7.55,428230,567,卖盘
1111,10:25:35,7.56,52904,70,买盘
1112,10:25:38,7.56,38543,51,买盘
1113,10:25:41,7.56,129197,171,买盘
1114,10:25:44,7.56,50604,67,买盘
1115,10:25:47,7.56,169294,224,买盘
1116,10:25:50,7.56,78618,104,买盘
1117,10:25:56,7.55,565604,749,卖盘
1118,10:25:59,7.55,31725,42,卖盘
1119,10:26:02,7.55,149501,198,卖盘
1120,10:26:05,7.56,40814,54,买盘
1121,10:26:08,7.55,339114,449,卖盘
1122,10:26:11,7.55,46086,61,卖盘
1123,10:26:14,7.55,76335,101,卖盘
1124,10:26:17,7.56,98280,130,买盘
1125,10:26:20,7.55,933202,1235,卖盘
1126,10:26:23,7.56,110344,146,买盘
1127,10:26:26,7.56,319480,423,买盘
1128,10:26:29,7.55,36258,48,卖盘
1129,10:26:32,7.55,1205739,1597,卖盘
1130,10:26:35,7.55,312576,414,卖盘
1131,10:26:38,7.56,16625,22,买盘
1132,10:26:41,7.55,68714,91,卖盘
1133,10:26:44,7.55,70975,94,卖盘
1134,10:26:47,7.55,75588,100,卖盘
1135,10:26:50,7.55,44547,59,卖盘
1136,10:26:53,7.55,75508,100,卖盘
1137,10:26:56,7.55,32475,43,卖盘
1138,10:26:59,7.55,323957,429,卖盘
1139,10:27:02,7.55,36998,49,卖盘
1140,10:27:05,7.55,2046811,2711,卖盘
1141,10:27:08,7.55,893165,1183,卖盘
1142,10:27:11,7.55,160085,212,卖盘
1143,10:27:14,7.55,311823,413,卖盘
1144,10:27:17,7.56,335317,444,买盘
1145,10:27:20,7.55,7550,10,卖盘
1146,10:27:23,7.55,298226,395,卖盘
1147,10:27:26,7.55,10580,14,卖盘
1148,10:27:29,7.56,336776,446,买盘
1149,10:27:32,7.55,804081,1065,卖盘
1150,10:27:35,7.55,40051,53,卖盘
1151,10:27:38,7.56,120830,160,买盘
1152,10:27:41,7.55,27953,37,卖盘
1153,10:27:44,7.56,128519,170,买盘
1154,10:27:47,7.56,100511,133,买盘
1155,10:27:50,7.56,56677,75,买盘
1156,10:27:53,7.56,15876,21,买盘
1157,10:27:56,7.56,88449,117,买盘
1158,10:27:59,7.55,296731,393,卖盘
1159,10:28:02,7.55,68746,91,卖盘
1160,10:28:05,7.56,31731,42,买盘
1161,10:28:08,7.56,56695,75,买盘
1162,10:28:11,7.55,515675,683,卖盘
1163,10:28:14,7.56,44597,59,买盘
1164,10:28:17,7.56,72576,96,买盘
1165,10:28:20,7.56,37029,49,买盘
1166,10:28:23,7.55,74746,99,卖盘
1167,10:28:26,7.56,21158,28,买盘
1168,10:28:29,7.56,382090,506,买盘
1169,10:28:32,7.56,37014,49,买盘
1170,10:28:35,7.56,197173,261,买盘
1171,10:28:38,7.56,40058,53,买盘
1172,10:28:41,7.56,191263,253,买盘
1173,10:28:44,7.56,94482,125,买盘
1174,10:28:47,7.56,145834,193,买盘
1175,10:28:50,7.55,522634,692,卖盘
1176,10:28:53,7.55,1758091,2328,卖盘
1177,10:28:56,7.56,97506,129,买盘
1178,10:28:59,7.56,406201,538,买盘
1179,10:29:02,7.55,921882,1221,卖盘
1180,10:29:05,7.55,317150,420,卖盘
1181,10:29:08,7.56,3916310,5187,买盘
1182,10:29:11,7.55,2494672,3304,卖盘
1183,10:29:14,7.56,168510,223,买盘
1184,10:29:17,7.55,49870,66,卖盘
1185,10:29:20,7.56,200886,266,买盘
1186,10:29:23,7.55,1300201,1722,卖盘
1187,10:29:26,7.56,63504,84,买盘
1188,10:29:29,7.56,58947,78,买盘
1189,10:29:32,7.55,1196014,1584,卖盘
1190,10:29:35,7.55,77041,102,卖盘
1191,10:29:38,7.56,751231,995,买盘
1192,10:29:41,7.56,1118289,1481,买盘
1193,10:29:44,7.56,733930,972,买盘
1194,10:29:47,7.55,79345,105,卖盘
1195,10:29:50,7.56,1901130,2517,买盘
1196,10:29:53,7.55,187330,248,卖盘
1197,10:29:56,7.56,1346329,1783,买盘
1198,10:29:59,7.55,71033,94,卖盘
1199,10:30:02,7.55,455605,603,卖盘
1200,10:30:05,7.55,198041,262,卖盘
1201,10:30:08,7.56,110335,146,买盘
1202,10:30:11,7.55,444700,589,卖盘
1203,10:30:14,7.55,37036,49,卖盘
1204,10:30:17,7.56,79336,105,买盘
1205,10:30:20,7.55,224250,297,卖盘
1206,10:30:23,7.55,302004,400,卖盘
1207,10:30:26,7.55,9061,12,卖盘
1208,10:30:29,7.55,91369,121,卖盘
1209,10:30:32,7.56,285673,378,买盘
1210,10:30:35,7.55,241612,320,卖盘
1211,10:30:38,7.56,9068,12,买盘
1212,10:30:41,7.56,132988,176,买盘
1213,10:30:44,7.55,16610,22,卖盘
1214,10:30:47,7.55,220613,292,卖盘
1215,10:30:50,7.55,122361,162,卖盘
1216,10:30:53,7.56,280247,371,买盘
1217,10:30:56,7.56,146503,194,买盘
1218,10:30:59,7.56,21922,29,买盘
1219,10:31:02,7.55,361666,479,卖盘
1220,10:31:05,7.55,181965,241,卖盘
1221,10:31:08,7.56,15857,21,买盘
1222,10:31:11,7.56,127008,168,买盘
1223,10:31:14,7.55,147985,196,卖盘
1224,10:31:17,7.56,35532,47,买盘
1225,10:31:20,7.55,132900,176,卖盘
1226,10:31:23,7.55,239494,317,卖盘
1227,10:31:26,7.55,158568,210,卖盘
1228,10:31:29,7.55,295259,391,卖盘
1229,10:31:32,7.55,53654,71,卖盘
1230,10:31:35,7.56,352820,467,买盘
1231,10:31:38,7.55,23434,31,卖盘
1232,10:31:41,7.55,445525,590,卖盘
1233,10:31:44,7.56,18890,25,买盘
1234,10:31:47,7.55,261277,346,卖盘
1235,10:31:50,7.56,249156,330,买盘
1236,10:31:53,7.56,212159,281,买盘
1237,10:31:56,7.55,548975,727,卖盘
1238,10:31:59,7.55,21903,29,卖盘
1239,10:32:02,7.55,322386,427,卖盘
1240,10:32:05,7.55,125335,166,卖盘
1241,10:32:08,7.55,260494,345,卖盘
1242,10:32:11,7.55,194198,257,卖盘
1243,10:32:14,7.56,48384,64,买盘
1244,10:32:17,7.56,194800,258,买盘
1245,10:32:20,7.55,188819,250,卖盘
1246,10:32:23,7.55,14976871,19837,卖盘
1247,10:32:26,7.55,415250,550,买盘
1248,10:32:29,7.55,152431,202,买盘
1249,10:32:32,7.54,85261,113,卖盘
1250,10:32:35,7.55,153170,203,买盘
1251,10:32:38,7.55,202319,268,买盘
1252,10:32:41,7.55,82295,109,买盘
1253,10:32:44,7.55,137375,182,买盘
1254,10:32:50,7.55,965887,1281,买盘
1255,10:32:53,7.55,423156,561,买盘
1256,10:32:56,7.55,58122,77,买盘
1257,10:32:59,7.54,184078,244,卖盘
1258,10:33:02,7.55,68663,91,买盘
1259,10:33:05,7.55,131216,174,买盘
1260,10:33:08,7.55,73979,98,买盘
1261,10:33:11,7.55,230116,305,买盘
1262,10:33:14,7.54,202255,268,卖盘
1263,10:33:17,7.54,295660,392,卖盘
1264,10:33:20,7.55,224858,298,买盘
1265,10:33:23,7.55,245934,326,买盘
1266,10:33:26,7.55,66439,88,买盘
1267,10:33:29,7.55,123055,163,买盘
1268,10:33:32,7.55,35468,47,买盘
1269,10:33:35,7.55,100386,133,买盘
1270,10:33:38,7.55,107900,143,买盘
1271,10:33:41,7.55,317100,420,买盘
1272,10:33:44,7.55,46810,62,买盘
1273,10:33:47,7.54,72471,96,卖盘
1274,10:33:50,7.54,127467,169,卖盘
1275,10:33:53,7.54,174240,231,卖盘
1276,10:33:56,7.55,24160,32,买盘
1277,10:33:59,7.54,123701,164,卖盘
1278,10:34:02,7.55,125330,166,买盘
1279,10:34:05,7.54,14328,19,卖盘
1280,10:34:08,7.55,134390,178,买盘
1281,10:34:11,7.55,107918,143,买盘
1282,10:34:14,7.55,53584,71,买盘
1283,10:34:17,7.55,21122,28,买盘
1284,10:34:20,7.54,283782,376,卖盘
1285,10:34:23,7.55,152343,202,买盘
1286,10:34:26,7.55,70923,94,买盘
1287,10:34:29,7.55,301980,400,买盘
1288,10:34:32,7.55,36238,48,买盘
1289,10:34:35,7.55,15096,20,买盘
1290,10:34:38,7.55,204493,271,买盘
1291,10:34:41,7.54,65639,87,卖盘
1292,10:34:44,7.55,632262,838,买盘
1293,10:34:47,7.55,645088,855,买盘
1294,10:34:50,7.55,63356,84,买盘
1295,10:34:53,7.54,553082,733,卖盘
1296,10:34:59,7.55,44543,59,买盘
1297,10:35:02,7.55,781923,1037,买盘
1298,10:35:05,7.54,29413,39,卖盘
1299,10:35:08,7.55,65683,87,买盘
1300,10:35:11,7.55,67920,90,买盘
1301,10:35:14,7.55,161376,214,买盘
1302,10:35:17,7.55,114625,152,买盘
1303,10:35:20,7.54,97320,129,卖盘
1304,10:35:23,7.54,348355,462,卖盘
1305,10:35:26,7.55,12825,17,买盘
1306,10:35:29,7.55,12835,17,买盘
1307,10:35:35,7.55,200794,266,买盘
1308,10:35:38,7.54,104888,139,卖盘
1309,10:35:41,7.54,64169,85,卖盘
1310,10:35:44,7.55,72480,96,买盘
1311,10:35:47,7.54,1203386,1596,卖盘
1312,10:35:50,7.55,141014,187,买盘
1313,10:35:53,7.55,51287,68,买盘
1314,10:35:56,7.54,2264,3,卖盘
1315,10:35:59,7.54,131286,174,卖盘
1316,10:36:02,7.54,263917,350,卖盘
1317,10:36:05,7.55,755,1,买盘
1318,10:36:08,7.54,1508,2,卖盘
1319,10:36:11,7.55,63353,84,买盘
1320,10:36:14,7.54,3771,5,卖盘
1321,10:36:17,7.54,18108,24,卖盘
1322,10:36:20,7.54,52803,70,卖盘
1323,10:36:23,7.54,14339,19,卖盘
1324,10:36:26,7.55,429838,570,买盘
1325,10:36:29,7.54,17344,23,卖盘
1326,10:36:32,7.55,565574,750,买盘
1327,10:36:35,7.55,149490,198,买盘
1328,10:36:38,7.54,21866,29,卖盘
1329,10:36:41,7.55,34685,46,买盘
1330,10:36:44,7.54,79186,105,卖盘
1331,10:36:47,7.54,46776,62,卖盘
1332,10:36:50,7.54,3770,5,卖盘
1333,10:36:53,7.54,162130,215,卖盘
1334,10:36:56,7.55,64100,85,买盘
1335,10:36:59,7.54,263193,349,卖盘
1336,10:37:02,7.54,2262,3,卖盘
1337,10:37:05,7.55,76207,101,买盘
1338,10:37:08,7.55,73923,98,买盘
1339,10:37:11,7.54,139521,185,卖盘
1340,10:37:14,7.55,7550,10,买盘
1341,10:37:17,7.54,112350,149,卖盘
1342,10:37:20,7.55,109475,145,买盘
1343,10:37:23,7.55,5285,7,买盘
1344,10:37:26,7.54,26393,35,卖盘
1345,10:37:29,7.55,68664,91,买盘
1346,10:37:32,7.54,151554,201,卖盘
1347,10:37:35,7.55,18875,25,买盘
1348,10:37:38,7.54,205131,272,卖盘
1349,10:37:41,7.55,991528,1315,买盘
1350,10:37:44,7.55,34702,46,买盘
1351,10:37:47,7.54,7723525,10243,卖盘
1352,10:37:50,7.55,234649,311,买盘
1353,10:37:53,7.55,18120,24,买盘
1354,10:37:56,7.54,31668,42,卖盘
1355,10:37:59,7.55,755,1,买盘
1356,10:38:02,7.55,92010,122,买盘
1357,10:38:05,7.55,4530,6,买盘
1358,10:38:08,7.54,75400,100,卖盘
1359,10:38:11,7.55,29434,39,买盘
1360,10:38:14,7.54,43003,57,卖盘
1361,10:38:17,7.54,5280,7,卖盘
1362,10:38:20,7.55,3771,5,买盘
1363,10:38:23,7.54,37702,50,卖盘
1364,10:38:26,7.54,55799,74,卖盘
1365,10:38:29,7.55,118519,157,买盘
1366,10:38:32,7.54,14326,19,卖盘
1367,10:38:35,7.54,80678,107,卖盘
1368,10:38:38,7.55,162896,216,买盘
1369,10:38:41,7.54,106325,141,卖盘
1370,10:38:44,7.55,475264,630,买盘
1371,10:38:47,7.54,14326,19,卖盘
1372,10:38:50,7.55,308544,409,买盘
1373,10:38:53,7.54,28657,38,卖盘
1374,10:38:56,7.54,47502,63,卖盘
1375,10:38:59,7.54,68649,91,卖盘
1376,10:39:02,7.54,77662,103,卖盘
1377,10:39:05,7.55,20364,27,买盘
1378,10:39:08,7.54,48256,64,卖盘
1379,10:39:11,7.54,150828,200,卖盘
1380,10:39:14,7.54,1149874,1525,卖盘
1381,10:39:17,7.54,162887,216,卖盘
1382,10:39:20,7.54,360423,478,卖盘
1383,10:39:23,7.54,257881,342,卖盘
1384,10:39:26,7.55,1234327,1637,买盘
1385,10:39:29,7.54,241338,320,卖盘
1386,10:39:32,7.55,91243,121,买盘
1387,10:39:35,7.55,24915,33,买盘
1388,10:39:38,7.54,134238,178,卖盘
1389,10:39:41,7.55,150078,199,买盘
1390,10:39:44,7.55,58839,78,买盘
1391,10:39:47,7.54,143273,190,卖盘
1392,10:39:50,7.54,117624,156,卖盘
1393,10:39:53,7.55,198474,263,买盘
1394,10:39:56,7.54,107844,143,卖盘
1395,10:39:59,7.55,73153,97,买盘
1396,10:40:02,7.54,119180,158,卖盘
1397,10:40:05,7.55,6040,8,买盘
1398,10:40:08,7.54,162864,216,卖盘
1399,10:40:11,7.54,36216,48,卖盘
1400,10:40:14,7.54,152332,202,卖盘
1401,10:40:17,7.54,7540,10,卖盘
1402,10:40:20,7.54,585104,776,卖盘
1403,10:40:23,7.54,487201,646,卖盘
1404,10:40:26,7.55,164500,218,买盘
1405,10:40:32,7.55,199105,264,买盘
1406,10:40:35,7.54,202072,268,卖盘
1407,10:40:38,7.54,46004,61,卖盘
1408,10:40:41,7.54,314438,417,卖盘
1409,10:40:44,7.54,472759,627,卖盘
1410,10:40:47,7.54,72430,96,卖盘
1411,10:40:50,7.55,294844,391,买盘
1412,10:40:53,7.54,307635,408,卖盘
1413,10:40:56,7.54,974927,1293,卖盘
1414,10:40:59,7.54,688402,913,卖盘
1415,10:41:02,7.54,405749,538,卖盘
1416,10:41:05,7.54,140363,186,卖盘
1417,10:41:08,7.54,410930,545,卖盘
1418,10:41:11,7.54,493870,655,卖盘
1419,10:41:14,7.55,89736,119,买盘
1420,10:41:17,7.54,11413304,15137,卖盘
1421,10:41:20,7.54,2169901,2878,卖盘
1422,10:41:23,7.54,478584,635,买盘
1423,10:41:26,7.54,299887,398,买盘
1424,10:41:29,7.54,160537,213,买盘
1425,10:41:32,7.53,191316,254,卖盘
1426,10:41:35,7.54,206376,274,买盘
1427,10:41:38,7.53,89707,119,卖盘
1428,10:41:41,7.53,706324,938,卖盘
1429,10:41:44,7.53,153702,204,卖盘
1430,10:41:47,7.54,267532,355,买盘
1431,10:41:50,7.54,169516,225,买盘
1432,10:41:53,7.54,263628,350,买盘
1433,10:41:56,7.54,74626,99,买盘
1434,10:41:59,7.54,754,1,买盘
1435,10:42:02,7.53,317801,422,卖盘
1436,10:42:05,7.53,124334,165,卖盘
1437,10:42:08,7.54,255395,339,买盘
1438,10:42:11,7.53,97140,129,卖盘
1439,10:42:14,7.54,297460,395,买盘
1440,10:42:17,7.53,295407,392,卖盘
1441,10:42:20,7.53,321623,427,卖盘
1442,10:42:23,7.54,297596,395,买盘
1443,10:42:26,7.53,492608,654,卖盘
1444,10:42:29,7.54,65535,87,买盘
1445,10:42:32,7.54,142353,189,买盘
1446,10:42:35,7.53,42197,56,卖盘
1447,10:42:38,7.53,131067,174,卖盘
1448,10:42:41,7.53,218487,290,卖盘
1449,10:42:44,7.53,911885,1211,卖盘
1450,10:42:47,7.54,146901,195,买盘
1451,10:42:50,7.53,206326,274,卖盘
1452,10:42:53,7.54,234343,311,买盘
1453,10:42:56,7.53,239586,318,卖盘
1454,10:42:59,7.53,46699,62,卖盘
1455,10:43:02,7.54,7540,10,买盘
1456,10:43:05,7.53,247793,329,卖盘
1457,10:43:08,7.53,37650,50,卖盘
1458,10:43:11,7.54,156686,208,买盘
1459,10:43:14,7.54,74562,99,买盘
1460,10:43:17,7.54,281857,374,买盘
1461,10:43:20,7.53,238771,317,卖盘
1462,10:43:23,7.53,229073,304,卖盘
1463,10:43:26,7.53,125000,166,卖盘
1464,10:43:29,7.53,220657,293,卖盘
1465,10:43:32,7.54,122809,163,买盘
1466,10:43:35,7.54,744778,989,买盘
1467,10:43:38,7.54,459843,610,买盘
1468,10:43:41,7.54,155927,207,买盘
1469,10:43:44,7.54,177186,235,买盘
1470,10:43:47,7.53,137066,182,卖盘
1471,10:43:50,7.53,227445,302,卖盘
1472,10:43:53,7.54,15071,20,买盘
1473,10:43:56,7.54,149905,199,买盘
1474,10:43:59,7.54,18096,24,买盘
1475,10:44:02,7.53,171708,228,卖盘
1476,10:44:05,7.54,1585084,2105,买盘
1477,10:44:08,7.53,753,1,卖盘
1478,10:44:11,7.54,89725,119,买盘
1479,10:44:14,7.53,75384,100,卖盘
1480,10:44:17,7.54,67837,90,买盘
1481,10:44:20,7.53,902146,1198,卖盘
1482,10:44:23,7.54,140212,186,买盘
1483,10:44:26,7.54,42219,56,买盘
1484,10:44:29,7.54,142396,189,买盘
1485,10:44:32,7.53,139315,185,卖盘
1486,10:44:35,7.54,93496,124,买盘
1487,10:44:38,7.54,41436,55,买盘
1488,10:44:41,7.54,165826,220,买盘
1489,10:44:44,7.54,57304,76,买盘
1490,10:44:47,7.54,42169,56,买盘
1491,10:44:50,7.54,1064778,1414,买盘
1492,10:44:53,7.54,68614,91,买盘
1493,10:44:56,7.54,82936,110,买盘
1494,10:44:59,7.54,405179,538,买盘
1495,10:45:02,7.53,262200,348,卖盘
1496,10:45:05,7.53,18082,24,卖盘
1497,10:45:08,7.54,71575,95,买盘
1498,10:45:11,7.54,15814,21,买盘
1499,10:45:14,7.54,107786,143,买盘
1500,10:45:17,7.54,43732,58,买盘
1501,10:45:20,7.53,82835,110,卖盘
1502,10:45:23,7.54,107010,142,买盘
1503,10:45:26,7.54,30884,41,买盘
1504,10:45:29,7.54,30150,40,买盘
1505,10:45:32,7.53,171691,228,卖盘
1506,10:45:35,7.54,172644,229,买盘
1507,10:45:38,7.54,76908,102,买盘
1508,10:45:41,7.53,24127,32,卖盘
1509,10:45:44,7.54,43732,58,买盘
1510,10:45:47,7.53,48976,65,卖盘
1511,10:45:50,7.53,940544,1249,卖盘
1512,10:45:53,7.54,30914,41,买盘
1513,10:45:56,7.53,38444,51,卖盘
1514,10:45:59,7.54,82874,110,买盘
1515,10:46:02,7.54,237296,315,买盘
1516,10:46:05,7.53,106968,142,卖盘
1517,10:46:08,7.53,136471,181,卖盘
1518,10:46:11,7.54,42923,57,买盘
1519,10:46:14,7.54,70876,94,买盘
1520,10:46:17,7.54,229066,304,买盘
1521,10:46:20,7.54,507327,673,买盘
1522,10:46:23,7.54,39194,52,买盘
1523,10:46:26,7.54,28641,38,买盘
1524,10:46:29,7.54,163573,217,买盘
1525,10:46:32,7.54,213189,283,买盘
1526,10:46:35,7.54,112247,149,买盘
1527,10:46:38,7.54,217902,289,买盘
1528,10:46:41,7.54,79169,105,买盘
1529,10:46:44,7.53,6777,9,卖盘
1530,10:46:47,7.54,61827,82,买盘
1531,10:46:50,7.53,98647,131,卖盘
1532,10:46:53,7.53,125781,167,卖盘
1533,10:46:56,7.54,167388,222,买盘
1534,10:46:59,7.54,295566,392,买盘
1535,10:47:02,7.54,851691,1131,买盘
1536,10:47:05,7.54,86709,115,买盘
1537,10:47:08,7.54,42977,57,买盘
1538,10:47:11,7.54,14326,19,买盘
1539,10:47:14,7.54,6032,8,买盘
1540,10:47:17,7.54,50497,67,买盘
1541,10:47:20,7.53,122042,162,卖盘
1542,10:47:23,7.54,128775,171,买盘
1543,10:47:26,7.54,13572,18,买盘
1544,10:47:29,7.54,34679,46,买盘
1545,10:47:32,7.54,247127,328,买盘
1546,10:47:35,7.54,9802,13,买盘
1547,10:47:38,7.54,107807,143,买盘
1548,10:47:41,7.54,60315,80,买盘
1549,10:47:44,7.54,172666,229,买盘
1550,10:47:47,7.54,80670,107,买盘
1551,10:47:50,7.53,90382,120,卖盘
1552,10:47:53,7.54,174015,231,买盘
1553,10:47:56,7.53,149897,199,卖盘
1554,10:47:59,7.53,94198,125,卖盘
1555,10:48:02,7.53,228931,304,卖盘
1556,10:48:05,7.54,173200,230,买盘
1557,10:48:08,7.53,314378,417,卖盘
1558,10:48:11,7.53,60240,80,卖盘
1559,10:48:14,7.53,2487916,3304,卖盘
1560,10:48:17,7.53,24867,33,卖盘
1561,10:48:20,7.53,331326,440,卖盘
1562,10:48:23,7.54,222899,296,买盘
1563,10:48:26,7.54,154528,205,买盘
1564,10:48:29,7.54,212384,282,买盘
1565,10:48:32,7.54,180058,239,买盘
1566,10:48:35,7.54,374458,497,买盘
1567,10:48:38,7.54,88910,118,买盘
1568,10:48:41,7.53,33894,45,卖盘
1569,10:48:44,7.54,55787,74,买盘
1570,10:48:47,7.53,217644,289,卖盘
1571,10:48:50,7.54,202576,269,买盘
1572,10:48:53,7.54,128764,171,买盘
1573,10:48:56,7.54,46716,62,买盘
1574,10:48:59,7.54,115331,153,买盘
1575,10:49:02,7.54,758372,1007,买盘
1576,10:49:05,7.54,48248,64,买盘
1577,10:49:08,7.54,101668,135,买盘
1578,10:49:11,7.53,306471,407,卖盘
1579,10:49:14,7.54,106300,141,买盘
1580,10:49:20,7.53,97915,130,卖盘
1581,10:49:23,7.53,322520,428,卖盘
1582,10:49:26,7.54,67860,90,买盘
1583,10:49:29,7.53,65561,87,卖盘
1584,10:49:32,7.53,99470,132,卖盘
1585,10:49:35,7.54,23349,31,买盘
1586,10:49:38,7.54,386569,513,买盘
1587,10:49:41,7.53,118978,158,卖盘
1588,10:49:44,7.54,777236,1032,买盘
1589,10:49:47,7.54,397609,528,买盘
1590,10:49:50,7.53,192120,255,卖盘
1591,10:49:53,7.54,133300,177,买盘
1592,10:49:56,7.53,4521,6,卖盘
1593,10:49:59,7.53,234947,312,卖盘
1594,10:50:02,7.54,251759,334,买盘
1595,10:50:05,7.53,82850,110,卖盘
1596,10:50:08,7.53,58056,77,卖盘
1597,10:50:11,7.53,45935,61,卖盘
1598,10:50:14,7.54,260857,346,买盘
1599,10:50:17,7.53,3012,4,卖盘
1600,10:50:20,7.53,125751,167,卖盘
1601,10:50:23,7.54,125757,167,买盘
1602,10:50:26,7.54,51257,68,买盘
1603,10:50:29,7.54,266159,353,买盘
1604,10:50:32,7.54,924784,1228,买盘
1605,10:50:35,7.53,906295,1202,卖盘
1606,10:50:38,7.53,202752,269,卖盘
1607,10:50:41,7.54,177190,235,买盘
1608,10:50:44,7.54,18430735,24443,买盘
1609,10:50:47,7.54,41471,55,卖盘
1610,10:50:50,7.54,738118,978,卖盘
1611,10:50:53,7.55,680115,902,买盘
1612,10:50:56,7.55,3771,5,买盘
1613,10:50:59,7.55,12069,16,买盘
1614,10:51:02,7.54,62632,83,卖盘
1615,10:51:05,7.55,188738,250,买盘
1616,10:51:08,7.54,4524,6,卖盘
1617,10:51:11,7.55,159257,211,买盘
1618,10:51:14,7.54,52780,70,卖盘
1619,10:51:17,7.55,120660,160,买盘
1620,10:51:20,7.54,44500,59,卖盘
1621,10:51:23,7.55,62649,83,买盘
1622,10:51:26,7.55,249658,331,买盘
1623,10:51:29,7.55,22650,30,买盘
1624,10:51:32,7.55,145715,193,买盘
1625,10:51:35,7.55,36239,48,买盘
1626,10:51:38,7.54,3018,4,卖盘
1627,10:51:41,7.54,12068,16,卖盘
1628,10:51:44,7.54,15834,21,卖盘
1629,10:51:47,7.55,261659,347,买盘
1630,10:51:50,7.54,4524,6,卖盘
1631,10:51:53,7.54,909337,1206,卖盘
1632,10:51:56,7.54,12828,17,卖盘
1633,10:51:59,7.55,13587,18,买盘
1634,10:52:02,7.55,38475,51,买盘
1635,10:52:05,7.54,164402,218,卖盘
1636,10:52:08,7.55,177425,235,买盘
1637,10:52:11,7.55,755,1,买盘
1638,10:52:14,7.55,33198,44,买盘
1639,10:52:17,7.55,163833,217,买盘
1640,10:52:20,7.54,172695,229,卖盘
1641,10:52:23,7.55,13585,18,买盘
1642,10:52:26,7.55,21873,29,买盘
1643,10:52:29,7.55,12065,16,买盘
1644,10:52:32,7.55,77010,102,买盘
1645,10:52:35,7.55,43760,58,买盘
1646,10:52:38,7.55,22650,30,买盘
1647,10:52:41,7.55,81531,108,买盘
1648,10:52:44,7.55,36202,48,买盘
1649,10:52:47,7.55,43760,58,买盘
1650,10:52:50,7.54,28660,38,卖盘
1651,10:52:53,7.55,49031,65,买盘
1652,10:52:56,7.55,9815,13,买盘
1653,10:52:59,7.55,31687,42,买盘
1654,10:53:02,7.55,180428,239,买盘
1655,10:53:05,7.54,363843,482,卖盘
1656,10:53:08,7.54,73962,98,卖盘
1657,10:53:11,7.54,182702,242,卖盘
1658,10:53:14,7.55,43022,57,买盘
1659,10:53:17,7.54,28675,38,卖盘
1660,10:53:20,7.55,9815,13,买盘
1661,10:53:23,7.55,33213,44,买盘
1662,10:53:26,7.55,15855,21,买盘
1663,10:53:29,7.54,141032,187,卖盘
1664,10:53:32,7.54,64150,85,卖盘
1665,10:53:38,7.55,25660,34,买盘
1666,10:53:41,7.55,20382,27,买盘
1667,10:53:44,7.54,75401,100,卖盘
1668,10:53:47,7.55,17356,23,买盘
1669,10:53:53,7.55,11325,15,买盘
1670,10:53:56,7.55,231015,306,买盘
1671,10:53:59,7.55,31710,42,买盘
1672,10:54:02,7.54,18112,24,卖盘
1673,10:54:05,7.55,36240,48,买盘
1674,10:54:08,7.54,79216,105,卖盘
1675,10:54:11,7.54,118439,157,卖盘
1676,10:54:14,7.55,332774,441,买盘
1677,10:54:17,7.54,76254,101,卖盘
1678,10:54:20,7.55,94290,125,买盘
1679,10:54:23,7.54,79174,105,卖盘
1680,10:54:26,7.55,8298,11,买盘
1681,10:54:29,7.54,6791,9,卖盘
1682,10:54:32,7.54,62582,83,卖盘
1683,10:54:35,7.55,383108,508,买盘
1684,10:54:38,7.55,62620,83,买盘
1685,10:54:41,7.54,104806,139,卖盘
1686,10:54:44,7.55,77677,103,买盘
1687,10:54:47,7.55,66430,88,买盘
1688,10:54:50,7.54,20359,27,卖盘
1689,10:54:53,7.55,820386,1088,买盘
1690,10:54:56,7.55,39254,52,买盘
1691,10:54:59,7.55,17365,23,买盘
1692,10:55:02,7.55,32432,43,买盘
1693,10:55:05,7.54,283067,375,卖盘
1694,10:55:08,7.55,293333,389,买盘
1695,10:55:11,7.55,110845,147,买盘
1696,10:55:14,7.55,33213,44,买盘
1697,10:55:17,7.55,24915,33,买盘
1698,10:55:20,7.55,308611,409,买盘
1699,10:55:23,7.55,26425,35,买盘
1700,10:55:26,7.55,218930,290,买盘
1701,10:55:29,7.54,72471,96,卖盘
1702,10:55:32,7.55,135140,179,买盘
1703,10:55:35,7.54,52033,69,卖盘
1704,10:55:38,7.55,76204,101,买盘
1705,10:55:41,7.55,232990,309,买盘
1706,10:55:44,7.55,85280,113,买盘
1707,10:55:47,7.55,21140,28,买盘
1708,10:55:50,7.55,110120,146,买盘
1709,10:55:53,7.55,3020,4,买盘
1710,10:55:56,7.55,3020,4,买盘
1711,10:55:59,7.55,11314,15,买盘
1712,10:56:02,7.55,57380,76,买盘
1713,10:56:05,7.55,49036,65,买盘
1714,10:56:08,7.55,218008,289,买盘
1715,10:56:11,7.55,77756,103,买盘
1716,10:56:14,7.55,46055,61,买盘
1717,10:56:20,7.55,966661,1282,买盘
1718,10:56:23,7.55,67934,90,买盘
1719,10:56:26,7.54,16601,22,卖盘
1720,10:56:29,7.54,107843,143,卖盘
1721,10:56:32,7.55,101054,134,买盘
1722,10:56:35,7.54,97302,129,卖盘
1723,10:56:38,7.54,755602,1002,卖盘
1724,10:56:41,7.55,70136,93,买盘
1725,10:56:44,7.54,502815,666,卖盘
1726,10:56:47,7.55,58119,77,买盘
1727,10:56:50,7.54,124476,165,卖盘
1728,10:56:53,7.54,56564,75,卖盘
1729,10:56:56,7.55,83798,111,买盘
1730,10:56:59,7.54,32456,43,卖盘
1731,10:57:02,7.54,6788,9,卖盘
1732,10:57:05,7.54,1970202,2613,卖盘
1733,10:57:08,7.54,147040,195,卖盘
1734,10:57:11,7.54,75484,100,卖盘
1735,10:57:14,7.55,95762,127,买盘
1736,10:57:17,7.55,18875,25,买盘
1737,10:57:20,7.55,97295,129,买盘
1738,10:57:23,7.55,202853,269,买盘
1739,10:57:26,7.55,193040,256,买盘
1740,10:57:29,7.55,30955,41,买盘
1741,10:57:32,7.54,187753,249,卖盘
1742,10:57:35,7.54,158473,210,卖盘
1743,10:57:38,7.55,208164,276,买盘
1744,10:57:41,7.54,46019,61,卖盘
1745,10:57:44,7.54,59601,79,卖盘
1746,10:57:47,7.55,22645,30,买盘
1747,10:57:50,7.54,1255460,1665,卖盘
1748,10:57:53,7.54,16589,22,卖盘
1749,10:57:56,7.54,84458,112,卖盘
1750,10:57:59,7.55,75500,100,买盘
1751,10:58:02,7.55,42252,56,买盘
1752,10:58:05,7.54,450933,598,卖盘
1753,10:58:08,7.55,405660,538,买盘
1754,10:58:11,7.55,24895,33,买盘
1755,10:58:14,7.55,43019,57,买盘
1756,10:58:17,7.55,160807,213,买盘
1757,10:58:20,7.54,221684,294,卖盘
1758,10:58:23,7.55,236018,313,买盘
1759,10:58:26,7.55,49823,66,买盘
1760,10:58:29,7.54,118409,157,卖盘
1761,10:58:32,7.54,24968,33,卖盘
1762,10:58:35,7.54,166646,221,卖盘
1763,10:58:38,7.54,44541,59,卖盘
1764,10:58:41,7.55,104945,139,买盘
1765,10:58:44,7.54,87568,116,卖盘
1766,10:58:47,7.54,34686,46,卖盘
1767,10:58:50,7.54,537700,713,卖盘
1768,10:58:53,7.54,472771,627,卖盘
1769,10:58:56,7.54,106324,141,卖盘
1770,10:58:59,7.55,88321,117,买盘
1771,10:59:02,7.55,20381,27,买盘
1772,10:59:05,7.55,195341,259,买盘
1773,10:59:08,7.54,57318,76,卖盘
1774,10:59:11,7.55,183991,244,买盘
1775,10:59:14,7.54,42245,56,卖盘
1776,10:59:17,7.55,36984,49,买盘
1777,10:59:20,7.54,137991,183,卖盘
1778,10:59:23,7.55,232273,308,买盘
1779,10:59:26,7.55,117654,156,买盘
1780,10:59:29,7.54,72455,96,卖盘
1781,10:59:32,7.55,18107,24,买盘
1782,10:59:35,7.55,1207203,1601,买盘
1783,10:59:38,7.54,28677,38,卖盘
1784,10:59:41,7.55,33198,44,买盘
1785,10:59:44,7.55,1510,2,买盘
1786,10:59:47,7.55,121515,161,买盘
1787,10:59:50,7.55,126737,168,买盘
1788,10:59:53,7.55,130456,173,买盘
1789,10:59:56,7.55,670899,889,买盘
1790,10:59:59,7.55,20359,27,买盘
1791,11:00:02,7.54,32432,43,卖盘
1792,11:00:05,7.54,593590,787,卖盘
1793,11:00:08,7.55,115471,153,买盘
1794,11:00:11,7.55,2265,3,买盘
1795,11:00:14,7.54,177978,236,卖盘
1796,11:00:17,7.55,101115,134,买盘
1797,11:00:20,7.54,94252,125,卖盘
1798,11:00:23,7.54,126672,168,卖盘
1799,11:00:26,7.55,94375,125,买盘
1800,11:00:29,7.54,27146,36,卖盘
1801,11:00:32,7.54,45282,60,卖盘
1802,11:00:35,7.54,228467,303,卖盘
1803,11:00:38,7.55,89009,118,买盘
1804,11:00:41,7.55,19617,26,买盘
1805,11:00:44,7.54,30946,41,卖盘
1806,11:00:47,7.55,73215,97,买盘
1807,11:00:50,7.54,220176,292,卖盘
1808,11:00:53,7.54,298595,396,卖盘
1809,11:00:56,7.55,72443,96,买盘
1810,11:00:59,7.55,6795,9,买盘
1811,11:01:02,7.54,338575,449,卖盘
1812,11:01:05,7.55,153972,204,买盘
1813,11:01:08,7.55,164573,218,买盘
1814,11:01:11,7.54,27929,37,卖盘
1815,11:01:14,7.55,13590,18,买盘
1816,11:01:17,7.54,427539,567,卖盘
1817,11:01:20,7.55,334042,443,买盘
1818,11:01:23,7.55,310726,412,买盘
1819,11:01:26,7.54,1169454,1551,卖盘
1820,11:01:29,7.55,457298,606,买盘
1821,11:01:32,7.54,316827,420,卖盘
1822,11:01:35,7.55,107961,143,买盘
1823,11:01:38,7.55,203850,270,买盘
1824,11:01:41,7.55,90600,120,买盘
1825,11:01:44,7.54,316919,420,卖盘
1826,11:01:47,7.55,229519,304,买盘
1827,11:01:50,7.54,375134,497,卖盘
1828,11:01:53,7.54,591005,783,卖盘
1829,11:01:56,7.55,315590,418,买盘
1830,11:01:59,7.55,708941,939,买盘
1831,11:02:02,7.54,811509,1076,卖盘
1832,11:02:05,7.54,227246,301,卖盘
1833,11:02:08,7.55,126085,167,买盘
1834,11:02:11,7.54,168343,223,卖盘
1835,11:02:14,7.54,45994,61,卖盘
1836,11:02:17,7.54,87482,116,卖盘
1837,11:02:20,7.55,479857,636,买盘
1838,11:02:23,7.54,158347,210,卖盘
1839,11:02:26,7.54,257214,341,卖盘
1840,11:02:29,7.55,234506,311,买盘
1841,11:02:32,7.55,175160,232,买盘
1842,11:02:35,7.55,21895,29,买盘
1843,11:02:38,7.55,9815,13,买盘
1844,11:02:41,7.54,155430,206,卖盘
1845,11:02:44,7.54,35468,47,卖盘
1846,11:02:47,7.55,29434,39,买盘
1847,11:02:50,7.54,73892,98,卖盘
1848,11:02:53,7.55,158391,210,买盘
1849,11:02:56,7.55,28690,38,买盘
1850,11:02:59,7.55,33963,45,买盘
1851,11:03:02,7.55,49061,65,买盘
1852,11:03:05,7.55,1088813,1444,买盘
1853,11:03:08,7.54,21878,29,卖盘
1854,11:03:11,7.55,222698,295,买盘
1855,11:03:14,7.54,860343,1141,卖盘
1856,11:03:17,7.55,311003,412,买盘
1857,11:03:20,7.54,109330,145,卖盘
1858,11:03:23,7.55,172690,229,买盘
1859,11:03:26,7.55,87553,116,买盘
1860,11:03:29,7.55,20375,27,买盘
1861,11:03:32,7.55,16610,22,买盘
1862,11:03:35,7.54,255944,339,卖盘
1863,11:03:38,7.54,40013,53,卖盘
1864,11:03:41,7.54,11317,15,卖盘
1865,11:03:44,7.55,38503,51,买盘
1866,11:03:47,7.55,138778,184,买盘
1867,11:03:50,7.54,579542,768,卖盘
1868,11:03:53,7.55,128947,171,买盘
1869,11:03:56,7.55,159305,211,买盘
1870,11:03:59,7.54,33217,44,卖盘
1871,11:04:02,7.55,81520,108,买盘
1872,11:04:05,7.55,30922,41,买盘
1873,11:04:08,7.55,30946,41,买盘
1874,11:04:11,7.55,12080,16,买盘
1875,11:04:14,7.54,22630,30,卖盘
1876,11:04:17,7.55,184216,244,买盘
1877,11:04:20,7.54,130489,173,卖盘
1878,11:04:23,7.55,132710,176,买盘
1879,11:04:26,7.54,59615,79,卖盘
1880,11:04:29,7.54,1731191,2296,卖盘
1881,11:04:32,7.55,32425,43,买盘
1882,11:04:35,7.54,69381,92,卖盘
1883,11:04:38,7.54,1045048,1386,卖盘
1884,11:04:41,7.55,36995,49,买盘
1885,11:04:47,7.54,61889,82,卖盘
1886,11:04:50,7.55,144830,192,买盘
1887,11:04:53,7.55,127436,169,买盘
1888,11:04:56,7.55,30946,41,买盘
1889,11:04:59,7.54,45290,60,卖盘
1890,11:05:02,7.54,79172,105,卖盘
1891,11:05:05,7.54,40716,54,卖盘
1892,11:05:08,7.54,21113,28,卖盘
1893,11:05:11,7.54,12819,17,卖盘
1894,11:05:17,7.54,6788,9,卖盘
1895,11:05:20,7.54,109377,145,卖盘
1896,11:05:23,7.54,960606,1274,卖盘
1897,11:05:26,7.54,28655,38,卖盘
1898,11:05:29,7.54,130556,173,卖盘
1899,11:05:32,7.54,62622,83,卖盘
1900,11:05:35,7.54,190017,252,卖盘
1901,11:05:38,7.54,120657,160,卖盘
1902,11:05:41,7.55,19619,26,买盘
1903,11:05:44,7.55,21895,29,买盘
1904,11:05:50,7.54,82186,109,卖盘
1905,11:05:53,7.55,162898,216,买盘
1906,11:05:56,7.54,150813,200,卖盘
1907,11:05:59,7.54,219414,291,卖盘
1908,11:06:02,7.54,876933,1163,卖盘
1909,11:06:05,7.54,39975,53,卖盘
1910,11:06:08,7.54,166679,221,卖盘
1911,11:06:11,7.55,15852,21,买盘
1912,11:06:14,7.54,173420,230,卖盘
1913,11:06:17,7.55,186246,247,买盘
1914,11:06:20,7.55,399113,529,买盘
1915,11:06:23,7.54,268454,356,卖盘
1916,11:06:26,7.55,9815,13,买盘
1917,11:06:29,7.54,43735,58,卖盘
1918,11:06:32,7.54,377754,501,卖盘
1919,11:06:35,7.54,1150672,1526,卖盘
1920,11:06:38,7.54,49020,65,卖盘
1921,11:06:41,7.54,160602,213,卖盘
1922,11:06:44,7.54,227730,302,卖盘
1923,11:06:47,7.54,40716,54,卖盘
1924,11:06:50,7.54,340942,452,卖盘
1925,11:06:53,7.54,324252,430,卖盘
1926,11:06:56,7.54,67871,90,卖盘
1927,11:06:59,7.54,144014,191,卖盘
1928,11:07:05,7.55,15100,20,买盘
1929,11:07:08,7.55,32440,43,买盘
1930,11:07:11,7.54,32461,43,卖盘
1931,11:07:14,7.55,118493,157,买盘
1932,11:07:17,7.54,206067,273,卖盘
1933,11:07:20,7.54,74646,99,卖盘
1934,11:07:23,7.54,328775,436,卖盘
1935,11:07:26,7.54,356642,473,卖盘
1936,11:07:29,7.55,104886,139,买盘
1937,11:07:32,7.55,202927,269,买盘
1938,11:07:35,7.54,204334,271,卖盘
1939,11:07:38,7.55,73219,97,买盘
1940,11:07:41,7.55,187829,249,买盘
1941,11:07:44,7.54,3191969,4228,卖盘
1942,11:07:47,7.54,71670,95,卖盘
1943,11:07:50,7.54,394594,523,卖盘
1944,11:07:53,7.54,276719,367,卖盘
1945,11:07:56,7.55,423766,562,买盘
1946,11:07:59,7.54,128934,171,卖盘
1947,11:08:02,7.55,36193,48,买盘
1948,11:08:05,7.54,269986,358,卖盘
1949,11:08:08,7.54,214891,285,卖盘
1950,11:08:11,7.54,355235,471,卖盘
1951,11:08:14,7.54,809813,1074,卖盘
1952,11:08:17,7.54,2091054,2773,卖盘
1953,11:08:20,7.54,523309,694,卖盘
1954,11:08:23,7.54,2000366,2653,卖盘
1955,11:08:26,7.54,4042194,5361,卖盘
1956,11:08:29,7.54,487931,647,卖盘
1957,11:08:32,7.54,168152,223,卖盘
1958,11:08:35,7.55,997221,1322,买盘
1959,11:08:38,7.54,234550,311,卖盘
1960,11:08:41,7.54,225487,299,卖盘
1961,11:08:44,7.54,244296,324,卖盘
1962,11:08:47,7.54,235285,312,卖盘
1963,11:08:50,7.54,327241,434,卖盘
1964,11:08:53,7.54,327236,434,卖盘
1965,11:08:56,7.54,122259,162,卖盘
1966,11:08:59,7.54,311406,413,卖盘
1967,11:09:02,7.54,803050,1065,卖盘
1968,11:09:05,7.54,1867313,2479,买盘
1969,11:09:08,7.54,231478,307,买盘
1970,11:09:11,7.54,208104,276,买盘
1971,11:09:14,7.54,85200,113,买盘
1972,11:09:17,7.53,88211,117,卖盘
1973,11:09:20,7.54,278879,370,买盘
1974,11:09:23,7.54,229812,305,买盘
1975,11:09:26,7.54,117624,156,买盘
1976,11:09:29,7.54,573030,760,买盘
1977,11:09:32,7.54,56550,75,买盘
1978,11:09:35,7.54,161356,214,买盘
1979,11:09:38,7.54,25636,34,买盘
1980,11:09:41,7.54,224687,298,买盘
1981,11:09:44,7.54,288002,382,买盘
1982,11:09:47,7.54,1248980,1658,买盘
1983,11:09:50,7.54,52025,69,买盘
1984,11:09:53,7.54,186877,248,买盘
1985,11:09:56,7.54,113854,151,买盘
1986,11:09:59,7.54,178527,237,买盘
1987,11:10:02,7.54,133297,177,买盘
1988,11:10:05,7.54,232215,308,买盘
1989,11:10:08,7.54,46726,62,买盘
1990,11:10:11,7.54,113842,151,买盘
1991,11:10:14,7.54,122877,163,买盘
1992,11:10:17,7.54,33176,44,买盘
1993,11:10:20,7.53,385247,511,卖盘
1994,11:10:23,7.54,22620,30,买盘
1995,11:10:26,7.54,68564,91,买盘
1996,11:10:29,7.54,49740,66,买盘
1997,11:10:32,7.54,57270,76,买盘
1998,11:10:35,7.54,56550,75,买盘
1999,11:10:38,7.54,14326,19,买盘
2000,11:10:41,7.53,43686,58,卖盘
2001,11:10:44,7.53,29398,39,卖盘
2002,11:10:47,7.53,41463,55,卖盘
2003,11:10:50,7.54,143256,190,买盘
2004,11:10:53,7.54,87430,116,买盘
2005,11:10:56,7.54,82181,109,买盘
2006,11:10:59,7.54,29402,39,买盘
2007,11:11:02,7.54,59566,79,买盘
2008,11:11:05,7.53,42212,56,卖盘
2009,11:11:08,7.54,67085,89,买盘
2010,11:11:11,7.53,45944,61,卖盘
2011,11:11:14,7.54,36192,48,买盘
2012,11:11:17,7.54,154570,205,买盘
2013,11:11:20,7.53,113090,150,卖盘
2014,11:11:23,7.53,1209628,1606,卖盘
2015,11:11:26,7.54,74587,99,买盘
2016,11:11:29,7.54,9048,12,买盘
2017,11:11:32,7.54,19604,26,买盘
2018,11:11:35,7.53,53505,71,卖盘
2019,11:11:38,7.54,12808,17,买盘
2020,11:11:41,7.54,29397,39,买盘
2021,11:11:44,7.53,51235,68,卖盘
2022,11:11:47,7.54,24128,32,买盘
2023,11:11:50,7.54,68614,91,买盘
2024,11:11:53,7.54,54227,72,买盘
2025,11:11:56,7.54,754,1,买盘
2026,11:11:59,7.54,38454,51,买盘
2027,11:12:02,7.54,216395,287,买盘
2028,11:12:05,7.53,72323,96,卖盘
2029,11:12:08,7.54,36922,49,买盘
2030,11:12:11,7.54,89710,119,买盘
2031,11:12:14,7.54,147030,195,买盘
2032,11:12:17,7.54,198300,263,买盘
2033,11:12:20,7.53,30873,41,卖盘
2034,11:12:23,7.53,63317,84,卖盘
2035,11:12:26,7.54,360212,478,买盘
2036,11:12:29,7.54,22620,30,买盘
2037,11:12:32,7.54,8294,11,买盘
2038,11:12:35,7.54,902341,1197,买盘
2039,11:12:38,7.54,27144,36,买盘
2040,11:12:41,7.53,48238,64,卖盘
2041,11:12:44,7.54,105451,140,买盘
2042,11:12:47,7.54,36921,49,买盘
2043,11:12:50,7.54,76871,102,买盘
2044,11:12:53,7.54,11305,15,买盘
2045,11:12:56,7.54,42978,57,买盘
2046,11:12:59,7.54,30914,41,买盘
2047,11:13:02,7.54,45235,60,买盘
2048,11:13:05,7.54,49736,66,买盘
2049,11:13:08,7.54,153816,204,买盘
2050,11:13:11,7.53,90460,120,卖盘
2051,11:13:14,7.54,49010,65,买盘
2052,11:13:17,7.54,424779,564,买盘
2053,11:13:20,7.54,275964,366,买盘
2054,11:13:23,7.53,17320,23,卖盘
2055,11:13:26,7.54,71594,95,买盘
2056,11:13:29,7.54,183154,243,买盘
2057,11:13:32,7.54,12818,17,买盘
2058,11:13:35,7.54,38452,51,买盘
2059,11:13:38,7.54,27143,36,买盘
2060,11:13:41,7.54,27898,37,买盘
2061,11:13:44,7.54,39208,52,买盘
2062,11:13:47,7.54,29390,39,买盘
2063,11:13:50,7.54,296290,393,买盘
2064,11:13:53,7.54,33925,45,买盘
2065,11:13:56,7.54,18092,24,买盘
2066,11:13:59,7.54,6032,8,买盘
2067,11:14:02,7.53,447061,593,卖盘
2068,11:14:05,7.54,74569,99,买盘
2069,11:14:08,7.54,1508,2,买盘
2070,11:14:11,7.54,100229,133,买盘
2071,11:14:14,7.53,69285,92,卖盘
2072,11:14:17,7.53,1194265,1586,卖盘
2073,11:14:20,7.54,168142,223,买盘
2074,11:14:23,7.54,113099,150,买盘
2075,11:14:26,7.54,122074,162,买盘
2076,11:14:29,7.54,73138,97,买盘
2077,11:14:32,7.54,45991,61,买盘
2078,11:14:35,7.53,24105,32,卖盘
2079,11:14:38,7.53,151353,201,卖盘
2080,11:14:41,7.53,753,1,卖盘
2081,11:14:44,7.54,222256,295,买盘
2082,11:14:47,7.54,70836,94,买盘
2083,11:14:50,7.53,112338,149,卖盘
2084,11:14:53,7.54,139309,185,买盘
2085,11:14:56,7.53,31630,42,卖盘
2086,11:14:59,7.54,15819,21,买盘
2087,11:15:02,7.53,8289,11,卖盘
2088,11:15:05,7.53,159698,212,卖盘
2089,11:15:08,7.54,111558,148,买盘
2090,11:15:11,7.54,466980,620,买盘
2091,11:15:14,7.54,170400,226,买盘
2092,11:15:17,7.53,64005,85,卖盘
2093,11:15:20,7.54,82186,109,买盘
2094,11:15:23,7.54,18850,25,买盘
2095,11:15:26,7.54,11298,15,买盘
2096,11:15:29,7.53,50451,67,卖盘
2097,11:15:32,7.53,341993,454,卖盘
2098,11:15:35,7.53,79916,106,卖盘
2099,11:15:38,7.53,236681,314,卖盘
2100,11:15:41,7.53,88953,118,卖盘
2101,11:15:44,7.53,9036,12,卖盘
2102,11:15:47,7.54,21866,29,买盘
2103,11:15:50,7.54,162753,216,买盘
2104,11:15:53,7.54,89611,119,买盘
2105,11:15:56,7.53,25632,34,卖盘
2106,11:15:59,7.53,35418,47,卖盘
2107,11:16:02,7.53,208708,277,卖盘
2108,11:16:05,7.53,37690,50,卖盘
2109,11:16:08,7.54,1508,2,买盘
2110,11:16:11,7.54,1508,2,买盘
2111,11:16:14,7.53,931461,1237,卖盘
2112,11:16:17,7.53,368555,489,卖盘
2113,11:16:20,7.54,76908,102,买盘
2114,11:16:23,7.53,3012,4,卖盘
2115,11:16:26,7.54,128164,170,买盘
2116,11:16:29,7.54,84398,112,买盘
2117,11:16:32,7.54,597922,793,买盘
2118,11:16:35,7.53,29367,39,卖盘
2119,11:16:38,7.53,39959,53,卖盘
2120,11:16:41,7.54,876874,1163,买盘
2121,11:16:44,7.53,89620,119,卖盘
2122,11:16:47,7.54,122118,162,买盘
2123,11:16:50,7.54,84447,112,买盘
2124,11:16:53,7.54,17342,23,买盘
2125,11:16:56,7.54,351261,466,买盘
2126,11:16:59,7.54,3770,5,买盘
2127,11:17:02,7.53,116730,155,卖盘
2128,11:17:05,7.54,34674,46,买盘
2129,11:17:08,7.53,8284,11,卖盘
2130,11:17:11,7.54,38404,51,买盘
2131,11:17:17,7.53,145512,193,卖盘
2132,11:17:20,7.54,45982,61,买盘
2133,11:17:23,7.53,110061,146,卖盘
2134,11:17:29,7.54,32422,43,买盘
2135,11:17:32,7.54,229970,305,买盘
2136,11:17:35,7.53,186947,248,卖盘
2137,11:17:38,7.54,31667,42,买盘
2138,11:17:41,7.54,30914,41,买盘
2139,11:17:44,7.54,79141,105,买盘
2140,11:17:47,7.54,87464,116,买盘
2141,11:17:50,7.54,86710,115,买盘
2142,11:17:53,7.53,865999,1150,卖盘
2143,11:17:56,7.53,65558,87,卖盘
2144,11:17:59,7.54,36928,49,买盘
2145,11:18:02,7.54,117619,156,买盘
2146,11:18:05,7.54,247306,328,买盘
2147,11:18:08,7.54,10552,14,买盘
2148,11:18:11,7.53,359559,477,卖盘
2149,11:18:14,7.53,56531,75,卖盘
2150,11:18:17,7.53,101748,135,卖盘
2151,11:18:20,7.54,134166,178,买盘
2152,11:18:23,7.54,267653,355,买盘
2153,11:18:26,7.54,74646,99,买盘
2154,11:18:29,7.54,166591,221,买盘
2155,11:18:32,7.53,22610,30,卖盘
2156,11:18:35,7.54,159848,212,买盘
2157,11:18:38,7.54,73892,98,买盘
2158,11:18:41,7.54,42978,57,买盘
2159,11:18:44,7.53,20336,27,卖盘
2160,11:18:47,7.53,55021,73,卖盘
2161,11:18:50,7.54,139484,185,买盘
2162,11:18:53,7.54,24882,33,买盘
2163,11:18:56,7.54,9048,12,买盘
2164,11:18:59,7.54,24112,32,买盘
2165,11:19:02,7.54,25636,34,买盘
2166,11:19:05,7.54,90480,120,买盘
2167,11:19:08,7.54,12051,16,买盘
2168,11:19:11,7.53,36943,49,卖盘
2169,11:19:14,7.54,31668,42,买盘
2170,11:19:17,7.54,313583,416,买盘
2171,11:19:20,7.54,84447,112,买盘
2172,11:19:23,7.54,3770,5,买盘
2173,11:19:26,7.54,25636,34,买盘
2174,11:19:29,7.54,7540,10,买盘
2175,11:19:32,7.54,41470,55,买盘
2176,11:19:35,7.54,30160,40,买盘
2177,11:19:38,7.54,44486,59,买盘
2178,11:19:41,7.54,56549,75,买盘
2179,11:19:44,7.54,33915,45,买盘
2180,11:19:50,7.54,323461,429,买盘
2181,11:19:56,7.53,11295,15,卖盘
2182,11:19:59,7.54,31650,42,买盘
2183,11:20:02,7.54,19604,26,买盘
2184,11:20:05,7.54,15825,21,买盘
2185,11:20:11,7.54,30154,40,买盘
2186,11:20:14,7.53,229129,304,卖盘
2187,11:20:17,7.54,178578,237,买盘
2188,11:20:20,7.54,77662,103,买盘
2189,11:20:23,7.54,33930,45,买盘
2190,11:20:26,7.53,17341,23,卖盘
2191,11:20:29,7.54,679245,902,买盘
2192,11:20:32,7.53,53485,71,卖盘
2193,11:20:35,7.53,159724,212,卖盘
2194,11:20:38,7.53,33885,45,卖盘
2195,11:20:41,7.53,35420,47,卖盘
2196,11:20:44,7.53,82909,110,卖盘
2197,11:20:47,7.54,27876,37,买盘
2198,11:20:50,7.53,143930,191,卖盘
2199,11:20:53,7.53,22616,30,卖盘
2200,11:20:56,7.53,937505,1245,卖盘
2201,11:20:59,7.54,885574,1176,买盘
2202,11:21:02,7.54,174174,231,买盘
2203,11:21:05,7.54,155248,206,买盘
2204,11:21:08,7.54,91906,122,买盘
2205,11:21:11,7.53,51261,68,卖盘
2206,11:21:14,7.53,2260,3,卖盘
2207,11:21:17,7.53,39918,53,卖盘
2208,11:21:20,7.54,116846,155,买盘
2209,11:21:23,7.54,63313,84,买盘
2210,11:21:26,7.54,107709,143,买盘
2211,11:21:29,7.54,21856,29,买盘
2212,11:21:32,7.53,30120,40,卖盘
2213,11:21:35,7.54,41470,55,买盘
2214,11:21:41,7.54,17342,23,买盘
2215,11:21:44,7.53,20343,27,卖盘
2216,11:21:47,7.53,155118,206,卖盘
2217,11:21:50,7.53,131901,175,卖盘
2218,11:21:53,7.53,42192,56,卖盘
2219,11:21:56,7.53,27861,37,卖盘
2220,11:21:59,7.54,179421,238,买盘
2221,11:22:02,7.54,6032,8,买盘
2222,11:22:05,7.54,4524,6,买盘
2223,11:22:08,7.53,93451,124,卖盘
2224,11:22:11,7.53,30873,41,卖盘
2225,11:22:14,7.53,150680,200,卖盘
2226,11:22:17,7.53,7531,10,卖盘
2227,11:22:20,7.54,165858,220,买盘
2228,11:22:23,7.53,51205,68,卖盘
2229,11:22:26,7.53,72288,96,卖盘
2230,11:22:29,7.54,48985,65,买盘
2231,11:22:32,7.53,916405,1217,卖盘
2232,11:22:35,7.53,16566,22,卖盘
2233,11:22:38,7.53,76058,101,卖盘
2234,11:22:41,7.53,3012,4,卖盘
2235,11:22:44,7.53,78367,104,卖盘
2236,11:22:47,7.53,142497,189,卖盘
2237,11:22:50,7.53,204967,272,卖盘
2238,11:22:53,7.53,487714,647,卖盘
2239,11:22:56,7.54,21866,29,买盘
2240,11:22:59,7.54,4524,6,买盘
2241,11:23:02,7.53,4523,6,卖盘
2242,11:23:05,7.53,9789,13,卖盘
2243,11:23:08,7.53,91896,122,卖盘
2244,11:23:14,7.54,62582,83,买盘
2245,11:23:17,7.54,87429,116,买盘
2246,11:23:20,7.54,196793,261,买盘
2247,11:23:23,7.54,45240,60,买盘
2248,11:23:26,7.54,36192,48,买盘
2249,11:23:29,7.53,90476,120,卖盘
2250,11:23:32,7.53,4518,6,卖盘
2251,11:23:35,7.53,27892,37,卖盘
2252,11:23:38,7.54,16588,22,买盘
2253,11:23:41,7.54,13570,18,买盘
2254,11:23:44,7.54,85202,113,买盘
2255,11:23:47,7.54,42978,57,买盘
2256,11:23:50,7.54,171847,228,买盘
2257,11:23:53,7.54,82143,109,买盘
2258,11:23:56,7.53,1099475,1460,卖盘
2259,11:23:59,7.53,218612,290,卖盘
2260,11:24:02,7.53,220126,292,卖盘
2261,11:24:05,7.53,6777,9,卖盘
2262,11:24:08,7.54,128135,170,买盘
2263,11:24:11,7.53,903607,1200,卖盘
2264,11:24:14,7.54,21866,29,买盘
2265,11:24:17,7.54,42958,57,买盘
2266,11:24:20,7.54,183184,243,买盘
2267,11:24:23,7.54,279412,371,买盘
2268,11:24:26,7.54,203338,270,买盘
2269,11:24:29,7.54,49751,66,买盘
2270,11:24:32,7.54,104052,138,买盘
2271,11:24:35,7.54,61029,81,买盘
2272,11:24:38,7.54,89656,119,买盘
2273,11:24:41,7.54,194307,258,买盘
2274,11:24:44,7.54,49000,65,买盘
2275,11:24:47,7.53,19601,26,卖盘
2276,11:24:50,7.54,393420,522,买盘
2277,11:24:53,7.54,149889,199,买盘
2278,11:24:59,7.54,88207,117,买盘
2279,11:25:02,7.54,39205,52,买盘
2280,11:25:05,7.54,268424,356,买盘
2281,11:25:08,7.53,81386,108,卖盘
2282,11:25:11,7.54,123626,164,买盘
2283,11:25:14,7.53,174919,232,卖盘
2284,11:25:17,7.53,191262,254,卖盘
2285,11:25:20,7.53,65528,87,卖盘
2286,11:25:23,7.53,218639,290,卖盘
2287,11:25:26,7.53,64057,85,卖盘
2288,11:25:29,7.53,50469,67,卖盘
2289,11:25:32,7.54,174928,232,买盘
2290,11:25:35,7.54,49010,65,买盘
2291,11:25:38,7.53,41450,55,卖盘
2292,11:25:41,7.54,42188,56,买盘
2293,11:25:44,7.54,58010,77,买盘
2294,11:25:47,7.54,34672,46,买盘
2295,11:25:50,7.53,8293,11,卖盘
2296,11:25:53,7.54,1073849,1426,买盘
2297,11:25:56,7.54,9802,13,买盘
2298,11:25:59,7.53,42955,57,卖盘
2299,11:26:02,7.54,40712,54,买盘
2300,11:26:05,7.54,204114,271,买盘
2301,11:26:08,7.54,120505,160,买盘
2302,11:26:11,7.54,238823,317,买盘
2303,11:26:14,7.53,164235,218,卖盘
2304,11:26:17,7.54,42977,57,买盘
2305,11:26:20,7.54,3770,5,买盘
2306,11:26:23,7.54,72359,96,买盘
2307,11:26:26,7.53,66307,88,卖盘
2308,11:26:29,7.53,24119,32,卖盘
2309,11:26:32,7.54,209587,278,买盘
2310,11:26:35,7.54,40715,54,买盘
2311,11:26:38,7.54,14325,19,买盘
2312,11:26:41,7.54,35430,47,买盘
2313,11:26:44,7.53,120482,160,卖盘
2314,11:26:47,7.53,6785,9,卖盘
2315,11:26:50,7.54,66328,88,买盘
2316,11:26:53,7.54,100276,133,买盘
2317,11:26:56,7.54,52733,70,买盘
2318,11:26:59,7.54,95004,126,买盘
2319,11:27:05,7.54,42978,57,买盘
2320,11:27:08,7.54,18845,25,买盘
2321,11:27:11,7.53,28648,38,卖盘
2322,11:27:14,7.53,17333,23,卖盘
2323,11:27:17,7.54,24126,32,买盘
2324,11:27:20,7.53,45235,60,卖盘
2325,11:27:23,7.54,64079,85,买盘
2326,11:27:26,7.53,146883,195,卖盘
2327,11:27:29,7.53,10545,14,卖盘
2328,11:27:32,7.53,270372,359,卖盘
2329,11:27:35,7.53,25621,34,卖盘
2330,11:27:38,7.53,44466,59,卖盘
2331,11:27:41,7.54,39195,52,买盘
2332,11:27:44,7.53,980468,1302,卖盘
2333,11:27:47,7.53,53500,71,卖盘
2334,11:27:50,7.54,164354,218,买盘
2335,11:27:53,7.53,54220,72,卖盘
2336,11:27:56,7.53,148369,197,卖盘
2337,11:27:59,7.53,138572,184,卖盘
2338,11:28:02,7.54,30877,41,买盘
2339,11:28:05,7.53,33163,44,卖盘
2340,11:28:08,7.53,58736,78,卖盘
2341,11:28:11,7.53,53463,71,卖盘
2342,11:28:14,7.54,26382,35,买盘
2343,11:28:17,7.54,203579,270,买盘
2344,11:28:20,7.54,1043532,1384,买盘
2345,11:28:23,7.53,15064,20,卖盘
2346,11:28:26,7.54,63336,84,买盘
2347,11:28:29,7.54,410176,544,买盘
2348,11:28:32,7.53,45199,60,卖盘
2349,11:28:35,7.54,37700,50,买盘
2350,11:28:38,7.53,42221,56,卖盘
2351,11:28:41,7.54,106314,141,买盘
2352,11:28:44,7.53,21844,29,卖盘
2353,11:28:47,7.53,43716,58,卖盘
2354,11:28:50,7.54,22620,30,买盘
2355,11:28:53,7.53,99518,132,卖盘
2356,11:28:56,7.54,21094,28,买盘
2357,11:28:59,7.54,25636,34,买盘
2358,11:29:02,7.53,26374,35,卖盘
2359,11:29:05,7.53,126670,168,卖盘
2360,11:29:08,7.53,310241,412,卖盘
2361,11:29:11,7.54,84433,112,买盘
2362,11:29:14,7.53,4522,6,卖盘
2363,11:29:17,7.54,208067,276,买盘
2364,11:29:20,7.54,1034761,1374,买盘
2365,11:29:23,7.54,154413,205,买盘
2366,11:29:26,7.53,34638,46,卖盘
2367,11:29:29,7.54,42175,56,买盘
2368,11:29:32,7.53,126649,168,卖盘
2369,11:29:35,7.54,74620,99,买盘
2370,11:29:38,7.54,587422,780,买盘
2371,11:29:41,7.54,44474,59,买盘
2372,11:29:44,7.54,39208,52,买盘
2373,11:29:47,7.54,58043,77,买盘
2374,11:29:50,7.53,88185,117,卖盘
2375,11:29:53,7.54,30121,40,买盘
2376,11:29:56,7.54,214136,284,买盘
2377,11:29:59,7.53,39960,53,卖盘
2378,11:30:02,7.53,82077,109,卖盘
2379,13:00:02,7.54,4189861,5558,买盘
2380,13:00:05,7.53,3124294,4146,卖盘
2381,13:00:08,7.53,2449917,3251,卖盘
2382,13:00:11,7.54,723224,960,买盘
2383,13:00:14,7.54,2211616,2937,买盘
2384,13:00:17,7.53,393088,522,卖盘
2385,13:00:20,7.53,420927,559,卖盘
2386,13:00:23,7.53,561219,745,卖盘
2387,13:00:26,7.53,215412,286,卖盘
2388,13:00:29,7.53,18847,25,卖盘
2389,13:00:32,7.53,200340,266,卖盘
2390,13:00:35,7.53,332953,442,卖盘
2391,13:00:38,7.53,51240,68,卖盘
2392,13:00:41,7.53,179224,238,卖盘
2393,13:00:44,7.54,40704,54,买盘
2394,13:00:47,7.54,207864,276,买盘
2395,13:00:50,7.54,155876,207,买盘
2396,13:00:53,7.53,162692,216,卖盘
2397,13:00:56,7.53,20352,27,卖盘
2398,13:00:59,7.53,57228,76,卖盘
2399,13:01:02,7.54,27898,37,买盘
2400,13:01:05,7.53,85096,113,卖盘
2401,13:01:08,7.53,48988,65,卖盘
2402,13:01:11,7.53,137121,182,卖盘
2403,13:01:14,7.53,112215,149,卖盘
2404,13:01:17,7.53,94129,125,卖盘
2405,13:01:20,7.53,68576,91,卖盘
2406,13:01:23,7.53,158907,211,卖盘
2407,13:01:26,7.53,578544,768,卖盘
2408,13:01:29,7.54,355462,472,买盘
2409,13:01:32,7.53,342637,455,卖盘
2410,13:01:35,7.53,247014,328,卖盘
2411,13:01:38,7.53,96390,128,卖盘
2412,13:01:41,7.53,181521,241,卖盘
2413,13:01:44,7.53,90380,120,卖盘
2414,13:01:47,7.54,308012,409,买盘
2415,13:01:50,7.54,64814,86,买盘
2416,13:01:53,7.54,199622,265,买盘
2417,13:01:56,7.54,268865,357,买盘
2418,13:01:59,7.53,362386,481,卖盘
2419,13:02:02,7.53,163440,217,卖盘
2420,13:02:05,7.53,386369,513,卖盘
2421,13:02:08,7.54,244251,324,买盘
2422,13:02:11,7.53,139309,185,卖盘
2423,13:02:14,7.53,95657,127,卖盘
2424,13:02:17,7.53,45933,61,卖盘
2425,13:02:20,7.54,327600,435,买盘
2426,13:02:23,7.53,59487,79,卖盘
2427,13:02:26,7.54,76858,102,买盘
2428,13:02:29,7.54,340643,452,买盘
2429,13:02:32,7.54,149133,198,买盘
2430,13:02:35,7.53,82854,110,卖盘
2431,13:02:38,7.53,51957,69,卖盘
2432,13:02:41,7.54,369762,491,买盘
2433,13:02:44,7.53,154416,205,卖盘
2434,13:02:47,7.54,119020,158,买盘
2435,13:02:50,7.54,49699,66,买盘
2436,13:02:53,7.54,194455,258,买盘
2437,13:02:56,7.54,109987,146,买盘
2438,13:02:59,7.54,52003,69,买盘
2439,13:03:02,7.53,45180,60,卖盘
2440,13:03:05,7.54,233455,310,买盘
2441,13:03:08,7.54,515955,685,买盘
2442,13:03:11,7.54,55725,74,买盘
2443,13:03:14,7.53,61002,81,卖盘
2444,13:03:17,7.53,79091,105,卖盘
2445,13:03:20,7.54,742234,985,买盘
2446,13:03:23,7.54,113724,151,买盘
2447,13:03:26,7.53,51961,69,卖盘
2448,13:03:29,7.53,517314,687,卖盘
2449,13:03:32,7.53,443029,588,卖盘
2450,13:03:35,7.53,117525,156,卖盘
2451,13:03:38,7.53,590477,784,卖盘
2452,13:03:41,7.53,1416394,1881,卖盘
2453,13:03:44,7.54,1168704,1552,买盘
2454,13:03:47,7.53,247806,329,卖盘
2455,13:03:50,7.53,62499,83,卖盘
2456,13:03:53,7.53,24097,32,卖盘
2457,13:03:56,7.53,2367429,3140,卖盘
2458,13:03:59,7.53,1543671,2050,卖盘
2459,13:04:02,7.54,15834,21,买盘
2460,13:04:05,7.54,94950,126,买盘
2461,13:04:08,7.53,62548,83,卖盘
2462,13:04:11,7.54,262388,348,买盘
2463,13:04:14,7.54,57270,76,买盘
2464,13:04:17,7.53,107017,142,卖盘
2465,13:04:20,7.53,96497,128,卖盘
2466,13:04:23,7.53,39168,52,卖盘
2467,13:04:26,7.53,94125,125,卖盘
2468,13:04:29,7.53,84362,112,卖盘
2469,13:04:32,7.53,30124,40,卖盘
2470,13:04:35,7.53,57228,76,卖盘
2471,13:04:38,7.53,81362,108,卖盘
2472,13:04:41,7.53,80595,107,卖盘
2473,13:04:44,7.53,394006,523,卖盘
2474,13:04:47,7.54,45967,61,买盘
2475,13:04:50,7.54,176401,234,买盘
2476,13:04:53,7.53,54990,73,卖盘
2477,13:04:56,7.54,91908,122,买盘
2478,13:04:59,7.54,70832,94,买盘
2479,13:05:02,7.54,18092,24,买盘
2480,13:05:05,7.54,83608,111,买盘
2481,13:05:08,7.54,104038,138,买盘
2482,13:05:11,7.54,174096,231,买盘
2483,13:05:14,7.54,77580,103,买盘
2484,13:05:17,7.54,962363,1278,买盘
2485,13:05:20,7.53,971190,1290,卖盘
2486,13:05:23,7.54,32392,43,买盘
2487,13:05:26,7.54,91157,121,买盘
2488,13:05:29,7.54,42212,56,买盘
2489,13:05:32,7.53,265907,353,卖盘
2490,13:05:35,7.53,39909,53,卖盘
2491,13:05:38,7.54,40716,54,买盘
2492,13:05:41,7.54,100187,133,买盘
2493,13:05:44,7.54,19594,26,买盘
2494,13:05:47,7.53,58734,78,卖盘
2495,13:05:50,7.53,106265,141,卖盘
2496,13:05:53,7.53,890868,1183,卖盘
2497,13:05:56,7.53,3881719,5155,卖盘
2498,13:05:59,7.53,293707,390,卖盘
2499,13:06:02,7.53,107682,143,卖盘
2500,13:06:05,7.53,13116621,17419,卖盘
2501,13:06:08,7.53,2715396,3606,卖盘
2502,13:06:11,7.53,11916246,15825,卖盘
2503,13:06:14,7.53,1024837,1361,卖盘
2504,13:06:17,7.53,609177,809,卖盘
2505,13:06:20,7.53,268068,356,卖盘
2506,13:06:23,7.53,10455948,13895,卖盘
2507,13:06:26,7.52,650527,864,卖盘
2508,13:06:29,7.53,231714,308,买盘
2509,13:06:32,7.53,90283,120,买盘
2510,13:06:35,7.53,223611,297,买盘
2511,13:06:38,7.53,153424,204,买盘
2512,13:06:41,7.53,161823,215,买盘
2513,13:06:44,7.53,36102,48,买盘
2514,13:06:47,7.53,234113,311,买盘
2515,13:06:50,7.53,167918,223,买盘
2516,13:06:53,7.53,136944,182,买盘
2517,13:06:56,7.53,900203,1197,买盘
2518,13:06:59,7.53,33885,45,买盘
2519,13:07:02,7.53,141494,188,买盘
2520,13:07:05,7.53,136957,182,买盘
2521,13:07:08,7.53,225147,299,买盘
2522,13:07:11,7.52,92565,123,卖盘
2523,13:07:14,7.53,107594,143,买盘
2524,13:07:17,7.52,132448,176,卖盘
2525,13:07:20,7.53,54948,73,买盘
2526,13:07:23,7.53,194167,258,买盘
2527,13:07:26,7.53,47384,63,买盘
2528,13:07:29,7.53,63960,85,买盘
2529,13:07:32,7.53,107628,143,买盘
2530,13:07:35,7.53,79001,105,买盘
2531,13:07:38,7.53,61746,82,买盘
2532,13:07:41,7.53,64941,86,买盘
2533,13:07:44,7.53,185069,246,买盘
2534,13:07:47,7.53,185921,247,买盘
2535,13:07:50,7.53,46660,62,买盘
2536,13:07:53,7.53,152857,203,买盘
2537,13:07:56,7.53,103911,138,买盘
2538,13:07:59,7.53,21835,29,买盘
2539,13:08:02,7.53,149022,198,买盘
2540,13:08:05,7.53,77528,103,买盘
2541,13:08:08,7.52,514266,683,卖盘
2542,13:08:11,7.53,175373,233,买盘
2543,13:08:14,7.53,127248,169,买盘
2544,13:08:17,7.53,329028,437,买盘
2545,13:08:20,7.53,195714,260,买盘
2546,13:08:23,7.53,66244,88,买盘
2547,13:08:26,7.53,255955,340,买盘
2548,13:08:29,7.52,549965,731,卖盘
2549,13:08:32,7.53,29367,39,买盘
2550,13:08:35,7.53,281276,374,买盘
2551,13:08:38,7.53,41415,55,买盘
2552,13:08:41,7.53,279827,372,买盘
2553,13:08:44,7.53,115130,153,买盘
2554,13:08:47,7.53,352355,468,买盘
2555,13:08:50,7.53,599257,796,买盘
2556,13:08:53,7.53,167052,222,买盘
2557,13:08:56,7.53,256586,341,买盘
2558,13:08:59,7.53,55722,74,买盘
2559,13:09:02,7.53,50418,67,买盘
2560,13:09:05,7.53,236374,314,买盘
2561,13:09:08,7.53,57228,76,买盘
2562,13:09:11,7.53,278532,370,买盘
2563,13:09:14,7.53,167919,223,买盘
2564,13:09:17,7.53,171608,228,买盘
2565,13:09:20,7.53,153474,204,买盘
2566,13:09:23,7.52,657316,874,卖盘
2567,13:09:26,7.53,103111,137,买盘
2568,13:09:29,7.53,350143,465,买盘
2569,13:09:32,7.53,257485,342,买盘
2570,13:09:35,7.53,122697,163,买盘
2571,13:09:38,7.53,170888,227,买盘
2572,13:09:41,7.53,209236,278,买盘
2573,13:09:44,7.53,41415,55,买盘
2574,13:09:47,7.53,166227,221,买盘
2575,13:09:50,7.53,126369,168,买盘
2576,13:09:53,7.53,298763,397,买盘
2577,13:09:56,7.53,197865,263,买盘
2578,13:09:59,7.52,290310,386,卖盘
2579,13:10:02,7.52,157326,209,卖盘
2580,13:10:05,7.53,152106,202,买盘
2581,13:10:08,7.52,237740,316,卖盘
2582,13:10:11,7.53,60922,81,买盘
2583,13:10:14,7.53,86592,115,买盘
2584,13:10:17,7.53,155718,207,买盘
2585,13:10:20,7.53,162483,216,买盘
2586,13:10:23,7.53,26327,35,买盘
2587,13:10:26,7.53,95560,127,买盘
2588,13:10:29,7.53,118912,158,买盘
2589,13:10:32,7.53,575223,764,买盘
2590,13:10:35,7.53,93274,124,买盘
2591,13:10:38,7.53,140017,186,买盘
2592,13:10:41,7.53,138447,184,买盘
2593,13:10:44,7.52,65467,87,卖盘
2594,13:10:47,7.53,1536368,2043,买盘
2595,13:10:50,7.53,99324,132,买盘
2596,13:10:53,7.53,112838,150,买盘
2597,13:10:56,7.53,68457,91,买盘
2598,13:10:59,7.53,125751,167,买盘
2599,13:11:02,7.53,253692,337,买盘
2600,13:11:05,7.53,120368,160,买盘
2601,13:11:08,7.52,246861,328,卖盘
2602,13:11:11,7.53,21813,29,买盘
2603,13:11:14,7.53,374504,498,买盘
2604,13:11:17,7.53,167112,222,买盘
2605,13:11:20,7.53,30873,41,买盘
2606,13:11:23,7.53,206240,274,买盘
2607,13:11:26,7.53,315435,419,买盘
2608,13:11:29,7.53,234880,312,买盘
2609,13:11:32,7.53,91090,121,买盘
2610,13:11:35,7.53,291212,387,买盘
2611,13:11:38,7.52,77504,103,卖盘
2612,13:11:41,7.53,45179,60,买盘
2613,13:11:44,7.53,50388,67,买盘
2614,13:11:47,7.53,618742,822,买盘
2615,13:11:50,7.53,1517957,2016,买盘
2616,13:11:53,7.53,202557,269,买盘
2617,13:11:56,7.53,3431156,4557,买盘
2618,13:11:59,7.53,745450,990,买盘
2619,13:12:02,7.53,331301,440,买盘
2620,13:12:05,7.53,197941,263,买盘
2621,13:12:08,7.54,4373496,5808,买盘
2622,13:12:11,7.54,51209,68,买盘
2623,13:12:14,7.54,360691,479,买盘
2624,13:12:17,7.54,242474,322,买盘
2625,13:12:20,7.54,161161,214,买盘
2626,13:12:23,7.53,113745,151,卖盘
2627,13:12:26,7.54,14326,19,买盘
2628,13:12:29,7.54,58002,77,买盘
2629,13:12:32,7.53,102412,136,卖盘
2630,13:12:35,7.54,53468,71,买盘
2631,13:12:38,7.54,49703,66,买盘
2632,13:12:41,7.54,16588,22,买盘
2633,13:12:44,7.54,58756,78,买盘
2634,13:12:47,7.54,12052,16,买盘
2635,13:12:50,7.54,45939,61,买盘
2636,13:12:53,7.53,51210,68,卖盘
2637,13:12:56,7.53,26360,35,卖盘
2638,13:12:59,7.54,96444,128,买盘
2639,13:13:02,7.54,91136,121,买盘
2640,13:13:05,7.54,27114,36,买盘
2641,13:13:08,7.54,60268,80,买盘
2642,13:13:11,7.54,43679,58,买盘
2643,13:13:14,7.54,16570,22,买盘
2644,13:13:17,7.54,51973,69,买盘
2645,13:13:20,7.54,57996,77,买盘
2646,13:13:23,7.54,76154,101,买盘
2647,13:13:26,7.53,115234,153,卖盘
2648,13:13:29,7.54,43728,58,买盘
2649,13:13:32,7.54,101678,135,买盘
2650,13:13:35,7.54,66281,88,买盘
2651,13:13:38,7.54,3016,4,买盘
2652,13:13:41,7.53,100976,134,卖盘
2653,13:13:44,7.54,57304,76,买盘
2654,13:13:47,7.53,44432,59,卖盘
2655,13:13:50,7.54,60997,81,买盘
2656,13:13:53,7.54,47487,63,买盘
2657,13:13:56,7.54,59513,79,买盘
2658,13:13:59,7.54,31641,42,买盘
2659,13:14:02,7.53,207865,276,卖盘
2660,13:14:05,7.53,73813,98,卖盘
2661,13:14:08,7.54,165720,220,买盘
2662,13:14:11,7.54,54983,73,买盘
2663,13:14:14,7.54,99402,132,买盘
2664,13:14:17,7.54,51211,68,买盘
2665,13:14:20,7.54,93435,124,买盘
2666,13:14:23,7.54,94250,125,买盘
2667,13:14:26,7.54,140939,187,买盘
2668,13:14:29,7.54,36902,49,买盘
2669,13:14:32,7.54,54979,73,买盘
2670,13:14:35,7.53,53468,71,卖盘
2671,13:14:38,7.54,12064,16,买盘
2672,13:14:41,7.54,74581,99,买盘
2673,13:14:44,7.54,66352,88,买盘
2674,13:14:47,7.54,51207,68,买盘
2675,13:14:50,7.54,54973,73,买盘
2676,13:14:53,7.54,11310,15,买盘
2677,13:14:56,7.54,115986,154,买盘
2678,13:14:59,7.54,79822,106,买盘
2679,13:15:02,7.54,241974,321,买盘
2680,13:15:05,7.54,91129,121,买盘
2681,13:15:08,7.54,70064,93,买盘
2682,13:15:11,7.54,18850,25,买盘
2683,13:15:14,7.54,74562,99,买盘
2684,13:15:17,7.54,46693,62,买盘
2685,13:15:20,7.54,46732,62,买盘
2686,13:15:23,7.54,45941,61,买盘
2687,13:15:26,7.54,56489,75,买盘
2688,13:15:29,7.54,64036,85,买盘
2689,13:15:32,7.54,65531,87,买盘
2690,13:15:35,7.54,12064,16,买盘
2691,13:15:38,7.54,153007,203,买盘
2692,13:15:41,7.54,63279,84,买盘
2693,13:15:44,7.54,387099,514,买盘
2694,13:15:47,7.54,76810,102,买盘
2695,13:15:50,7.54,12053,16,买盘
2696,13:15:53,7.54,530146,704,买盘
2697,13:15:56,7.54,276565,367,买盘
2698,13:15:59,7.53,183002,243,卖盘
2699,13:16:02,7.54,1735116,2304,买盘
2700,13:16:05,7.54,71553,95,买盘
2701,13:16:08,7.54,5278,7,买盘
2702,13:16:11,7.53,975139,1295,卖盘
2703,13:16:14,7.54,122894,163,买盘
2704,13:16:17,7.53,70796,94,卖盘
2705,13:16:20,7.54,180072,239,买盘
2706,13:16:23,7.54,155324,206,买盘
2707,13:16:26,7.54,120509,160,买盘
2708,13:16:29,7.54,123656,164,买盘
2709,13:16:32,7.53,457277,607,卖盘
2710,13:16:35,7.53,334687,444,卖盘
2711,13:16:38,7.54,151491,201,买盘
2712,13:16:41,7.54,116011,154,买盘
2713,13:16:44,7.54,9802,13,买盘
2714,13:16:47,7.53,180804,240,卖盘
2715,13:16:50,7.53,60998,81,卖盘
2716,13:16:53,7.54,42941,57,买盘
2717,13:16:56,7.54,142345,189,买盘
2718,13:16:59,7.53,2445764,3248,卖盘
2719,13:17:02,7.53,182234,242,卖盘
2720,13:17:05,7.53,173247,230,卖盘
2721,13:17:08,7.54,218497,290,买盘
2722,13:17:11,7.53,13563,18,卖盘
2723,13:17:14,7.53,52726,70,卖盘
2724,13:17:17,7.54,46688,62,买盘
2725,13:17:20,7.53,12801,17,卖盘
2726,13:17:23,7.53,112982,150,卖盘
2727,13:17:26,7.53,123558,164,卖盘
2728,13:17:29,7.54,52780,70,买盘
2729,13:17:32,7.54,85844,114,买盘
2730,13:17:35,7.53,57251,76,卖盘
2731,13:17:38,7.54,19601,26,买盘
2732,13:17:41,7.54,105500,140,买盘
2733,13:17:44,7.53,3767,5,卖盘
2734,13:17:47,7.53,1308741,1738,卖盘
2735,13:17:50,7.53,134795,179,卖盘
2736,13:17:53,7.54,50469,67,买盘
2737,13:17:56,7.53,101656,135,卖盘
2738,13:17:59,7.54,19594,26,买盘
2739,13:18:02,7.54,131797,175,买盘
2740,13:18:05,7.53,37650,50,卖盘
2741,13:18:08,7.54,80639,107,买盘
2742,13:18:11,7.54,436019,579,买盘
2743,13:18:14,7.53,57235,76,卖盘
2744,13:18:17,7.54,55725,74,买盘
2745,13:18:20,7.54,20345,27,买盘
2746,13:18:23,7.54,106234,141,买盘
2747,13:18:26,7.53,47459,63,卖盘
2748,13:18:29,7.53,106993,142,卖盘
2749,13:18:32,7.54,208055,276,买盘
2750,13:18:35,7.53,75340,100,卖盘
2751,13:18:38,7.53,1627233,2161,卖盘
2752,13:18:41,7.53,2287639,3038,卖盘
2753,13:18:44,7.53,413416,549,卖盘
2754,13:18:47,7.53,149107,198,卖盘
2755,13:18:50,7.54,101679,135,买盘
2756,13:18:53,7.53,13556,18,卖盘
2757,13:18:56,7.54,161315,214,买盘
2758,13:18:59,7.53,12048,16,卖盘
2759,13:19:02,7.54,259844,345,买盘
2760,13:19:05,7.53,55723,74,卖盘
2761,13:19:08,7.53,30150,40,卖盘
2762,13:19:11,7.54,62524,83,买盘
2763,13:19:14,7.54,195044,259,买盘
2764,13:19:17,7.54,267332,355,买盘
2765,13:19:20,7.54,181564,241,买盘
2766,13:19:23,7.53,3403946,4520,卖盘
2767,13:19:26,7.53,112953,150,卖盘
2768,13:19:29,7.53,53515,71,卖盘
2769,13:19:32,7.53,288421,383,卖盘
2770,13:19:35,7.54,56479,75,买盘
2771,13:19:38,7.54,1058001,1405,买盘
2772,13:19:41,7.53,162774,216,卖盘
2773,13:19:44,7.54,15073,20,买盘
2774,13:19:47,7.53,1037740,1378,卖盘
2775,13:19:50,7.53,958606,1273,卖盘
2776,13:19:53,7.53,249343,331,卖盘
2777,13:19:56,7.53,765071,1016,卖盘
2778,13:19:59,7.54,196540,261,买盘
2779,13:20:02,7.53,2787631,3702,卖盘
2780,13:20:05,7.53,6424596,8532,卖盘
2781,13:20:08,7.53,202545,269,买盘
2782,13:20:11,7.53,242422,322,买盘
2783,13:20:14,7.52,121944,162,卖盘
2784,13:20:17,7.53,1540885,2049,买盘
2785,13:20:20,7.52,416844,554,卖盘
2786,13:20:23,7.53,491393,653,买盘
2787,13:20:26,7.53,200241,266,买盘
2788,13:20:29,7.52,47424,63,卖盘
2789,13:20:32,7.52,197026,262,卖盘
2790,13:20:35,7.52,36096,48,卖盘
2791,13:20:38,7.52,48182,64,卖盘
2792,13:20:41,7.53,75985,101,买盘
2793,13:20:44,7.53,6776,9,买盘
2794,13:20:47,7.53,112830,150,买盘
2795,13:20:50,7.52,238484,317,卖盘
2796,13:20:53,7.52,182036,242,卖盘
2797,13:20:56,7.53,33089,44,买盘
2798,13:20:59,7.53,298632,397,买盘
2799,13:21:02,7.52,296399,394,卖盘
2800,13:21:05,7.52,121897,162,卖盘
2801,13:21:08,7.52,26350,35,卖盘
2802,13:21:11,7.53,45140,60,买盘
2803,13:21:14,7.52,25575,34,卖盘
2804,13:21:17,7.53,119625,159,买盘
2805,13:21:20,7.53,124086,165,买盘
2806,13:21:23,7.52,191032,254,卖盘
2807,13:21:26,7.53,115168,153,买盘
2808,13:21:29,7.52,994909,1323,卖盘
2809,13:21:32,7.53,222604,296,买盘
2810,13:21:35,7.52,74453,99,卖盘
2811,13:21:38,7.52,54165,72,卖盘
2812,13:21:41,7.53,76713,102,买盘
2813,13:21:44,7.53,33094,44,买盘
2814,13:21:47,7.53,235584,313,买盘
2815,13:21:50,7.52,154936,206,卖盘
2816,13:21:53,7.52,380038,505,卖盘
2817,13:21:56,7.53,80509,107,买盘
2818,13:21:59,7.53,18825,25,买盘
2819,13:22:02,7.53,206814,275,买盘
2820,13:22:05,7.52,87309,116,卖盘
2821,13:22:08,7.53,89591,119,买盘
2822,13:22:11,7.53,48154,64,买盘
2823,13:22:14,7.53,72965,97,买盘
2824,13:22:17,7.53,41390,55,买盘
2825,13:22:20,7.52,409473,544,卖盘
2826,13:22:23,7.53,185054,246,买盘
2827,13:22:26,7.53,42884,57,买盘
2828,13:22:29,7.52,135466,180,卖盘
2829,13:22:32,7.52,168448,224,卖盘
2830,13:22:35,7.52,408369,543,卖盘
2831,13:22:38,7.52,288356,383,卖盘
2832,13:22:41,7.52,84977,113,卖盘
2833,13:22:44,7.53,221219,294,买盘
2834,13:22:47,7.53,43656,58,买盘
2835,13:22:50,7.52,133118,177,卖盘
2836,13:22:53,7.53,558030,742,买盘
2837,13:22:56,7.53,255959,340,买盘
2838,13:22:59,7.53,33885,45,买盘
2839,13:23:02,7.53,301200,400,买盘
2840,13:23:05,7.53,80571,107,买盘
2841,13:23:08,7.52,377177,501,卖盘
2842,13:23:11,7.53,76009,101,买盘
2843,13:23:14,7.53,474309,630,买盘
2844,13:23:17,7.53,59477,79,买盘
2845,13:23:20,7.52,1110043,1476,卖盘
2846,13:23:23,7.52,298116,396,卖盘
2847,13:23:26,7.52,169323,225,卖盘
2848,13:23:29,7.53,166994,222,买盘
2849,13:23:32,7.52,233882,311,卖盘
2850,13:23:35,7.52,230344,306,卖盘
2851,13:23:38,7.53,312340,415,买盘
2852,13:23:41,7.53,122644,163,买盘
2853,13:23:44,7.53,539069,716,买盘
2854,13:23:47,7.52,43660,58,卖盘
2855,13:23:50,7.53,222653,296,买盘
2856,13:23:53,7.53,170858,227,买盘
2857,13:23:56,7.52,444959,591,卖盘
2858,13:23:59,7.53,297856,396,买盘
2859,13:24:02,7.53,825749,1098,买盘
2860,13:24:05,7.53,164114,218,买盘
2861,13:24:08,7.53,48902,65,买盘
2862,13:24:11,7.52,158815,211,卖盘
2863,13:24:14,7.53,149703,199,买盘
2864,13:24:17,7.52,93330,124,卖盘
2865,13:24:20,7.53,121986,162,买盘
2866,13:24:23,7.53,90321,120,买盘
2867,13:24:26,7.52,356883,474,卖盘
2868,13:24:29,7.53,121935,162,买盘
2869,13:24:32,7.53,94085,125,买盘
2870,13:24:35,7.53,121948,162,买盘
2871,13:24:38,7.53,135445,180,买盘
2872,13:24:41,7.53,151225,201,买盘
2873,13:24:44,7.53,108384,144,买盘
2874,13:24:47,7.53,160344,213,买盘
2875,13:24:50,7.52,125682,167,卖盘
2876,13:24:53,7.52,406081,540,卖盘
2877,13:24:56,7.53,940054,1250,买盘
2878,13:24:59,7.52,90304,120,卖盘
2879,13:25:02,7.53,106843,142,买盘
2880,13:25:05,7.53,20306,27,买盘
2881,13:25:08,7.53,434424,577,买盘
2882,13:25:11,7.53,188200,250,买盘
2883,13:25:14,7.53,88057,117,买盘
2884,13:25:17,7.53,57224,76,买盘
2885,13:25:20,7.53,170835,227,买盘
2886,13:25:23,7.53,82781,110,买盘
2887,13:25:26,7.53,143000,190,买盘
2888,13:25:29,7.53,341837,454,买盘
2889,13:25:32,7.53,93345,124,买盘
2890,13:25:35,7.53,140029,186,买盘
2891,13:25:38,7.53,208468,277,买盘
2892,13:25:41,7.53,218870,291,买盘
2893,13:25:44,7.53,222673,296,买盘
2894,13:25:47,7.52,66955,89,卖盘
2895,13:25:50,7.53,136243,181,买盘
2896,13:25:53,7.53,8283,11,买盘
2897,13:25:56,7.53,247527,329,买盘
2898,13:25:59,7.53,105386,140,买盘
2899,13:26:02,7.53,268821,357,买盘
2900,13:26:05,7.52,115088,153,卖盘
2901,13:26:08,7.52,130897,174,卖盘
2902,13:26:11,7.52,100844,134,卖盘
2903,13:26:14,7.53,45180,60,买盘
2904,13:26:17,7.53,39114,52,买盘
2905,13:26:20,7.53,203966,271,买盘
2906,13:26:23,7.53,27861,37,买盘
2907,13:26:26,7.52,108386,144,卖盘
2908,13:26:29,7.53,32370,43,买盘
2909,13:26:32,7.52,355250,472,卖盘
2910,13:26:35,7.53,405654,539,买盘
2911,13:26:38,7.53,550529,732,买盘
2912,13:26:41,7.52,45886,61,卖盘
2913,13:26:44,7.53,26355,35,买盘
2914,13:26:47,7.52,193329,257,卖盘
2915,13:26:50,7.52,39868,53,卖盘
2916,13:26:53,7.53,119588,159,买盘
2917,13:26:56,7.52,94779,126,卖盘
2918,13:26:59,7.53,40649,54,买盘
2919,13:27:02,7.52,165454,220,卖盘
2920,13:27:05,7.53,65428,87,买盘
2921,13:27:08,7.52,72993,97,卖盘
2922,13:27:11,7.53,94076,125,买盘
2923,13:27:14,7.52,75977,101,卖盘
2924,13:27:17,7.52,49645,66,卖盘
2925,13:27:20,7.53,157264,209,买盘
2926,13:27:23,7.53,214557,285,买盘
2927,13:27:26,7.52,66928,89,卖盘
2928,13:27:29,7.53,54917,73,买盘
2929,13:27:32,7.53,95535,127,买盘
2930,13:27:35,7.53,48927,65,买盘
2931,13:27:38,7.53,132451,176,买盘
2932,13:27:41,7.53,136234,181,买盘
2933,13:27:44,7.53,71467,95,买盘
2934,13:27:47,7.52,85043,113,卖盘
2935,13:27:50,7.53,66239,88,买盘
2936,13:27:53,7.53,91805,122,买盘
2937,13:27:56,7.53,76806,102,买盘
2938,13:27:59,7.53,86544,115,买盘
2939,13:28:02,7.53,40625,54,买盘
2940,13:28:05,7.52,64701,86,卖盘
2941,13:28:08,7.53,121985,162,买盘
2942,13:28:11,7.52,105289,140,卖盘
2943,13:28:14,7.53,56475,75,买盘
2944,13:28:17,7.53,76731,102,买盘
2945,13:28:20,7.53,87328,116,买盘
2946,13:28:23,7.53,39909,53,买盘
2947,13:28:26,7.53,60178,80,买盘
2948,13:28:29,7.53,3765,5,买盘
2949,13:28:32,7.52,146711,195,卖盘
2950,13:28:35,7.53,146711,195,买盘
2951,13:28:38,7.53,61737,82,买盘
2952,13:28:41,7.53,65454,87,买盘
2953,13:28:44,7.52,133914,178,卖盘
2954,13:28:47,7.53,24083,32,买盘
2955,13:28:50,7.53,319024,424,买盘
2956,13:28:53,7.53,183732,244,买盘
2957,13:28:56,7.52,334253,444,卖盘
2958,13:28:59,7.53,164829,219,买盘
2959,13:29:02,7.52,408424,543,卖盘
2960,13:29:05,7.53,73724,98,买盘
2961,13:29:08,7.53,154353,205,买盘
2962,13:29:11,7.53,21837,29,买盘
2963,13:29:14,7.53,70782,94,买盘
2964,13:29:17,7.53,320021,425,买盘
2965,13:29:20,7.53,182221,242,买盘
2966,13:29:23,7.53,8758143,11631,买盘
2967,13:29:26,7.53,2729606,3625,买盘
2968,13:29:29,7.53,348439,463,买盘
2969,13:29:32,7.53,596338,792,买盘
2970,13:29:35,7.53,687411,913,买盘
2971,13:29:38,7.53,258279,343,买盘
2972,13:29:41,7.53,22590,30,买盘
2973,13:29:44,7.53,52710,70,买盘
2974,13:29:47,7.53,351609,467,买盘
2975,13:29:50,7.53,85085,113,买盘
2976,13:29:53,7.53,54969,73,买盘
2977,13:29:56,7.53,996967,1324,买盘
2978,13:29:59,7.53,45131,60,买盘
2979,13:30:02,7.53,282375,375,买盘
2980,13:30:05,7.53,234174,311,买盘
2981,13:30:08,7.53,80571,107,买盘
2982,13:30:11,7.53,407124,541,买盘
2983,13:30:14,7.53,129513,172,买盘
2984,13:30:17,7.53,68522,91,买盘
2985,13:30:20,7.52,246939,328,卖盘
2986,13:30:23,7.53,344874,458,买盘
2987,13:30:26,7.52,312402,415,卖盘
2988,13:30:29,7.53,115157,153,买盘
2989,13:30:32,7.53,343322,456,买盘
2990,13:30:35,7.52,258934,344,卖盘
2991,13:30:38,7.53,260538,346,买盘
2992,13:30:41,7.53,481920,640,买盘
2993,13:30:44,7.53,101655,135,买盘
2994,13:30:47,7.53,88778,118,买盘
2995,13:30:50,7.53,302654,402,买盘
2996,13:30:53,7.53,481165,639,买盘
2997,13:30:56,7.53,260441,346,买盘
2998,13:30:59,7.53,159495,212,买盘
2999,13:31:02,7.53,164151,218,买盘
3000,13:31:05,7.53,76756,102,买盘
3001,13:31:08,7.53,364403,484,买盘
3002,13:31:11,7.53,162648,216,买盘
3003,13:31:14,7.53,73041,97,买盘
3004,13:31:17,7.53,307224,408,买盘
3005,13:31:20,7.53,95631,127,买盘
3006,13:31:23,7.53,507473,674,买盘
3007,13:31:26,7.52,426906,567,卖盘
3008,13:31:29,7.53,77514,103,买盘
3009,13:31:32,7.53,33877,45,买盘
3010,13:31:35,7.53,84234,112,买盘
3011,13:31:38,7.52,69979,93,卖盘
3012,13:31:41,7.52,74520,99,卖盘
3013,13:31:44,7.53,125633,167,买盘
3014,13:31:47,7.53,190449,253,买盘
3015,13:31:50,7.53,91017,121,买盘
3016,13:31:53,7.52,181384,241,卖盘
3017,13:31:56,7.53,517264,687,买盘
3018,13:31:59,7.53,17318,23,买盘
3019,13:32:02,7.53,75286,100,买盘
3020,13:32:05,7.52,56467,75,卖盘
3021,13:32:08,7.52,367087,488,卖盘
3022,13:32:11,7.53,62499,83,买盘
3023,13:32:14,7.53,92509,123,买盘
3024,13:32:17,7.53,8283,11,买盘
3025,13:32:20,7.53,60939,81,买盘
3026,13:32:23,7.52,173852,231,卖盘
3027,13:32:26,7.52,32378,43,卖盘
3028,13:32:29,7.53,250694,333,买盘
3029,13:32:32,7.52,72997,97,卖盘
3030,13:32:35,7.53,144526,192,买盘
3031,13:32:38,7.53,70728,94,买盘
3032,13:32:41,7.53,60992,81,买盘
3033,13:32:44,7.53,62453,83,买盘
3034,13:32:47,7.53,94097,125,买盘
3035,13:32:50,7.53,76755,102,买盘
3036,13:32:53,7.53,79781,106,买盘
3037,13:32:56,7.53,36849,49,买盘
3038,13:32:59,7.52,39106,52,卖盘
3039,13:33:02,7.53,81321,108,买盘
3040,13:33:05,7.53,64698,86,买盘
3041,13:33:08,7.52,54157,72,卖盘
3042,13:33:11,7.53,118973,158,买盘
3043,13:33:14,7.52,77479,103,卖盘
3044,13:33:17,7.53,67714,90,买盘
3045,13:33:20,7.52,131624,175,卖盘
3046,13:33:23,7.52,288318,383,卖盘
3047,13:33:26,7.52,62479,83,卖盘
3048,13:33:29,7.53,97067,129,买盘
3049,13:33:32,7.52,18070,24,卖盘
3050,13:33:35,7.52,559368,743,卖盘
3051,13:33:38,7.53,179034,238,买盘
3052,13:33:41,7.53,69974,93,买盘
3053,13:33:44,7.53,114349,152,买盘
3054,13:33:47,7.52,52702,70,卖盘
3055,13:33:50,7.53,352297,468,买盘
3056,13:33:53,7.53,77498,103,买盘
3057,13:33:56,7.53,4518,6,买盘
3058,13:33:59,7.53,153550,204,买盘
3059,13:34:02,7.53,55716,74,买盘
3060,13:34:05,7.52,209076,278,卖盘
3061,13:34:08,7.53,97816,130,买盘
3062,13:34:11,7.53,156585,208,买盘
3063,13:34:14,7.53,856722,1139,买盘
3064,13:34:17,7.52,131615,175,卖盘
3065,13:34:20,7.53,128669,171,买盘
3066,13:34:23,7.53,15813,21,买盘
3067,13:34:26,7.52,73701,98,卖盘
3068,13:34:29,7.53,379445,504,买盘
3069,13:34:32,7.53,162648,216,买盘
3070,13:34:35,7.53,42880,57,买盘
3071,13:34:38,7.53,99342,132,买盘
3072,13:34:41,7.53,32379,43,买盘
3073,13:34:44,7.53,88804,118,买盘
3074,13:34:47,7.52,56431,75,卖盘
3075,13:34:50,7.53,968702,1287,买盘
3076,13:34:53,7.52,129375,172,卖盘
3077,13:34:56,7.53,753,1,买盘
3078,13:34:59,7.52,39106,52,卖盘
3079,13:35:02,7.53,97780,130,买盘
3080,13:35:05,7.53,87348,116,买盘
3081,13:35:08,7.52,239304,318,卖盘
3082,13:35:11,7.52,177672,236,卖盘
3083,13:35:14,7.52,57940,77,卖盘
3084,13:35:17,7.53,151165,201,买盘
3085,13:35:20,7.53,103832,138,买盘
3086,13:35:23,7.53,209291,278,买盘
3087,13:35:26,7.52,30090,40,卖盘
3088,13:35:29,7.52,106093,141,卖盘
3089,13:35:32,7.52,84269,112,卖盘
3090,13:35:35,7.52,262469,349,卖盘
3091,13:35:38,7.53,299391,398,买盘
3092,13:35:41,7.53,66987,89,买盘
3093,13:35:44,7.53,141514,188,买盘
3094,13:35:47,7.53,222071,295,买盘
3095,13:35:50,7.53,151975,202,买盘
3096,13:35:53,7.53,126398,168,买盘
3097,13:35:56,7.53,48945,65,买盘
3098,13:35:59,7.53,170899,227,买盘
3099,13:36:02,7.52,278558,370,卖盘
3100,13:36:05,7.53,140667,187,买盘
3101,13:36:08,7.53,25588,34,买盘
3102,13:36:11,7.53,118131,157,买盘
3103,13:36:14,7.52,34593,46,卖盘
3104,13:36:17,7.52,477338,634,卖盘
3105,13:36:20,7.52,87325,116,卖盘
3106,13:36:23,7.52,110621,147,卖盘
3107,13:36:26,7.52,109102,145,卖盘
3108,13:36:29,7.52,339214,451,卖盘
3109,13:36:32,7.52,188055,250,卖盘
3110,13:36:35,7.53,20331,27,买盘
3111,13:36:38,7.53,36851,49,买盘
3112,13:36:41,7.52,89558,119,卖盘
