,成交时间,成交价格,成交金额,成交量,性质
0,09:25:01,58.3,14341800,2460,卖盘
1,09:30:01,58.34,145770,25,买盘
2,09:30:04,58.3,1189654,204,卖盘
3,09:30:07,58.37,863470,148,买盘
4,09:30:10,58.37,1050417,180,买盘
5,09:30:13,58.37,694635,119,卖盘
6,09:30:16,58.37,2241393,384,卖盘
7,09:30:19,58.34,1399738,240,卖盘
8,09:30:22,58.4,1720954,295,买盘
9,09:30:25,58.39,1599511,274,卖盘
10,09:30:28,58.42,2705292,463,买盘
11,09:30:31,58.38,1570250,269,中性盘
12,09:30:34,58.39,3536630,606,买盘
13,09:30:37,58.34,1914772,328,卖盘
14,09:30:40,58.41,1529174,262,买盘
15,09:30:43,58.35,2247727,385,卖盘
16,09:30:46,58.39,3023922,518,买盘
17,09:30:49,58.37,3059733,524,卖盘
18,09:30:52,58.4,1611227,276,买盘
19,09:30:55,58.42,3777871,647,买盘
20,09:30:58,58.42,1595851,273,卖盘
21,09:31:01,58.42,1308031,224,买盘
22,09:31:04,58.42,1805381,309,买盘
23,09:31:07,58.42,882472,151,卖盘
24,09:31:10,58.42,1431313,245,卖盘
25,09:31:13,58.42,841392,144,卖盘
26,09:31:16,58.42,333240,57,卖盘
27,09:31:19,58.48,532086,91,买盘
28,09:31:22,58.42,1567187,268,卖盘
29,09:31:25,58.46,1602525,274,卖盘
30,09:31:28,58.48,1362268,233,中性盘
31,09:31:31,58.48,2064082,353,买盘
32,09:31:34,58.46,953160,163,买盘
33,09:31:37,58.43,1128467,193,卖盘
34,09:31:40,58.46,958553,164,买盘
35,09:31:43,58.46,555181,95,买盘
36,09:31:46,58.46,3284457,562,买盘
37,09:31:49,58.43,391493,67,卖盘
38,09:31:52,58.46,1864030,319,买盘
39,09:31:55,58.46,496703,85,买盘
40,09:31:58,58.45,2484172,425,中性盘
41,09:32:01,58.46,2425333,415,买盘
42,09:32:04,58.46,689844,118,买盘
43,09:32:07,58.45,2046123,350,卖盘
44,09:32:10,58.51,4187283,716,买盘
45,09:32:13,58.48,725096,124,卖盘
46,09:32:16,58.47,719397,123,中性盘
47,09:32:19,58.44,1753726,300,卖盘
48,09:32:22,58.4,4632702,793,卖盘
49,09:32:25,58.35,13021330,2231,卖盘
50,09:32:28,58.4,858332,147,买盘
51,09:32:31,58.45,1385334,237,买盘
52,09:32:34,58.42,1641833,281,卖盘
53,09:32:37,58.49,520561,89,买盘
54,09:32:40,58.49,818799,140,买盘
55,09:32:43,58.45,1041165,178,卖盘
56,09:32:46,58.49,1134103,194,中性盘
57,09:32:49,58.47,976420,167,卖盘
58,09:32:52,58.46,765836,131,卖盘
59,09:32:55,58.46,555391,95,买盘
60,09:32:58,58.47,333196,57,买盘
61,09:33:01,58.46,3747842,641,卖盘
62,09:33:04,58.48,152054,26,中性盘
63,09:33:07,58.47,917990,157,卖盘
64,09:33:10,58.47,1415149,242,卖盘
65,09:33:13,58.47,783453,134,卖盘
66,09:33:16,58.47,2684049,459,买盘
67,09:33:19,58.47,1151901,197,卖盘
68,09:33:22,58.43,6089945,1042,卖盘
69,09:33:25,58.42,3382863,579,卖盘
70,09:33:28,58.42,286316,49,买盘
71,09:33:31,58.42,1478026,253,卖盘
72,09:33:34,58.43,1413735,242,买盘
73,09:33:37,58.42,239561,41,卖盘
74,09:33:40,58.41,210317,36,中性盘
75,09:33:43,58.41,210297,36,卖盘
76,09:33:46,58.42,1746571,299,买盘
77,09:33:49,58.43,1653222,283,买盘
78,09:33:52,58.41,186934,32,中性盘
79,09:33:55,58.43,1706620,292,买盘
80,09:33:58,58.41,1600768,274,卖盘
81,09:34:01,58.45,426598,73,买盘
82,09:34:04,58.43,111002,19,卖盘
83,09:34:07,58.42,730266,125,卖盘
84,09:34:10,58.41,2033083,348,卖盘
85,09:34:13,58.4,4911732,841,卖盘
86,09:34:16,58.41,3153744,540,买盘
87,09:34:19,58.38,2593388,444,卖盘
88,09:34:22,58.4,940300,161,中性盘
89,09:34:25,58.39,2107530,361,中性盘
90,09:34:28,58.39,747503,128,卖盘
91,09:34:31,58.4,934495,160,买盘
92,09:34:34,58.41,338692,58,买盘
93,09:34:37,58.4,1599995,274,卖盘
94,09:34:40,58.4,665788,114,卖盘
95,09:34:43,58.44,812066,139,买盘
96,09:34:46,58.4,1909709,327,卖盘
97,09:34:49,58.44,1588461,272,买盘
98,09:34:52,58.41,373784,64,卖盘
99,09:34:55,58.41,1471684,252,卖盘
100,09:34:58,58.41,186906,32,买盘
101,09:35:01,58.41,140182,24,买盘
102,09:35:04,58.41,157717,27,卖盘
103,09:35:07,58.41,572421,98,卖盘
104,09:35:10,58.4,2365398,405,卖盘
105,09:35:13,58.39,3719989,637,卖盘
106,09:35:16,58.39,3544646,607,卖盘
107,09:35:19,58.39,274399,47,买盘
108,09:35:22,58.4,2627930,450,买盘
109,09:35:25,58.38,1191210,204,卖盘
110,09:35:28,58.39,764927,131,买盘
111,09:35:31,58.42,2937858,503,买盘
112,09:35:34,58.41,3388604,580,卖盘
113,09:35:37,58.44,1600584,274,买盘
114,09:35:40,58.4,1162384,199,卖盘
115,09:35:43,58.41,1004749,172,中性盘
116,09:35:46,58.4,332880,57,卖盘
117,09:35:49,58.41,315391,54,买盘
118,09:35:52,58.39,1985616,340,卖盘
119,09:35:55,58.4,192713,33,买盘
120,09:35:58,58.4,975280,167,买盘
121,09:36:01,58.4,75923,13,卖盘
122,09:36:04,58.4,1662869,285,卖盘
123,09:36:07,58.41,332894,57,买盘
124,09:36:10,58.41,1466087,251,买盘
125,09:36:13,58.4,1576874,270,卖盘
126,09:36:16,58.41,502269,86,中性盘
127,09:36:19,58.39,4060142,695,卖盘
128,09:36:22,58.37,3099759,531,卖盘
129,09:36:25,58.36,2949396,505,卖盘
130,09:36:28,58.36,2373152,407,卖盘
131,09:36:31,58.35,910293,156,卖盘
132,09:36:34,58.35,3605967,618,卖盘
133,09:36:37,58.35,455027,78,买盘
134,09:36:40,58.34,1114151,191,买盘
135,09:36:43,58.31,2385279,409,卖盘
136,09:36:46,58.32,384862,66,买盘
137,09:36:49,58.32,1895077,325,买盘
138,09:36:52,58.31,4822239,827,卖盘
139,09:36:55,58.32,2903993,498,买盘
140,09:36:58,58.31,2349650,403,卖盘
141,09:37:01,58.35,1813928,311,买盘
142,09:37:04,58.36,3333366,571,买盘
143,09:37:07,58.38,221758,38,买盘
144,09:37:10,58.34,1779394,305,卖盘
145,09:37:13,58.32,2630576,451,卖盘
146,09:37:16,58.32,1008942,173,卖盘
147,09:37:19,58.31,1691163,290,卖盘
148,09:37:22,58.32,2320968,398,买盘
149,09:37:25,58.31,2571844,441,卖盘
150,09:37:28,58.31,2040974,350,卖盘
151,09:37:31,58.32,1114044,191,买盘
152,09:37:34,58.32,192428,33,卖盘
153,09:37:37,58.32,1604605,275,卖盘
154,09:37:40,58.32,804719,138,卖盘
155,09:37:43,58.32,3674475,630,中性盘
156,09:37:46,58.31,425671,73,卖盘
157,09:37:49,58.31,3282959,563,卖盘
158,09:37:52,58.31,285683,49,买盘
159,09:37:55,58.29,13816999,2370,卖盘
160,09:37:58,58.28,1637691,281,卖盘
161,09:38:01,58.28,2027696,348,卖盘
162,09:38:04,58.26,815514,140,中性盘
163,09:38:07,58.24,745425,128,卖盘
164,09:38:10,58.24,576496,99,买盘
165,09:38:13,58.23,518231,89,卖盘
166,09:38:16,58.22,2730683,469,卖盘
167,09:38:19,58.22,9436308,1621,卖盘
168,09:38:22,58.22,133926,23,卖盘
169,09:38:25,58.28,3058104,525,买盘
170,09:38:28,58.28,920579,158,买盘
171,09:38:31,58.28,1602029,275,买盘
172,09:38:34,58.25,1486111,255,卖盘
173,09:38:37,58.27,326278,56,中性盘
174,09:38:40,58.28,3117743,535,买盘
175,09:38:43,58.25,1637147,281,卖盘
176,09:38:46,58.26,1881810,323,卖盘
177,09:38:49,58.26,640760,110,买盘
178,09:38:52,58.25,1001785,172,卖盘
179,09:38:55,58.25,599996,103,卖盘
180,09:38:58,58.25,687297,118,卖盘
181,09:39:01,58.25,163100,28,买盘
182,09:39:04,58.26,1654418,284,买盘
183,09:39:07,58.26,2656549,456,买盘
184,09:39:10,58.27,1578629,271,买盘
185,09:39:13,58.26,3922001,673,卖盘
186,09:39:16,58.25,1526326,262,卖盘
187,09:39:19,58.25,1497172,257,卖盘
188,09:39:22,58.27,1386581,238,买盘
189,09:39:25,58.29,740079,127,中性盘
190,09:39:28,58.32,2571456,441,买盘
191,09:39:31,58.29,425660,73,卖盘
192,09:39:34,58.33,256574,44,中性盘
193,09:39:37,58.31,991279,170,卖盘
194,09:39:40,58.31,1136925,195,卖盘
195,09:39:43,58.32,1277150,219,买盘
196,09:39:46,58.31,320670,55,卖盘
197,09:39:49,58.3,326499,56,卖盘
198,09:39:52,58.31,338157,58,买盘
199,09:39:55,58.31,1999715,343,买盘
200,09:39:58,58.3,787063,135,卖盘
201,09:40:01,58.31,1055287,181,买盘
202,09:40:04,58.31,256543,44,买盘
203,09:40:07,58.3,3084224,529,卖盘
204,09:40:10,58.28,1865072,320,卖盘
205,09:40:13,58.28,3124732,536,卖盘
206,09:40:16,58.28,1357908,233,买盘
207,09:40:19,58.28,571091,98,卖盘
208,09:40:22,58.26,2120781,364,卖盘
209,09:40:25,58.28,3711979,637,买盘
210,09:40:28,58.28,1177262,202,卖盘
211,09:40:31,58.26,2009713,345,卖盘
212,09:40:34,58.26,1876371,322,卖盘
213,09:40:37,58.26,1031210,177,卖盘
214,09:40:40,58.26,1514764,260,卖盘
215,09:40:43,58.25,658335,113,卖盘
216,09:40:46,58.26,1345802,231,买盘
217,09:40:49,58.26,1759181,302,买盘
218,09:40:52,58.25,168924,29,卖盘
219,09:40:55,58.25,133977,23,卖盘
220,09:40:58,58.25,943747,162,卖盘
221,09:41:01,58.26,588326,101,买盘
222,09:41:04,58.25,2021290,347,卖盘
223,09:41:07,58.25,2143744,368,卖盘
224,09:41:10,58.25,3407312,585,买盘
225,09:41:13,58.25,139807,24,卖盘
226,09:41:16,58.26,2358939,405,买盘
227,09:41:19,58.25,623340,107,卖盘
228,09:41:22,58.25,361143,62,卖盘
229,09:41:25,58.24,786247,135,卖盘
230,09:41:28,58.23,2416954,415,卖盘
231,09:41:31,58.23,1711920,294,卖盘
232,09:41:34,58.18,22954532,3944,卖盘
233,09:41:37,58.16,1599554,275,卖盘
234,09:41:40,58.18,2646704,455,买盘
235,09:41:43,58.2,1263021,217,买盘
236,09:41:46,58.22,4189294,720,买盘
237,09:41:49,58.23,1094388,188,买盘
238,09:41:52,58.24,3820126,656,买盘
239,09:41:55,58.24,990076,170,卖盘
240,09:41:58,58.24,355185,61,买盘
241,09:42:01,58.23,401791,69,卖盘
242,09:42:04,58.22,628797,108,卖盘
243,09:42:07,58.25,3004788,516,买盘
244,09:42:10,58.24,2889157,496,卖盘
245,09:42:13,58.24,349451,60,卖盘
246,09:42:16,58.24,267905,46,卖盘
247,09:42:19,58.24,1287071,221,买盘
248,09:42:22,58.23,1152971,198,卖盘
249,09:42:25,58.23,1356767,233,买盘
250,09:42:28,58.21,582203,100,卖盘
251,09:42:31,58.22,6559423,1127,买盘
252,09:42:34,58.24,2614615,449,买盘
253,09:42:37,58.25,559166,96,买盘
254,09:42:40,58.25,1846294,317,卖盘
255,09:42:43,58.25,192234,33,买盘
256,09:42:46,58.24,320304,55,卖盘
257,09:42:49,58.25,693077,119,买盘
258,09:42:52,58.24,2876741,494,买盘
259,09:42:55,58.23,355189,61,卖盘
260,09:42:58,58.24,1898181,326,买盘
261,09:43:01,58.27,1992285,342,买盘
262,09:43:04,58.28,716685,123,买盘
263,09:43:07,58.29,2431153,417,买盘
264,09:43:10,58.32,326517,56,买盘
265,09:43:13,58.33,1055301,181,买盘
266,09:43:16,58.34,781614,134,买盘
267,09:43:19,58.37,706011,121,买盘
268,09:43:22,58.34,1289358,221,卖盘
269,09:43:25,58.36,752684,129,买盘
270,09:43:28,58.36,250949,43,卖盘
271,09:43:31,58.36,2287414,392,中性盘
272,09:43:34,58.36,431909,74,卖盘
273,09:43:37,58.38,969150,166,买盘
274,09:43:40,58.41,3673939,629,买盘
275,09:43:43,58.4,75902,13,卖盘
276,09:43:46,58.41,128488,22,中性盘
277,09:43:49,58.4,1062823,182,卖盘
278,09:43:52,58.4,502283,86,卖盘
279,09:43:55,58.4,2149277,368,买盘
280,09:43:58,58.4,432114,74,卖盘
281,09:44:01,58.4,1442434,247,买盘
282,09:44:04,58.41,344570,59,买盘
283,09:44:07,58.39,315324,54,卖盘
284,09:44:10,58.4,1973854,338,买盘
285,09:44:13,58.39,764910,131,卖盘
286,09:44:16,58.38,1850888,317,卖盘
287,09:44:19,58.38,811508,139,卖盘
288,09:44:22,58.38,1587901,272,卖盘
289,09:44:25,58.43,5115877,876,买盘
290,09:44:28,58.43,2606862,446,卖盘
291,09:44:31,58.44,1495549,256,卖盘
292,09:44:34,58.44,40910,7,中性盘
293,09:44:37,58.43,140214,24,中性盘
294,09:44:40,58.47,1770228,303,买盘
295,09:44:43,58.45,198770,34,中性盘
296,09:44:46,58.42,1156789,198,卖盘
297,09:44:49,58.41,391347,67,卖盘
298,09:44:52,58.42,122679,21,买盘
299,09:44:55,58.4,1191751,204,卖盘
300,09:44:58,58.42,771078,132,中性盘
301,09:45:01,58.39,2604930,446,卖盘
302,09:45:04,58.37,1693546,290,卖盘
303,09:45:07,58.38,893129,153,买盘
304,09:45:10,58.38,1027414,176,买盘
305,09:45:13,58.37,180943,31,卖盘
306,09:45:16,58.35,846249,145,卖盘
307,09:45:19,58.33,2211095,379,卖盘
308,09:45:22,58.35,968450,166,买盘
309,09:45:25,58.37,64203,11,买盘
310,09:45:28,58.33,4194440,719,卖盘
311,09:45:31,58.36,577745,99,买盘
312,09:45:34,58.35,1283886,220,卖盘
313,09:45:37,58.35,1674651,287,买盘
314,09:45:40,58.35,741050,127,卖盘
315,09:45:43,58.35,1096651,188,买盘
316,09:45:46,58.35,23340,4,买盘
317,09:45:49,58.35,285885,49,买盘
318,09:45:52,58.34,501746,86,卖盘
319,09:45:55,58.33,3849934,660,卖盘
320,09:45:58,58.33,7069621,1212,卖盘
321,09:46:01,58.31,1114078,191,卖盘
322,09:46:04,58.31,3054284,524,卖盘
323,09:46:07,58.28,536224,92,卖盘
324,09:46:10,58.3,757820,130,买盘
325,09:46:13,58.28,250671,43,卖盘
326,09:46:16,58.28,110742,19,卖盘
327,09:46:19,58.31,128235,22,买盘
328,09:46:22,58.3,1439645,247,中性盘
329,09:46:25,58.31,693798,119,买盘
330,09:46:28,58.32,518834,89,中性盘
331,09:46:31,58.28,676094,116,卖盘
332,09:46:34,58.31,46648,8,中性盘
333,09:46:37,58.31,1970236,338,买盘
334,09:46:40,58.28,227355,39,卖盘
335,09:46:43,58.31,46643,8,买盘
336,09:46:46,58.3,221556,38,卖盘
337,09:46:49,58.31,145761,25,买盘
338,09:46:52,58.29,781233,134,卖盘
339,09:46:55,58.3,157405,27,买盘
340,09:46:58,58.3,186538,32,买盘
341,09:47:01,58.3,1719618,295,买盘
342,09:47:04,58.33,1137317,195,买盘
343,09:47:07,58.34,1598329,274,买盘
344,09:47:10,58.36,490038,84,买盘
345,09:47:13,58.32,1312273,225,卖盘
346,09:47:16,58.35,291755,50,买盘
347,09:47:19,58.35,799352,137,卖盘
348,09:47:22,58.35,134204,23,买盘
349,09:47:25,58.35,233398,40,买盘
350,09:47:28,58.32,764068,131,卖盘
351,09:47:31,58.32,279946,48,卖盘
352,09:47:34,58.31,507306,87,卖盘
353,09:47:37,58.3,343984,59,卖盘
354,09:47:40,58.31,711274,122,买盘
355,09:47:43,58.3,676184,116,中性盘
356,09:47:46,58.3,2524211,433,买盘
357,09:47:49,58.29,571241,98,卖盘
358,09:47:52,58.28,58288,10,卖盘
359,09:47:55,58.28,104919,18,卖盘
360,09:47:58,58.28,1206427,207,卖盘
361,09:48:01,58.27,850895,146,卖盘
362,09:48:04,58.29,262272,45,买盘
363,09:48:07,58.28,577020,99,卖盘
364,09:48:10,58.28,1177256,202,卖盘
365,09:48:13,58.27,716767,123,卖盘
366,09:48:16,58.28,2622499,450,买盘
367,09:48:19,58.28,314661,54,买盘
368,09:48:22,58.28,256443,44,买盘
369,09:48:25,58.28,93249,16,卖盘
370,09:48:28,58.29,250616,43,买盘
371,09:48:31,58.29,390484,67,买盘
372,09:48:34,58.28,192339,33,卖盘
373,09:48:37,58.27,652755,112,卖盘
374,09:48:40,58.28,198175,34,中性盘
375,09:48:43,58.29,11657,2,中性盘
376,09:48:46,58.29,110744,19,卖盘
377,09:48:49,58.28,163219,28,卖盘
378,09:48:52,58.28,477907,82,卖盘
379,09:48:55,58.28,402129,69,卖盘
380,09:48:58,58.27,209785,36,卖盘
381,09:49:01,58.29,1789484,307,买盘
382,09:49:04,58.29,402201,69,卖盘
383,09:49:07,58.29,402206,69,卖盘
384,09:49:10,58.29,1043360,179,卖盘
385,09:49:13,58.28,961632,165,卖盘
386,09:49:16,58.28,268095,46,卖盘
387,09:49:19,58.28,221458,38,买盘
388,09:49:22,58.28,419616,72,买盘
389,09:49:25,58.29,1171575,201,买盘
390,09:49:28,58.28,372995,64,卖盘
391,09:49:31,58.28,359354,62,卖盘
392,09:49:34,58.28,180651,31,卖盘
393,09:49:37,58.27,244753,42,卖盘
394,09:49:40,58.28,337975,58,买盘
395,09:49:43,58.28,221448,38,买盘
396,09:49:46,58.28,402065,69,买盘
397,09:49:49,58.29,4382697,752,买盘
398,09:49:52,58.32,973573,167,买盘
399,09:49:55,58.31,209913,36,买盘
400,09:49:58,58.29,93287,16,卖盘
401,09:50:01,58.3,291443,50,中性盘
402,09:50:04,58.28,454584,78,卖盘
403,09:50:07,58.27,734278,126,卖盘
404,09:50:10,58.27,681817,117,卖盘
405,09:50:13,58.27,209777,36,卖盘
406,09:50:16,58.27,421531,72,卖盘
407,09:50:19,58.29,1239255,213,买盘
408,09:50:22,58.28,332241,57,卖盘
409,09:50:25,58.31,949958,163,买盘
410,09:50:28,58.3,326495,56,中性盘
411,09:50:31,58.32,559765,96,买盘
412,09:50:34,58.32,466571,80,买盘
413,09:50:37,58.34,1125640,193,买盘
414,09:50:40,58.34,17502,3,卖盘
415,09:50:43,58.34,70009,12,卖盘
416,09:50:46,58.33,175012,30,卖盘
417,09:50:49,58.35,1400233,240,买盘
418,09:50:52,58.35,94993,16,买盘
419,09:50:55,58.32,260912,45,卖盘
420,09:50:58,58.35,145849,25,买盘
421,09:51:01,58.33,571709,98,卖盘
422,09:51:04,58.33,384935,66,买盘
423,09:51:07,58.35,1635313,280,买盘
424,09:51:10,58.33,2676632,459,卖盘
425,09:51:13,58.36,1576816,270,买盘
426,09:51:16,58.36,326862,56,卖盘
427,09:51:19,58.36,151746,26,卖盘
428,09:51:22,58.36,291806,50,卖盘
429,09:51:25,58.36,46688,8,买盘
430,09:51:28,58.34,542615,93,卖盘
431,09:51:31,58.32,420023,72,卖盘
432,09:51:34,58.32,2379619,408,卖盘
433,09:51:37,58.29,390605,67,卖盘
434,09:51:40,58.31,221500,38,买盘
435,09:51:43,58.32,413900,71,买盘
436,09:51:46,58.31,139941,24,中性盘
437,09:51:49,58.33,93311,16,买盘
438,09:51:52,58.3,559871,96,卖盘
439,09:51:55,58.35,58337,10,买盘
440,09:51:58,58.35,314941,54,买盘
441,09:52:01,58.33,717743,123,卖盘
442,09:52:04,58.36,99190,17,中性盘
443,09:52:07,58.34,291757,50,卖盘
444,09:52:10,58.35,145861,25,买盘
445,09:52:13,58.35,192544,33,买盘
446,09:52:16,58.35,291762,50,买盘
447,09:52:19,58.35,933569,160,买盘
448,09:52:22,58.35,75854,13,买盘
449,09:52:25,58.35,665244,114,买盘
450,09:52:28,58.37,169246,29,买盘
451,09:52:31,58.36,186754,32,卖盘
452,09:52:34,58.37,140084,24,买盘
453,09:52:37,58.36,566097,97,卖盘
454,09:52:40,58.33,1691971,290,卖盘
455,09:52:43,58.32,297467,51,卖盘
456,09:52:46,58.32,612368,105,卖盘
457,09:52:49,58.34,1160854,199,买盘
458,09:52:52,58.35,46673,8,买盘
459,09:52:55,58.35,624273,107,买盘
460,09:52:58,58.34,350053,60,卖盘
461,09:53:01,58.33,1195978,205,卖盘
462,09:53:04,58.33,2042178,350,卖盘
463,09:53:07,58.32,145802,25,卖盘
464,09:53:10,58.32,338227,58,买盘
465,09:53:13,58.32,1300282,223,买盘
466,09:53:16,58.3,950356,163,卖盘
467,09:53:19,58.32,4031157,691,买盘
468,09:53:22,58.32,93312,16,卖盘
469,09:53:25,58.33,338273,58,买盘
470,09:53:28,58.32,1709009,293,卖盘
471,09:53:31,58.33,303347,52,买盘
472,09:53:34,58.32,262482,45,卖盘
473,09:53:37,58.32,215766,37,买盘
474,09:53:40,58.32,81646,14,买盘
475,09:53:43,58.32,320725,55,买盘
476,09:53:46,58.31,588990,101,卖盘
477,09:53:49,58.32,419830,72,买盘
478,09:53:52,58.32,379032,65,买盘
479,09:53:55,58.31,122470,21,卖盘
480,09:53:58,58.31,198266,34,卖盘
481,09:54:01,58.32,886319,152,买盘
482,09:54:04,58.31,2624668,450,中性盘
483,09:54:07,58.36,1709242,293,买盘
484,09:54:10,58.32,1154886,198,卖盘
485,09:54:13,58.32,297431,51,买盘
486,09:54:16,58.31,157457,27,卖盘
487,09:54:19,58.33,221629,38,买盘
488,09:54:22,58.32,1242333,213,卖盘
489,09:54:25,58.34,99166,17,买盘
490,09:54:28,58.32,536554,92,卖盘
491,09:54:31,58.33,151643,26,中性盘
492,09:54:34,58.32,239149,41,卖盘
493,09:54:37,58.34,717488,123,买盘
494,09:54:40,58.34,163360,28,卖盘
495,09:54:43,58.34,589219,101,卖盘
496,09:54:46,58.32,2029864,348,卖盘
497,09:54:49,58.32,1837259,315,卖盘
498,09:54:52,58.32,1236336,212,买盘
499,09:54:55,58.32,781488,134,买盘
500,09:54:58,58.32,1423103,244,买盘
501,09:55:01,58.32,1032245,177,中性盘
502,09:55:04,58.32,367431,63,卖盘
503,09:55:07,58.33,5833,1,买盘
504,09:55:10,58.32,23330,4,卖盘
505,09:55:13,58.32,163310,28,卖盘
506,09:55:16,58.32,449073,77,卖盘
507,09:55:19,58.32,740708,127,卖盘
508,09:55:22,58.32,653155,112,买盘
509,09:55:25,58.32,180792,31,买盘
510,09:55:28,58.31,367357,63,卖盘
511,09:55:31,58.32,157447,27,买盘
512,09:55:34,58.32,629779,108,买盘
513,09:55:37,58.32,122467,21,买盘
514,09:55:40,58.32,116622,20,买盘
515,09:55:43,58.31,204106,35,卖盘
516,09:55:46,58.31,204097,35,卖盘
517,09:55:49,58.31,46650,8,卖盘
518,09:55:52,58.31,495647,85,卖盘
519,09:55:55,58.31,361561,62,卖盘
520,09:55:58,58.3,565536,97,卖盘
521,09:56:01,58.28,2675939,459,卖盘
522,09:56:04,58.29,204006,35,买盘
523,09:56:07,58.28,1311313,225,卖盘
524,09:56:10,58.29,373023,64,买盘
525,09:56:13,58.28,594488,102,卖盘
526,09:56:16,58.28,343810,59,买盘
527,09:56:19,58.27,145694,25,卖盘
528,09:56:22,58.28,1002416,172,买盘
529,09:56:25,58.28,419622,72,卖盘
530,09:56:28,58.28,209802,36,卖盘
531,09:56:31,58.29,163190,28,买盘
532,09:56:34,58.28,75764,13,卖盘
533,09:56:37,58.28,308879,53,中性盘
534,09:56:40,58.28,1736658,298,买盘
535,09:56:43,58.27,372951,64,卖盘
536,09:56:46,58.28,157339,27,买盘
537,09:56:49,58.28,617650,106,买盘
538,09:56:52,58.28,198140,34,买盘
539,09:56:55,58.27,180640,31,卖盘
540,09:56:58,58.27,390357,67,买盘
541,09:57:01,58.25,3070265,527,卖盘
542,09:57:04,58.25,547554,94,卖盘
543,09:57:07,58.24,2679454,460,卖盘
544,09:57:10,58.24,634786,109,中性盘
545,09:57:13,58.24,64064,11,买盘
546,09:57:16,58.23,1222787,210,卖盘
547,09:57:19,58.22,1746599,300,卖盘
548,09:57:22,58.22,267812,46,买盘
549,09:57:25,58.22,186290,32,中性盘
550,09:57:28,58.21,425005,73,卖盘
551,09:57:31,58.21,1961706,337,卖盘
552,09:57:34,58.22,1327198,228,买盘
553,09:57:37,58.22,326008,56,买盘
554,09:57:40,58.22,203754,35,买盘
555,09:57:43,58.21,809114,139,卖盘
556,09:57:46,58.2,4557269,783,卖盘
557,09:57:49,58.21,1722578,296,买盘
558,09:57:52,58.21,2852284,490,卖盘
559,09:57:55,58.19,744948,128,卖盘
560,09:57:58,58.18,1931600,332,卖盘
561,09:58:01,58.18,447940,77,买盘
562,09:58:04,58.18,1489499,256,买盘
563,09:58:07,58.18,579590,100,买盘
564,09:58:10,58.17,1657872,285,卖盘
565,09:58:13,58.17,1866920,321,买盘
566,09:58:16,58.16,354815,61,卖盘
567,09:58:19,58.16,884141,152,卖盘
568,09:58:22,58.16,482705,83,买盘
569,09:58:25,58.17,1064459,183,买盘
570,09:58:28,58.16,3943298,678,卖盘
571,09:58:31,58.16,482724,83,买盘
572,09:58:34,58.16,1203899,207,买盘
573,09:58:37,58.15,1599274,275,卖盘
574,09:58:40,58.16,1087575,187,买盘
575,09:58:43,58.16,907294,156,买盘
576,09:58:46,58.17,3163595,544,买盘
577,09:58:49,58.16,1302642,224,卖盘
578,09:58:52,58.17,628151,108,买盘
579,09:58:55,58.16,965469,166,卖盘
580,09:58:58,58.14,1947926,335,卖盘
581,09:59:01,58.13,3594323,618,卖盘
582,09:59:04,58.11,3387830,583,卖盘
583,09:59:07,58.12,3492254,601,买盘
584,09:59:10,58.11,3131838,539,卖盘
585,09:59:13,58.1,284719,49,卖盘
586,09:59:16,58.1,1836128,316,卖盘
587,09:59:19,58.1,4618881,795,卖盘
588,09:59:22,58.05,3896457,671,卖盘
589,09:59:25,58.08,1178850,203,买盘
590,09:59:28,58.09,452946,78,中性盘
591,09:59:31,58.08,220686,38,中性盘
592,09:59:34,58.08,557464,96,买盘
593,09:59:37,58.07,1364463,235,卖盘
594,09:59:40,58.06,319326,55,卖盘
595,09:59:43,58.06,2484965,428,买盘
596,09:59:46,58.06,836014,144,买盘
597,09:59:49,58.05,731517,126,卖盘
598,09:59:52,58.05,1718353,296,卖盘
599,09:59:55,58.05,1486104,256,卖盘
600,09:59:58,58.06,1526811,263,买盘
601,10:00:01,58.02,8283076,1427,卖盘
602,10:00:04,58.01,8702352,1500,卖盘
603,10:00:07,57.96,26655549,4596,卖盘
604,10:00:10,57.98,11198999,1933,买盘
605,10:00:13,57.94,5475430,945,卖盘
606,10:00:16,57.95,4003307,691,买盘
607,10:00:19,57.99,2776391,479,买盘
608,10:00:22,57.95,371065,64,卖盘
609,10:00:25,57.99,486990,84,买盘
610,10:00:28,57.98,828998,143,卖盘
611,10:00:31,57.97,376809,65,中性盘
612,10:00:34,57.97,614456,106,中性盘
613,10:00:37,57.97,637721,110,卖盘
614,10:00:40,57.97,846373,146,买盘
615,10:00:43,57.96,533323,92,卖盘
616,10:00:46,57.96,1698468,293,卖盘
617,10:00:49,57.97,382584,66,买盘
618,10:00:52,57.97,823143,142,买盘
619,10:00:55,57.97,556495,96,买盘
620,10:00:58,57.98,405809,70,买盘
621,10:01:01,57.99,1316203,227,买盘
622,10:01:04,57.99,1762975,304,买盘
623,10:01:07,57.98,585622,101,卖盘
624,10:01:10,57.99,1548410,267,买盘
625,10:01:13,57.99,220373,38,卖盘
626,10:01:16,58.0,278357,48,买盘
627,10:01:19,57.99,858395,148,卖盘
628,10:01:22,58.0,591518,102,买盘
629,10:01:25,57.99,887293,153,卖盘
630,10:01:28,57.99,266754,46,卖盘
631,10:01:31,57.99,2087935,360,买盘
632,10:01:34,57.98,811884,140,卖盘
633,10:01:37,58.0,475553,82,买盘
634,10:01:40,57.99,301575,52,卖盘
635,10:01:43,57.98,1629526,281,卖盘
636,10:01:46,57.98,2249681,388,卖盘
637,10:01:49,57.99,701592,121,买盘
638,10:01:52,57.99,1838131,317,买盘
639,10:01:55,57.99,550948,95,卖盘
640,10:01:58,57.98,446505,77,卖盘
641,10:02:01,57.99,185567,32,买盘
642,10:02:04,57.98,1571285,271,卖盘
643,10:02:07,57.98,922025,159,卖盘
644,10:02:10,57.98,510247,88,卖盘
645,10:02:13,57.98,382691,66,卖盘
646,10:02:16,57.99,666873,115,买盘
647,10:02:19,57.99,1495909,258,买盘
648,10:02:22,57.99,724799,125,买盘
649,10:02:25,57.99,284132,49,买盘
650,10:02:28,57.98,226148,39,卖盘
651,10:02:31,57.99,1003227,173,买盘
652,10:02:34,57.99,11598,2,卖盘
653,10:02:37,57.99,266757,46,卖盘
654,10:02:40,58.0,226190,39,买盘
655,10:02:43,57.99,1954385,337,卖盘
656,10:02:46,58.0,463938,80,买盘
657,10:02:49,57.99,330562,57,卖盘
658,10:02:52,58.0,498733,86,买盘
659,10:02:55,57.99,962636,166,卖盘
660,10:02:58,57.99,684280,118,买盘
661,10:03:01,57.98,1925059,332,卖盘
662,10:03:04,57.96,6296114,1086,卖盘
663,10:03:07,57.96,689750,119,卖盘
664,10:03:10,57.96,1970714,340,卖盘
665,10:03:13,57.96,823080,142,卖盘
666,10:03:16,57.95,799790,138,卖盘
667,10:03:19,57.95,1002596,173,卖盘
668,10:03:22,57.96,886681,153,买盘
669,10:03:25,57.96,683906,118,买盘
670,10:03:28,57.96,1164886,201,买盘
671,10:03:31,57.96,747615,129,买盘
672,10:03:34,57.96,915690,158,买盘
673,10:03:37,57.97,318794,55,买盘
674,10:03:40,57.97,5601123,966,买盘
675,10:03:43,57.98,208715,36,中性盘
676,10:03:46,58.01,4855175,837,买盘
677,10:03:49,58.02,512132,88,买盘
678,10:03:52,58.01,799107,138,卖盘
679,10:03:55,57.99,475583,82,卖盘
680,10:03:58,57.98,736537,127,卖盘
681,10:04:01,57.98,516102,89,卖盘
682,10:04:04,58.0,260937,45,买盘
683,10:04:07,58.0,423377,73,买盘
684,10:04:10,58.02,486091,84,买盘
685,10:04:13,58.03,116066,20,中性盘
686,10:04:16,58.03,63831,11,卖盘
687,10:04:19,58.03,440974,76,买盘
688,10:04:22,58.03,986479,170,买盘
689,10:04:25,58.02,371380,64,卖盘
690,10:04:28,58.02,2947982,508,卖盘
691,10:04:31,58.03,481641,83,买盘
692,10:04:34,58.04,3360399,579,买盘
693,10:04:37,58.05,464397,80,买盘
694,10:04:40,58.05,655967,113,买盘
695,10:04:43,58.06,168360,29,买盘
696,10:04:46,58.06,551511,95,买盘
697,10:04:49,58.06,528320,91,买盘
698,10:04:52,58.06,197414,34,卖盘
699,10:04:55,58.08,574897,99,买盘
700,10:04:58,58.07,156792,27,卖盘
701,10:05:01,58.07,365855,63,卖盘
702,10:05:04,58.05,3175836,547,卖盘
703,10:05:07,58.06,899858,155,买盘
704,10:05:10,58.06,406416,70,卖盘
705,10:05:13,58.05,435328,75,中性盘
706,10:05:16,58.04,760352,131,卖盘
707,10:05:19,58.04,75442,13,买盘
708,10:05:22,58.03,324980,56,卖盘
709,10:05:25,58.03,969171,167,卖盘
710,10:05:28,58.03,214701,37,买盘
711,10:05:31,58.02,81236,14,卖盘
712,10:05:34,58.02,1711795,295,卖盘
713,10:05:37,58.03,319162,55,买盘
714,10:05:40,58.02,232113,40,卖盘
715,10:05:43,58.01,388735,67,卖盘
716,10:05:46,58.02,609193,105,买盘
717,10:05:49,58.02,1966745,339,买盘
718,10:05:52,58.02,411930,71,买盘
719,10:05:55,58.02,290088,50,买盘
720,10:05:58,58.02,440918,76,买盘
721,10:06:01,58.01,498929,86,卖盘
722,10:06:04,58.01,800592,138,卖盘
723,10:06:07,58.01,568526,98,卖盘
724,10:06:10,58.02,110237,19,买盘
725,10:06:13,58.01,545334,94,卖盘
726,10:06:16,58.02,719431,124,买盘
727,10:06:19,58.02,765816,132,买盘
728,10:06:22,58.02,371328,64,买盘
729,10:06:25,58.03,493244,85,买盘
730,10:06:28,58.02,319121,55,卖盘
731,10:06:31,58.04,882044,152,买盘
732,10:06:34,58.02,1398312,241,卖盘
733,10:06:37,58.02,516373,89,买盘
734,10:06:40,58.01,168253,29,卖盘
735,10:06:43,58.01,696199,120,卖盘
736,10:06:46,58.01,1578009,272,卖盘
737,10:06:49,58.02,3643129,628,买盘
738,10:06:52,58.02,1560524,269,买盘
739,10:06:55,58.02,916608,158,买盘
740,10:06:58,58.01,1154305,199,卖盘
741,10:07:01,58.0,1212245,209,卖盘
742,10:07:04,58.0,2093901,361,卖盘
743,10:07:07,57.99,1652669,285,卖盘
744,10:07:10,57.97,985674,170,卖盘
745,10:07:13,57.97,1501465,259,卖盘
746,10:07:16,57.96,1767919,305,卖盘
747,10:07:19,57.95,1425826,246,卖盘
748,10:07:22,57.95,2770055,478,卖盘
749,10:07:25,57.94,776465,134,卖盘
750,10:07:28,57.94,139077,24,卖盘
751,10:07:31,57.93,2201529,380,卖盘
752,10:07:34,57.89,17748233,3065,卖盘
753,10:07:37,57.89,3328273,575,卖盘
754,10:07:40,57.88,596194,103,卖盘
755,10:07:43,57.89,850982,147,买盘
756,10:07:46,57.9,520988,90,买盘
757,10:07:49,57.89,497902,86,卖盘
758,10:07:52,57.9,4151391,717,买盘
759,10:07:55,57.9,793210,137,买盘
760,10:07:58,57.9,468992,81,卖盘
761,10:08:01,57.9,335813,58,买盘
762,10:08:04,57.88,2385043,412,卖盘
763,10:08:07,57.89,532542,92,买盘
764,10:08:10,57.89,1505000,260,买盘
765,10:08:13,57.89,532572,92,买盘
766,10:08:16,57.89,457388,79,卖盘
767,10:08:19,57.89,1441292,249,卖盘
768,10:08:22,57.88,3513324,607,卖盘
769,10:08:25,57.9,5256995,908,买盘
770,10:08:28,57.91,3983389,688,买盘
771,10:08:31,57.87,2239994,387,卖盘
772,10:08:34,57.88,1018503,176,买盘
773,10:08:37,57.88,1099568,190,买盘
774,10:08:40,57.86,1620404,280,卖盘
775,10:08:43,57.87,509200,88,买盘
776,10:08:46,57.87,312468,54,买盘
777,10:08:49,57.86,1215089,210,卖盘
778,10:08:52,57.86,566990,98,买盘
779,10:08:55,57.85,1562172,270,卖盘
780,10:08:58,57.86,734741,127,买盘
781,10:09:01,57.85,7678416,1327,卖盘
782,10:09:04,57.83,1330307,230,卖盘
783,10:09:07,57.83,1341735,232,卖盘
784,10:09:10,57.83,2698740,467,买盘
785,10:09:13,57.83,867353,150,买盘
786,10:09:16,57.84,890538,154,买盘
787,10:09:19,57.83,346989,60,中性盘
788,10:09:22,57.84,641927,111,买盘
789,10:09:25,57.84,2487083,430,买盘
790,10:09:28,57.86,1168440,202,买盘
791,10:09:31,57.86,393495,68,卖盘
792,10:09:34,57.88,312537,54,买盘
793,10:09:37,57.89,277797,48,买盘
794,10:09:40,57.87,694487,120,卖盘
795,10:09:43,57.88,902961,156,买盘
796,10:09:46,57.89,219950,38,中性盘
797,10:09:49,57.89,162101,28,卖盘
798,10:09:52,57.89,631031,109,卖盘
799,10:09:55,57.88,347314,60,卖盘
800,10:09:58,57.91,845160,146,买盘
801,10:10:01,57.89,434197,75,卖盘
802,10:10:04,57.9,127380,22,买盘
803,10:10:07,57.89,654298,113,卖盘
804,10:10:10,57.9,283690,49,买盘
805,10:10:13,57.91,642727,111,买盘
806,10:10:16,57.92,2496343,431,买盘
807,10:10:19,57.92,955506,165,卖盘
808,10:10:22,57.92,115846,20,卖盘
809,10:10:25,57.93,104273,18,买盘
810,10:10:28,57.93,173791,30,卖盘
811,10:10:31,57.96,365045,63,买盘
812,10:10:34,57.97,423042,73,买盘
813,10:10:37,57.96,220261,38,卖盘
814,10:10:40,57.97,139123,24,买盘
815,10:10:43,57.96,307183,53,卖盘
816,10:10:46,57.96,463683,80,买盘
817,10:10:49,57.97,347815,60,买盘
818,10:10:52,57.95,1135870,196,卖盘
819,10:10:55,57.96,446282,77,买盘
820,10:10:58,57.96,220233,38,卖盘
821,10:11:01,57.95,231860,40,卖盘
822,10:11:04,57.96,202883,35,中性盘
823,10:11:07,57.97,365144,63,买盘
824,10:11:10,57.97,289810,50,买盘
825,10:11:13,57.97,46381,8,中性盘
826,10:11:16,57.96,1257754,217,卖盘
827,10:11:19,57.96,683984,118,买盘
828,10:11:22,57.96,1037429,179,卖盘
829,10:11:25,57.96,712908,123,买盘
830,10:11:28,57.96,736085,127,买盘
831,10:11:31,57.97,2394141,413,买盘
832,10:11:34,57.97,376822,65,中性盘
833,10:11:37,57.96,817412,141,卖盘
834,10:11:40,57.98,57979,10,买盘
835,10:11:43,57.97,324656,56,卖盘
836,10:11:46,57.99,243509,42,买盘
837,10:11:49,57.97,115945,20,卖盘
838,10:11:52,57.97,63770,11,卖盘
839,10:11:55,57.98,2191620,378,买盘
840,10:11:58,58.0,1931070,333,买盘
841,10:12:01,57.99,806063,139,买盘
842,10:12:04,57.99,144975,25,买盘
843,10:12:07,58.0,150780,26,买盘
844,10:12:10,58.01,7229193,1246,买盘
845,10:12:13,58.0,3265020,563,卖盘
846,10:12:16,58.0,452464,78,卖盘
847,10:12:19,58.01,40607,7,买盘
848,10:12:22,58.01,110221,19,买盘
849,10:12:25,58.01,800488,138,卖盘
850,10:12:28,58.02,1560720,269,买盘
851,10:12:31,58.02,58023,10,卖盘
852,10:12:34,58.02,562100,97,卖盘
853,10:12:37,58.01,382951,66,卖盘
854,10:12:40,58.03,185672,32,买盘
855,10:12:43,58.02,104436,18,买盘
856,10:12:46,58.0,150831,26,卖盘
857,10:12:49,57.99,916424,158,卖盘
858,10:12:52,58.0,405953,70,买盘
859,10:12:55,58.0,608999,105,买盘
860,10:12:58,57.99,1368572,236,卖盘
861,10:13:01,57.98,127571,22,卖盘
862,10:13:04,58.04,4821386,831,买盘
863,10:13:07,58.02,487470,84,卖盘
864,10:13:10,58.05,46425,8,买盘
865,10:13:13,58.07,104510,18,买盘
866,10:13:16,58.08,180004,31,买盘
867,10:13:19,58.06,156786,27,卖盘
868,10:13:22,58.07,267087,46,买盘
869,10:13:25,58.07,336761,58,买盘
870,10:13:28,58.05,191601,33,卖盘
871,10:13:31,58.05,174153,30,卖盘
872,10:13:34,58.04,139317,24,卖盘
873,10:13:37,58.04,92866,16,卖盘
874,10:13:40,58.04,127689,22,卖盘
875,10:13:43,58.05,1474199,254,买盘
876,10:13:46,58.04,150922,26,卖盘
877,10:13:49,58.05,203174,35,买盘
878,10:13:52,58.04,255394,44,卖盘
879,10:13:55,58.05,371494,64,买盘
880,10:13:58,58.05,168324,29,买盘
881,10:14:01,58.04,220566,38,卖盘
882,10:14:04,58.04,829942,143,买盘
883,10:14:07,58.05,1213224,209,买盘
884,10:14:10,58.03,87071,15,卖盘
885,10:14:13,58.01,290161,50,卖盘
886,10:14:16,58.04,17412,3,买盘
887,10:14:19,58.04,52228,9,买盘
888,10:14:22,58.08,2496673,430,买盘
889,10:14:25,58.07,110345,19,卖盘
890,10:14:28,58.07,197439,34,卖盘
891,10:14:31,58.07,121936,21,买盘
892,10:14:34,58.07,818832,141,买盘
893,10:14:37,58.07,220569,38,中性盘
894,10:14:40,58.06,75468,13,买盘
895,10:14:43,58.06,34833,6,中性盘
896,10:14:46,58.07,359949,62,买盘
897,10:14:49,58.08,17424,3,买盘
898,10:14:52,58.07,29036,5,卖盘
899,10:14:55,58.07,168414,29,卖盘
900,10:14:58,58.08,87119,15,买盘
901,10:15:01,58.08,551924,95,卖盘
902,10:15:04,58.09,92931,16,买盘
903,10:15:07,58.08,464649,80,卖盘
904,10:15:10,58.08,87131,15,中性盘
905,10:15:13,58.09,650582,112,买盘
906,10:15:16,58.09,34854,6,卖盘
907,10:15:19,58.1,644870,111,买盘
908,10:15:22,58.09,226553,39,卖盘
909,10:15:25,58.1,226589,39,买盘
910,10:15:28,58.1,2399095,413,买盘
911,10:15:31,58.1,197537,34,买盘
912,10:15:34,58.09,104560,18,卖盘
913,10:15:37,58.1,354336,61,买盘
914,10:15:40,58.09,180085,31,中性盘
915,10:15:43,58.09,92951,16,买盘
916,10:15:46,58.08,557598,96,卖盘
917,10:15:49,58.1,244014,42,买盘
918,10:15:52,58.1,273042,47,买盘
919,10:15:55,58.11,203368,35,买盘
920,10:15:58,58.11,464830,80,买盘
921,10:16:01,58.11,1109890,191,买盘
922,10:16:04,58.11,1319283,227,卖盘
923,10:16:07,58.13,493947,85,买盘
924,10:16:10,58.1,75536,13,卖盘
925,10:16:13,58.1,325391,56,卖盘
926,10:16:16,58.1,400901,69,卖盘
927,10:16:19,58.11,435757,75,买盘
928,10:16:22,58.1,122004,21,卖盘
929,10:16:25,58.09,92955,16,卖盘
930,10:16:28,58.1,400884,69,买盘
931,10:16:31,58.08,604030,104,卖盘
932,10:16:34,58.05,429667,74,卖盘
933,10:16:37,58.06,389002,67,中性盘
934,10:16:40,58.05,417962,72,卖盘
935,10:16:43,58.05,963663,166,中性盘
936,10:16:46,58.06,1834424,316,买盘
937,10:16:49,58.06,208965,36,中性盘
938,10:16:52,58.07,75480,13,买盘
939,10:16:55,58.06,17418,3,卖盘
940,10:16:58,58.05,29028,5,卖盘
941,10:17:01,58.06,58059,10,买盘
942,10:17:04,58.04,255420,44,卖盘
943,10:17:07,58.03,34825,6,卖盘
944,10:17:10,58.03,481685,83,卖盘
945,10:17:13,58.04,406218,70,买盘
946,10:17:16,58.03,295964,51,中性盘
947,10:17:19,58.04,731194,126,买盘
948,10:17:22,58.04,249597,43,卖盘
949,10:17:25,58.05,336686,58,买盘
950,10:17:28,58.04,81263,14,卖盘
951,10:17:31,58.04,92879,16,卖盘
952,10:17:34,58.05,87065,15,买盘
953,10:17:37,58.04,92864,16,卖盘
954,10:17:40,58.05,63845,11,买盘
955,10:17:43,58.04,104467,18,卖盘
956,10:17:46,58.04,179923,31,买盘
957,10:17:49,58.03,876350,151,卖盘
958,10:17:52,58.02,162484,28,卖盘
959,10:17:55,58.03,81236,14,买盘
960,10:17:58,58.04,2135597,368,买盘
961,10:18:01,58.04,156723,27,卖盘
962,10:18:04,58.03,342392,59,卖盘
963,10:18:07,58.04,11608,2,买盘
964,10:18:10,58.03,191499,33,卖盘
965,10:18:13,58.04,226320,39,买盘
966,10:18:16,58.03,400431,69,卖盘
967,10:18:19,58.02,510675,88,卖盘
968,10:18:22,58.02,156659,27,卖盘
969,10:18:25,58.0,6679471,1151,卖盘
970,10:18:28,58.0,98614,17,卖盘
971,10:18:31,58.0,34805,6,卖盘
972,10:18:34,58.01,81209,14,买盘
973,10:18:37,58.01,156629,27,卖盘
974,10:18:40,58.01,226240,39,卖盘
975,10:18:43,58.01,261045,45,卖盘
976,10:18:46,58.01,1658822,286,卖盘
977,10:18:49,57.98,481346,83,卖盘
978,10:18:52,57.97,127556,22,卖盘
979,10:18:55,57.97,98549,17,卖盘
980,10:18:58,57.98,539127,93,买盘
981,10:19:01,57.97,962526,166,卖盘
982,10:19:04,57.97,486957,84,卖盘
983,10:19:07,57.98,359414,62,买盘
984,10:19:10,57.98,742058,128,买盘
985,10:19:13,57.97,104333,18,中性盘
986,10:19:16,57.96,11593,2,卖盘
987,10:19:19,57.96,208667,36,卖盘
988,10:19:22,57.95,1124363,194,卖盘
989,10:19:25,57.94,394062,68,卖盘
990,10:19:28,57.95,17385,3,中性盘
991,10:19:31,57.94,411384,71,卖盘
992,10:19:34,57.94,168029,29,卖盘
993,10:19:37,57.94,139055,24,卖盘
994,10:19:40,57.94,260700,45,买盘
995,10:19:43,57.93,46351,8,卖盘
996,10:19:46,57.93,4258268,735,卖盘
997,10:19:49,57.93,214341,37,买盘
998,10:19:52,57.93,330201,57,买盘
999,10:19:55,57.92,266473,46,卖盘
1000,10:19:58,57.93,156406,27,买盘
1001,10:20:01,57.92,156398,27,卖盘
1002,10:20:04,57.93,295400,51,买盘
1003,10:20:07,57.92,689249,119,卖盘
1004,10:20:10,57.93,521290,90,买盘
1005,10:20:13,57.92,1882223,325,卖盘
1006,10:20:16,57.91,915116,158,卖盘
1007,10:20:19,57.93,1175808,203,买盘
1008,10:20:22,57.93,671985,116,买盘
1009,10:20:25,57.92,1117861,193,卖盘
1010,10:20:28,57.92,3653715,631,买盘
1011,10:20:31,57.92,133204,23,买盘
1012,10:20:34,57.91,214303,37,卖盘
1013,10:20:37,57.92,2507935,433,买盘
1014,10:20:40,57.92,110050,19,卖盘
1015,10:20:43,57.92,225911,39,卖盘
1016,10:20:46,57.93,741455,128,买盘
1017,10:20:49,57.93,573501,99,买盘
1018,10:20:52,57.93,69515,12,买盘
1019,10:20:55,57.93,220107,38,买盘
1020,10:20:58,57.92,677766,117,卖盘
1021,10:21:01,57.93,370713,64,买盘
1022,10:21:04,57.95,3088195,533,买盘
1023,10:21:07,57.93,538867,93,卖盘
1024,10:21:10,57.93,144825,25,卖盘
1025,10:21:13,57.92,747293,129,卖盘
1026,10:21:16,57.93,556128,96,买盘
1027,10:21:19,57.93,289639,50,买盘
1028,10:21:22,57.92,1100530,190,卖盘
1029,10:21:25,57.93,75309,13,买盘
1030,10:21:28,57.92,793613,137,卖盘
1031,10:21:31,57.92,996228,172,卖盘
1032,10:21:34,57.91,81087,14,卖盘
1033,10:21:37,57.92,63703,11,买盘
1034,10:21:40,57.91,173735,30,卖盘
1035,10:21:43,57.91,654385,113,卖盘
1036,10:21:46,57.91,1887872,326,卖盘
1037,10:21:49,57.9,2889537,499,卖盘
1038,10:21:52,57.89,3387370,585,卖盘
1039,10:21:55,57.91,69491,12,买盘
1040,10:21:58,57.9,17371,3,卖盘
1041,10:22:01,57.89,248969,43,卖盘
1042,10:22:04,57.9,138947,24,买盘
1043,10:22:07,57.89,301037,52,卖盘
1044,10:22:10,57.89,144735,25,卖盘
1045,10:22:13,57.9,34739,6,买盘
1046,10:22:16,57.89,52106,9,卖盘
1047,10:22:19,57.89,428397,74,卖盘
1048,10:22:22,57.89,347384,60,卖盘
1049,10:22:25,57.89,318411,55,卖盘
1050,10:22:28,57.89,92625,16,卖盘
1051,10:22:31,57.89,1076771,186,卖盘
1052,10:22:34,57.89,133147,23,卖盘
1053,10:22:37,57.9,758461,131,买盘
1054,10:22:40,57.89,243165,42,卖盘
1055,10:22:43,57.89,521023,90,卖盘
1056,10:22:46,57.89,793155,137,卖盘
1057,10:22:49,57.9,827838,143,买盘
1058,10:22:52,57.9,688921,119,买盘
1059,10:22:55,57.89,694711,120,卖盘
1060,10:22:58,57.9,144747,25,买盘
1061,10:23:01,57.88,879927,152,卖盘
1062,10:23:04,57.88,1209796,209,卖盘
1063,10:23:07,57.88,1348809,233,卖盘
1064,10:23:10,57.89,1186711,205,买盘
1065,10:23:13,57.9,642642,111,买盘
1066,10:23:16,57.9,1140560,197,买盘
1067,10:23:19,57.9,92641,16,卖盘
1068,10:23:25,57.91,196877,34,买盘
1069,10:23:28,57.9,231621,40,卖盘
1070,10:23:31,57.91,712189,123,买盘
1071,10:23:34,57.91,1262417,218,买盘
1072,10:23:37,57.91,1181164,204,买盘
1073,10:23:40,57.89,370576,64,卖盘
1074,10:23:43,57.91,631121,109,买盘
1075,10:23:46,57.91,28955,5,买盘
1076,10:23:49,57.91,23164,4,买盘
1077,10:23:52,57.91,1528823,264,买盘
1078,10:23:55,57.91,370584,64,中性盘
1079,10:23:58,57.91,411120,71,买盘
1080,10:24:01,57.91,237431,41,买盘
1081,10:24:04,57.95,4228042,730,买盘
1082,10:24:07,57.93,139077,24,卖盘
1083,10:24:10,57.95,34770,6,买盘
1084,10:24:13,57.94,52140,9,买盘
1085,10:24:16,57.93,689470,119,卖盘
1086,10:24:19,57.93,34762,6,卖盘
1087,10:24:22,57.94,168026,29,买盘
1088,10:24:25,57.94,104290,18,买盘
1089,10:24:28,57.93,28969,5,卖盘
1090,10:24:31,57.93,98491,17,卖盘
1091,10:24:34,57.93,1037098,179,卖盘
1092,10:24:37,57.93,86895,15,买盘
1093,10:24:40,57.93,208574,36,中性盘
1094,10:24:43,57.93,278023,48,买盘
1095,10:24:46,57.92,121637,21,卖盘
1096,10:24:49,57.93,208529,36,买盘
1097,10:24:52,57.92,347570,60,卖盘
1098,10:24:55,57.92,81100,14,卖盘
1099,10:24:58,57.93,179565,31,买盘
1100,10:25:01,57.92,150605,26,卖盘
1101,10:25:04,57.93,28964,5,买盘
1102,10:25:07,57.93,880472,152,买盘
1103,10:25:10,57.93,475026,82,卖盘
1104,10:25:13,57.93,127446,22,卖盘
1105,10:25:16,57.94,75322,13,买盘
1106,10:25:19,57.94,1187716,205,买盘
1107,10:25:22,57.93,173813,30,卖盘
1108,10:25:25,57.93,318616,55,卖盘
1109,10:25:28,57.93,324408,56,买盘
1110,10:25:31,57.93,34755,6,买盘
1111,10:25:34,57.93,23169,4,买盘
1112,10:25:37,57.93,364942,63,买盘
1113,10:25:40,57.93,75302,13,买盘
1114,10:25:43,57.92,75306,13,卖盘
1115,10:25:46,57.92,440230,76,卖盘
1116,10:25:49,57.92,822505,142,卖盘
1117,10:25:52,57.93,133219,23,买盘
1118,10:25:55,57.93,40551,7,买盘
1119,10:25:58,57.93,173789,30,买盘
1120,10:26:01,57.93,75301,13,买盘
1121,10:26:04,57.92,1425045,246,卖盘
1122,10:26:07,57.93,556128,96,买盘
1123,10:26:10,57.93,98474,17,买盘
1124,10:26:13,57.92,162177,28,卖盘
1125,10:26:16,57.92,335936,58,买盘
1126,10:26:19,57.92,278001,48,卖盘
1127,10:26:22,57.92,301214,52,卖盘
1128,10:26:25,57.92,139009,24,卖盘
1129,10:26:28,57.92,57922,10,卖盘
1130,10:26:31,57.92,393856,68,买盘
1131,10:26:34,57.92,144780,25,买盘
1132,10:26:37,57.92,98450,17,买盘
1133,10:26:40,57.92,185320,32,买盘
1134,10:26:43,57.92,677557,117,买盘
1135,10:26:46,57.91,162160,28,卖盘
1136,10:26:49,57.9,2397471,414,卖盘
1137,10:26:52,57.91,115819,20,买盘
1138,10:26:55,57.9,98444,17,卖盘
1139,10:26:58,57.93,5271087,910,买盘
1140,10:27:01,57.91,11582,2,买盘
1141,10:27:04,57.91,405348,70,买盘
1142,10:27:07,57.9,81068,14,卖盘
1143,10:27:10,57.91,509607,88,买盘
1144,10:27:13,57.93,359051,62,买盘
1145,10:27:16,57.91,63717,11,卖盘
1146,10:27:19,57.92,46331,8,买盘
1147,10:27:22,57.91,23164,4,卖盘
1148,10:27:25,57.92,353309,61,买盘
1149,10:27:28,57.92,637140,110,买盘
1150,10:27:31,57.92,150620,26,卖盘
1151,10:27:34,57.94,643107,111,买盘
1152,10:27:37,57.93,440270,76,卖盘
1153,10:27:40,57.94,220139,38,买盘
1154,10:27:43,57.94,40556,7,买盘
1155,10:27:46,57.93,272311,47,卖盘
1156,10:27:49,57.93,72412,13,买盘
1157,10:27:52,57.93,5793,1,卖盘
1158,10:27:55,57.94,81106,14,买盘
1159,10:27:58,57.94,5794,1,卖盘
1160,10:28:01,57.95,17385,3,买盘
1161,10:28:04,57.94,434616,75,卖盘
1162,10:28:07,57.95,295542,51,买盘
1163,10:28:10,57.96,139084,24,买盘
1164,10:28:13,57.96,110123,19,买盘
1165,10:28:16,57.97,11593,2,买盘
1166,10:28:19,57.95,318755,55,卖盘
1167,10:28:22,57.97,17391,3,买盘
1168,10:28:25,57.96,626024,108,中性盘
1169,10:28:28,57.96,185461,32,买盘
1170,10:28:31,57.96,11592,2,卖盘
1171,10:28:34,57.97,23188,4,买盘
1172,10:28:37,57.97,573862,99,买盘
1173,10:28:40,57.97,208692,36,买盘
1174,10:28:43,57.99,1153677,199,买盘
1175,10:28:46,57.99,75373,13,买盘
1176,10:28:49,57.99,75387,13,买盘
1177,10:28:52,58.0,313182,54,买盘
1178,10:28:55,58.0,40598,7,买盘
1179,10:28:58,58.0,214600,37,买盘
1180,10:29:01,58.0,434945,75,买盘
1181,10:29:04,57.99,313166,54,卖盘
1182,10:29:07,57.99,492937,85,卖盘
1183,10:29:10,57.99,672684,116,卖盘
1184,10:29:13,57.99,359527,62,买盘
1185,10:29:16,57.98,46391,8,中性盘
1186,10:29:19,57.99,144994,25,中性盘
1187,10:29:22,57.98,255152,44,卖盘
1188,10:29:25,58.0,127579,22,买盘
1189,10:29:28,57.99,28999,5,中性盘
1190,10:29:31,58.0,220400,38,买盘
1191,10:29:34,58.0,371180,64,买盘
1192,10:29:37,57.98,498630,86,卖盘
1193,10:29:40,57.98,75367,13,买盘
1194,10:29:43,57.98,220351,38,买盘
1195,10:29:46,57.98,28987,5,买盘
1196,10:29:49,57.98,4488897,774,中性盘
1197,10:29:52,58.0,585818,101,中性盘
1198,10:29:55,58.0,127602,22,卖盘
1199,10:29:58,58.01,179924,31,中性盘
1200,10:30:01,58.02,563081,97,卖盘
1201,10:30:04,58.02,441207,76,卖盘
1202,10:30:07,58.08,487593,84,买盘
1203,10:30:10,58.02,179900,31,卖盘
1204,10:30:13,58.06,75465,13,买盘
1205,10:30:16,58.08,1027806,177,买盘
1206,10:30:19,58.08,214879,37,买盘
1207,10:30:22,58.09,458804,79,买盘
1208,10:30:25,58.08,58070,10,中性盘
1209,10:30:28,58.09,336831,58,买盘
1210,10:30:31,58.09,168444,29,买盘
1211,10:30:34,58.07,46462,8,中性盘
1212,10:30:37,58.11,1005135,173,买盘
1213,10:30:40,58.12,133663,23,买盘
1214,10:30:43,58.12,180154,31,买盘
1215,10:30:46,58.12,639314,110,买盘
1216,10:30:49,58.14,249974,43,买盘
1217,10:30:52,58.13,11626,2,卖盘
1218,10:30:55,58.15,17444,3,买盘
1219,10:30:58,58.13,52330,9,卖盘
1220,10:31:01,58.14,552260,95,买盘
1221,10:31:04,58.11,650941,112,卖盘
1222,10:31:07,58.11,505347,87,买盘
1223,10:31:10,58.1,40672,7,中性盘
1224,10:31:13,58.11,720350,124,买盘
1225,10:31:16,58.09,46477,8,中性盘
1226,10:31:19,58.13,209200,36,买盘
1227,10:31:22,58.1,11618,2,中性盘
1228,10:31:25,58.09,197520,34,卖盘
1229,10:31:28,58.1,307911,53,买盘
1230,10:31:31,58.11,92967,16,买盘
1231,10:31:34,58.12,308032,53,买盘
1232,10:31:37,58.13,69754,12,买盘
1233,10:31:40,58.12,267354,46,卖盘
1234,10:31:43,58.12,162740,28,卖盘
1235,10:31:46,58.13,220861,38,买盘
1236,10:31:49,58.13,104627,18,买盘
1237,10:31:52,58.11,122058,21,卖盘
1238,10:31:55,58.12,209230,36,卖盘
1239,10:31:58,58.13,75556,13,买盘
1240,10:32:01,58.13,46618,8,买盘
1241,10:32:04,58.13,145325,25,卖盘
1242,10:32:07,58.13,191857,33,卖盘
1243,10:32:10,58.14,325541,56,买盘
1244,10:32:13,58.14,197688,34,卖盘
1245,10:32:16,58.14,261656,45,卖盘
1246,10:32:19,58.13,331396,57,卖盘
1247,10:32:22,58.15,6302590,1084,买盘
1248,10:32:25,58.11,232461,40,卖盘
1249,10:32:28,58.11,325392,56,买盘
1250,10:32:31,58.12,104587,18,买盘
1251,10:32:34,58.11,313819,54,卖盘
1252,10:32:37,58.1,185927,32,卖盘
1253,10:32:40,58.1,145259,25,卖盘
1254,10:32:43,58.1,293302,50,卖盘
1255,10:32:46,58.1,223803,39,卖盘
1256,10:32:49,58.1,383402,66,买盘
1257,10:32:52,58.1,34859,6,买盘
1258,10:32:55,58.1,168499,29,买盘
1259,10:32:58,58.11,551921,95,买盘
1260,10:33:01,58.11,284721,49,买盘
1261,10:33:04,58.09,180113,31,卖盘
1262,10:33:07,58.08,847778,146,卖盘
1263,10:33:10,58.05,1050283,181,中性盘
1264,10:33:13,58.07,423877,73,买盘
1265,10:33:16,58.07,52269,9,卖盘
1266,10:33:19,58.07,87110,15,买盘
1267,10:33:22,58.07,52263,9,买盘
1268,10:33:25,58.07,150976,26,买盘
1269,10:33:28,58.08,656204,113,买盘
1270,10:33:31,58.1,313679,54,买盘
1271,10:33:37,58.08,993614,171,卖盘
1272,10:33:40,58.11,203362,35,买盘
1273,10:33:43,58.1,354428,61,买盘
1274,10:33:46,58.13,302184,52,买盘
1275,10:33:49,58.11,122022,21,中性盘
1276,10:33:52,58.13,796276,137,买盘
1277,10:33:55,58.11,581100,100,卖盘
1278,10:33:58,58.14,1168779,201,买盘
1279,10:34:01,58.13,1064367,183,卖盘
1280,10:34:04,58.15,93055,16,中性盘
1281,10:34:07,58.14,762120,131,卖盘
1282,10:34:10,58.14,290813,50,卖盘
1283,10:34:13,58.14,1716254,295,卖盘
1284,10:34:16,58.16,81429,14,中性盘
1285,10:34:19,58.16,104670,18,买盘
1286,10:34:22,58.17,168694,29,买盘
1287,10:34:25,58.18,744606,128,买盘
1288,10:34:28,58.15,220980,38,中性盘
1289,10:34:31,58.15,657107,113,买盘
1290,10:34:34,58.16,58156,10,买盘
1291,10:34:37,58.16,279182,48,买盘
1292,10:34:40,58.18,424675,73,买盘
1293,10:34:43,58.17,605063,104,中性盘
1294,10:34:46,58.19,593441,102,买盘
1295,10:34:49,58.2,692542,119,买盘
1296,10:34:52,58.21,1297870,223,买盘
1297,10:34:55,58.21,133877,23,买盘
1298,10:34:58,58.21,413291,71,买盘
1299,10:35:01,58.2,325967,56,卖盘
1300,10:35:04,58.21,29103,5,中性盘
1301,10:35:07,58.22,139693,24,买盘
1302,10:35:10,58.18,1146517,197,卖盘
1303,10:35:13,58.17,255978,44,卖盘
1304,10:35:16,58.16,447832,77,卖盘
1305,10:35:19,58.18,267544,46,买盘
1306,10:35:22,58.16,610584,105,中性盘
1307,10:35:25,58.17,122155,21,买盘
1308,10:35:28,58.17,145423,25,买盘
1309,10:35:31,58.17,34902,6,卖盘
1310,10:35:34,58.17,34906,6,卖盘
1311,10:35:37,58.17,191973,33,卖盘
1312,10:35:40,58.18,215268,37,买盘
1313,10:35:43,58.18,226906,39,卖盘
1314,10:35:46,58.18,52363,9,卖盘
1315,10:35:49,58.18,378170,65,卖盘
1316,10:35:52,58.18,29090,5,买盘
1317,10:35:55,58.18,17454,3,卖盘
1318,10:35:58,58.18,151277,26,卖盘
1319,10:36:01,58.19,5819,1,买盘
1320,10:36:04,58.18,238502,41,买盘
1321,10:36:07,58.17,34906,6,卖盘
1322,10:36:10,58.18,145456,25,买盘
1323,10:36:13,58.17,52360,9,卖盘
1324,10:36:16,58.19,139653,24,买盘
1325,10:36:19,58.19,157119,27,卖盘
1326,10:36:22,58.18,244405,42,卖盘
1327,10:36:25,58.2,87298,15,买盘
1328,10:36:28,58.2,116395,20,买盘
1329,10:36:31,58.2,215324,37,买盘
1330,10:36:34,58.19,104738,18,中性盘
1331,10:36:37,58.2,244423,42,买盘
1332,10:36:40,58.2,162937,28,买盘
1333,10:36:43,58.2,116379,20,买盘
1334,10:36:46,58.2,675047,116,买盘
1335,10:36:49,58.2,93111,16,买盘
1336,10:36:52,58.18,867078,149,卖盘
1337,10:36:55,58.19,1460338,251,买盘
1338,10:36:58,58.17,331512,57,买盘
1339,10:37:01,58.16,517550,89,中性盘
1340,10:37:04,58.19,69811,12,买盘
1341,10:37:07,58.17,11634,2,卖盘
1342,10:37:10,58.18,58176,10,买盘
1343,10:37:13,58.17,34903,6,卖盘
1344,10:37:16,58.17,81441,14,卖盘
1345,10:37:19,58.17,232700,40,卖盘
1346,10:37:22,58.18,116371,20,中性盘
1347,10:37:25,58.19,122193,21,买盘
1348,10:37:28,58.18,395692,68,卖盘
1349,10:37:31,58.19,226926,39,买盘
1350,10:37:34,58.2,122212,21,买盘
1351,10:37:37,58.2,58193,10,买盘
1352,10:37:40,58.2,139676,24,买盘
1353,10:37:43,58.22,413316,71,买盘
1354,10:37:46,58.22,29103,5,买盘
1355,10:37:49,58.19,843879,145,卖盘
1356,10:37:52,58.17,389777,67,卖盘
1357,10:37:55,58.19,46550,8,买盘
1358,10:37:58,58.17,657326,113,中性盘
1359,10:38:01,58.18,244287,42,中性盘
1360,10:38:04,58.18,58177,10,买盘
1361,10:38:07,58.17,127983,22,卖盘
1362,10:38:10,58.17,29089,5,中性盘
1363,10:38:13,58.18,93081,16,买盘
1364,10:38:16,58.19,29094,5,买盘
1365,10:38:19,58.16,552671,95,卖盘
1366,10:38:22,58.19,34915,6,中性盘
1367,10:38:25,58.17,69815,12,卖盘
1368,10:38:28,58.16,127973,22,卖盘
1369,10:38:31,58.15,889705,153,卖盘
1370,10:38:34,58.14,1313902,226,卖盘
1371,10:38:37,58.12,156885,27,中性盘
1372,10:38:40,58.14,767196,132,买盘
1373,10:38:43,58.12,767344,132,卖盘
1374,10:38:46,58.14,337107,58,买盘
1375,10:38:49,58.14,191811,33,买盘
1376,10:38:52,58.12,470720,81,中性盘
1377,10:38:55,58.13,360292,62,买盘
1378,10:38:58,58.13,447433,77,买盘
1379,10:39:01,58.1,162671,28,卖盘
1380,10:39:04,58.1,145242,25,中性盘
1381,10:39:07,58.09,197541,34,卖盘
1382,10:39:10,58.09,145211,25,中性盘
1383,10:39:13,58.1,232361,40,买盘
1384,10:39:16,58.09,197505,34,中性盘
1385,10:39:19,58.09,40663,7,买盘
1386,10:39:22,58.1,197522,34,买盘
1387,10:39:25,58.1,5810,1,买盘
1388,10:39:28,58.09,92953,16,卖盘
1389,10:39:31,58.1,75520,13,买盘
1390,10:39:34,58.08,389181,67,卖盘
1391,10:39:37,58.09,162672,28,中性盘
1392,10:39:40,58.08,121954,21,中性盘
1393,10:39:43,58.07,214837,37,卖盘
1394,10:39:46,58.07,81297,14,买盘
1395,10:39:49,58.06,179990,31,卖盘
1396,10:39:52,58.05,481599,83,卖盘
1397,10:39:55,58.04,1248071,215,中性盘
1398,10:39:58,58.01,1032919,178,卖盘
1399,10:40:01,58.03,232137,40,中性盘
1400,10:40:04,58.02,237882,41,中性盘
1401,10:40:07,58.02,568500,98,卖盘
1402,10:40:10,58.02,394462,68,买盘
1403,10:40:13,58.02,40611,7,买盘
1404,10:40:16,58.02,174060,30,买盘
1405,10:40:19,58.02,11605,2,中性盘
1406,10:40:22,58.04,632467,109,买盘
1407,10:40:25,58.02,11604,2,卖盘
1408,10:40:28,58.04,261172,45,买盘
1409,10:40:31,58.02,127665,22,卖盘
1410,10:40:34,58.03,127680,22,买盘
1411,10:40:37,58.03,156681,27,买盘
1412,10:40:40,58.03,34818,6,买盘
1413,10:40:43,58.04,92857,16,买盘
1414,10:40:46,58.04,63843,11,买盘
1415,10:40:49,58.04,174099,30,买盘
1416,10:40:52,58.03,58030,10,中性盘
1417,10:40:55,58.03,52227,9,买盘
1418,10:40:58,58.03,75439,13,买盘
1419,10:41:01,58.04,23215,4,买盘
1420,10:41:04,58.03,69637,12,卖盘
1421,10:41:07,58.03,116079,20,卖盘
1422,10:41:10,58.04,81255,14,买盘
1423,10:41:13,58.03,104459,18,卖盘
1424,10:41:16,58.04,104470,18,买盘
1425,10:41:19,58.04,191525,33,买盘
1426,10:41:22,58.04,81256,14,买盘
1427,10:41:25,58.03,377205,65,卖盘
1428,10:41:28,58.02,197286,34,卖盘
1429,10:41:31,58.03,261119,45,买盘
1430,10:41:34,58.02,1375035,237,卖盘
1431,10:41:37,58.02,342316,59,买盘
1432,10:41:40,58.01,174040,30,卖盘
1433,10:41:43,58.02,145050,25,买盘
1434,10:41:46,58.01,11602,2,卖盘
1435,10:41:49,58.02,261055,45,买盘
1436,10:41:52,58.02,174038,30,买盘
1437,10:41:55,58.01,34806,6,卖盘
1438,10:41:58,58.01,40611,7,卖盘
1439,10:42:01,58.02,197258,34,买盘
1440,10:42:04,58.03,371324,64,买盘
1441,10:42:07,58.03,23212,4,买盘
1442,10:42:10,58.03,5803,1,中性盘
1443,10:42:13,58.01,290108,50,卖盘
1444,10:42:16,58.01,1160112,200,卖盘
1445,10:42:19,58.0,2076401,358,卖盘
1446,10:42:22,57.99,1171369,202,中性盘
1447,10:42:25,58.0,1177375,203,买盘
1448,10:42:28,57.99,226147,39,中性盘
1449,10:42:31,58.02,469707,81,买盘
1450,10:42:37,58.0,591503,102,中性盘
1451,10:42:40,58.0,92800,16,买盘
1452,10:42:43,58.0,75397,13,买盘
1453,10:42:46,58.0,237768,41,买盘
1454,10:42:49,58.0,255161,44,买盘
1455,10:42:52,58.0,289974,50,买盘
1456,10:42:55,58.0,144997,25,买盘
1457,10:42:58,58.0,220396,38,买盘
1458,10:43:01,58.0,202970,35,买盘
1459,10:43:04,57.99,666940,115,卖盘
1460,10:43:07,58.0,249397,43,买盘
1461,10:43:10,58.0,208799,36,买盘
1462,10:43:13,58.04,1374833,237,买盘
1463,10:43:16,58.03,179922,31,卖盘
1464,10:43:19,58.02,81217,14,中性盘
1465,10:43:22,58.02,63821,11,买盘
1466,10:43:25,58.02,69622,12,买盘
1467,10:43:28,58.02,40614,7,买盘
1468,10:43:31,58.02,40614,7,买盘
1469,10:43:34,58.02,92831,16,买盘
1470,10:43:37,58.02,81225,14,买盘
1471,10:43:40,58.02,185664,32,买盘
1472,10:43:43,58.04,603432,104,买盘
1473,10:43:46,58.03,266938,46,中性盘
1474,10:43:49,58.04,52238,9,卖盘
1475,10:43:52,58.05,58048,10,买盘
1476,10:43:55,58.05,133492,23,买盘
1477,10:43:58,58.05,46438,8,买盘
1478,10:44:01,58.03,185700,32,卖盘
1479,10:44:04,58.02,92846,16,卖盘
1480,10:44:07,58.0,498956,86,卖盘
1481,10:44:10,58.0,319003,55,卖盘
1482,10:44:13,58.01,504576,87,买盘
1483,10:44:16,58.0,40600,7,中性盘
1484,10:44:19,58.01,17403,3,买盘
1485,10:44:22,58.0,133405,23,卖盘
1486,10:44:25,58.0,272643,47,卖盘
1487,10:44:28,58.02,17404,3,中性盘
1488,10:44:31,58.02,11603,2,中性盘
1489,10:44:34,58.02,34807,6,买盘
1490,10:44:37,58.02,371228,64,买盘
1491,10:44:40,58.01,237841,41,卖盘
1492,10:44:43,58.01,208827,36,买盘
1493,10:44:46,58.01,92816,16,买盘
1494,10:44:49,58.01,290019,50,买盘
1495,10:44:52,58.0,1595003,275,卖盘
1496,10:44:55,58.02,92822,16,买盘
1497,10:44:58,58.01,295795,51,中性盘
1498,10:45:01,58.01,75410,13,买盘
1499,10:45:04,58.01,133423,23,买盘
1500,10:45:07,58.01,98617,17,买盘
1501,10:45:10,58.01,75412,13,买盘
1502,10:45:13,58.01,69611,12,买盘
1503,10:45:19,58.0,127601,22,卖盘
1504,10:45:22,58.01,203011,35,买盘
1505,10:45:25,58.0,17402,3,中性盘
1506,10:45:28,58.01,98604,17,买盘
1507,10:45:31,58.01,23204,4,买盘
1508,10:45:34,58.0,69600,12,卖盘
1509,10:45:37,58.0,29000,5,买盘
1510,10:45:40,58.01,493028,85,买盘
1511,10:45:43,58.0,365431,63,中性盘
1512,10:45:49,58.02,23206,4,买盘
1513,10:45:52,58.0,75403,13,卖盘
1514,10:45:55,58.02,69617,12,买盘
1515,10:45:58,58.02,29010,5,买盘
1516,10:46:01,58.02,46405,8,买盘
1517,10:46:04,58.01,150826,26,买盘
1518,10:46:10,58.01,104418,18,买盘
1519,10:46:13,58.01,46408,8,买盘
1520,10:46:16,58.01,58010,10,买盘
1521,10:46:19,58.0,127601,22,卖盘
1522,10:46:22,58.01,52204,9,买盘
1523,10:46:25,58.01,255244,44,买盘
1524,10:46:28,58.01,29005,5,卖盘
1525,10:46:34,58.02,535524,92,买盘
1526,10:46:37,58.03,307549,53,买盘
1527,10:46:40,58.03,11606,2,卖盘
1528,10:46:46,58.04,29019,5,买盘
1529,10:46:49,58.04,29017,5,买盘
1530,10:46:52,58.03,11606,2,卖盘
1531,10:46:55,58.03,423619,73,卖盘
1532,10:46:58,58.03,226287,39,买盘
1533,10:47:01,58.01,69623,12,卖盘
1534,10:47:04,58.01,266865,46,卖盘
1535,10:47:07,58.01,510538,88,卖盘
1536,10:47:10,58.01,29005,5,买盘
1537,10:47:13,58.02,11604,2,买盘
1538,10:47:16,58.01,46409,8,卖盘
1539,10:47:19,58.02,40612,7,买盘
1540,10:47:22,58.02,87030,15,买盘
1541,10:47:25,58.03,29015,5,买盘
1542,10:47:31,58.02,220476,38,买盘
1543,10:47:34,58.01,5801,1,卖盘
1544,10:47:37,58.02,226278,39,买盘
1545,10:47:40,58.02,34812,6,买盘
1546,10:47:43,58.01,5801,1,卖盘
1547,10:47:46,58.01,150827,26,卖盘
1548,10:47:49,58.01,197243,34,卖盘
1549,10:47:52,58.02,145031,25,买盘
1550,10:47:55,58.01,313259,54,卖盘
1551,10:47:58,58.0,469867,81,卖盘
1552,10:48:01,58.0,382843,66,卖盘
1553,10:48:04,58.01,556808,96,买盘
1554,10:48:07,58.01,69610,12,买盘
1555,10:48:10,58.01,92804,16,买盘
1556,10:48:13,58.01,179829,31,买盘
1557,10:48:16,58.01,226231,39,买盘
1558,10:48:19,58.01,875872,151,买盘
1559,10:48:22,58.0,255211,44,卖盘
1560,10:48:25,58.0,643836,111,卖盘
1561,10:48:28,58.01,185606,32,买盘
1562,10:48:31,57.99,2505515,432,卖盘
1563,10:48:34,57.98,243556,42,卖盘
1564,10:48:37,57.98,208731,36,卖盘
1565,10:48:40,57.99,5799,1,买盘
1566,10:48:43,57.99,579874,100,买盘
1567,10:48:46,58.0,295824,51,买盘
1568,10:48:49,58.01,127645,22,中性盘
1569,10:48:52,58.01,29007,5,卖盘
1570,10:48:55,58.04,197310,34,买盘
1571,10:48:58,58.03,168333,29,卖盘
1572,10:49:01,58.03,1317665,227,卖盘
1573,10:49:04,58.07,150976,26,买盘
1574,10:49:07,58.06,272856,47,卖盘
1575,10:49:10,58.07,5807,1,中性盘
1576,10:49:13,58.06,34838,6,卖盘
1577,10:49:16,58.07,29035,5,买盘
1578,10:49:19,58.06,232243,40,卖盘
1579,10:49:22,58.07,412367,71,买盘
1580,10:49:25,58.06,69676,12,卖盘
1581,10:49:28,58.08,11616,2,买盘
1582,10:49:31,58.07,197409,34,卖盘
1583,10:49:34,58.07,348370,60,买盘
1584,10:49:37,58.07,34838,6,买盘
1585,10:49:40,58.06,40645,7,卖盘
1586,10:49:43,58.06,5806,1,卖盘
1587,10:49:46,58.06,69683,12,卖盘
1588,10:49:49,58.07,52262,9,买盘
1589,10:49:55,58.06,249668,43,卖盘
1590,10:49:58,58.07,232243,40,卖盘
1591,10:50:01,58.07,29039,5,中性盘
1592,10:50:04,58.06,162556,28,卖盘
1593,10:50:07,58.07,81293,14,买盘
1594,10:50:10,58.05,139319,24,卖盘
1595,10:50:13,58.04,11608,2,卖盘
1596,10:50:16,58.04,29023,5,卖盘
1597,10:50:19,58.05,150932,26,买盘
1598,10:50:22,58.03,522324,90,卖盘
1599,10:50:25,58.05,267000,46,买盘
1600,10:50:28,58.06,464428,80,买盘
1601,10:50:31,58.07,29032,5,买盘
1602,10:50:34,58.07,236853,41,买盘
1603,10:50:37,58.07,58069,10,买盘
1604,10:50:40,58.07,145175,25,买盘
1605,10:50:43,58.07,249701,43,买盘
1606,10:50:46,58.09,307837,53,买盘
1607,10:50:49,58.08,116179,20,卖盘
1608,10:50:52,58.08,389242,67,卖盘
1609,10:50:55,58.08,17426,3,卖盘
1610,10:50:58,58.1,133609,23,买盘
1611,10:51:01,58.09,174273,30,卖盘
1612,10:51:04,58.09,110369,19,卖盘
1613,10:51:07,58.09,63904,11,买盘
1614,10:51:10,58.08,23233,4,卖盘
1615,10:51:13,58.09,46472,8,买盘
1616,10:51:16,58.08,92953,16,卖盘
1617,10:51:19,58.09,46474,8,卖盘
1618,10:51:22,58.09,81331,14,卖盘
1619,10:51:25,58.08,180055,31,卖盘
1620,10:51:28,58.08,40656,7,买盘
1621,10:51:31,58.08,46464,8,买盘
1622,10:51:34,58.06,313583,54,卖盘
1623,10:51:37,58.06,301916,52,卖盘
1624,10:51:40,58.05,174166,30,卖盘
1625,10:51:43,58.05,139335,24,卖盘
1626,10:51:46,58.06,162567,28,买盘
1627,10:51:49,58.06,574850,99,买盘
1628,10:51:52,58.06,418148,72,卖盘
1629,10:51:55,58.08,17424,3,买盘
1630,10:51:58,58.08,58066,10,卖盘
1631,10:52:01,58.09,63899,11,买盘
1632,10:52:04,58.09,104559,18,买盘
1633,10:52:07,58.08,139392,24,卖盘
1634,10:52:10,58.09,58087,10,买盘
1635,10:52:13,58.08,40660,7,中性盘
1636,10:52:16,58.09,110363,19,买盘
1637,10:52:19,58.1,46477,8,买盘
1638,10:52:22,58.09,104574,18,卖盘
1639,10:52:25,58.09,116197,20,卖盘
1640,10:52:28,58.09,127810,22,卖盘
1641,10:52:31,58.09,75524,13,卖盘
1642,10:52:34,58.1,29050,5,买盘
1643,10:52:37,58.1,52284,9,买盘
1644,10:52:40,58.1,98769,17,买盘
1645,10:52:43,58.09,162661,28,卖盘
1646,10:52:46,58.09,121989,21,买盘
1647,10:52:49,58.08,29044,5,卖盘
1648,10:52:52,58.09,23235,4,买盘
1649,10:52:55,58.08,133601,23,卖盘
1650,10:52:58,58.09,104552,18,买盘
1651,10:53:01,58.07,104534,18,卖盘
1652,10:53:04,58.05,267066,46,卖盘
1653,10:53:07,58.05,307678,53,卖盘
1654,10:53:10,58.06,52248,9,买盘
1655,10:53:13,58.06,394762,68,买盘
1656,10:53:16,58.06,197389,34,买盘
1657,10:53:19,58.05,191577,33,卖盘
1658,10:53:22,58.05,226429,39,卖盘
1659,10:53:31,58.07,98719,17,买盘
1660,10:53:34,58.08,662058,114,买盘
1661,10:53:37,58.1,720369,124,买盘
1662,10:53:40,58.09,104560,18,中性盘
1663,10:53:43,58.09,29045,5,买盘
1664,10:53:46,58.09,34854,6,买盘
1665,10:53:49,58.08,69700,12,卖盘
1666,10:53:52,58.08,81320,14,卖盘
1667,10:53:55,58.08,40660,7,卖盘
1668,10:53:58,58.08,145204,25,卖盘
1669,10:54:01,58.08,29044,5,卖盘
1670,10:54:04,58.08,272975,47,卖盘
1671,10:54:07,58.08,104544,18,买盘
1672,10:54:10,58.07,191635,33,卖盘
1673,10:54:13,58.07,540063,93,卖盘
1674,10:54:16,58.06,209042,36,卖盘
1675,10:54:19,58.05,272884,47,卖盘
1676,10:54:22,58.05,174151,30,卖盘
1677,10:54:25,58.05,92881,16,卖盘
1678,10:54:28,58.06,52252,9,买盘
1679,10:54:31,58.05,320494,55,卖盘
1680,10:54:34,58.07,1804219,311,买盘
1681,10:54:37,58.06,661994,114,卖盘
1682,10:54:40,58.07,278705,48,卖盘
1683,10:54:43,58.07,23228,4,卖盘
1684,10:54:46,58.07,232278,40,卖盘
1685,10:54:49,58.08,429672,74,买盘
1686,10:54:52,58.06,63881,11,卖盘
1687,10:54:55,58.08,383298,66,买盘
1688,10:54:58,58.06,98709,17,卖盘
1689,10:55:01,58.06,58068,10,卖盘
1690,10:55:04,58.07,174196,30,卖盘
1691,10:55:07,58.06,487704,84,卖盘
1692,10:55:10,58.05,174161,30,卖盘
1693,10:55:13,58.04,139311,24,卖盘
1694,10:55:16,58.05,104500,18,中性盘
1695,10:55:19,58.04,313397,54,卖盘
1696,10:55:22,58.04,475899,82,买盘
1697,10:55:25,58.05,232192,40,买盘
1698,10:55:28,58.04,63845,11,卖盘
1699,10:55:31,58.05,17417,3,卖盘
1700,10:55:34,58.06,1097053,189,买盘
1701,10:55:37,58.06,371533,64,买盘
1702,10:55:40,58.06,266965,46,买盘
1703,10:55:43,58.06,2635738,454,买盘
1704,10:55:46,58.05,208995,36,卖盘
1705,10:55:49,58.05,423768,73,卖盘
1706,10:55:52,58.07,58052,10,中性盘
1707,10:55:55,58.06,116116,20,中性盘
1708,10:55:58,58.05,139320,24,卖盘
1709,10:56:01,58.05,1120275,193,卖盘
1710,10:56:04,58.08,1492193,257,买盘
1711,10:56:07,58.07,406481,70,卖盘
1712,10:56:13,58.07,81302,14,卖盘
1713,10:56:16,58.07,110333,19,卖盘
1714,10:56:19,58.07,429791,74,卖盘
1715,10:56:22,58.07,58070,10,卖盘
1716,10:56:25,58.07,174201,30,卖盘
1717,10:56:28,58.07,92897,16,买盘
1718,10:56:31,58.06,394808,68,卖盘
1719,10:56:34,58.05,116100,20,卖盘
1720,10:56:37,58.05,377330,65,卖盘
1721,10:56:40,58.05,150930,26,卖盘
1722,10:56:43,58.03,226318,39,卖盘
1723,10:56:46,58.03,139251,24,买盘
1724,10:56:49,58.01,545382,94,卖盘
1725,10:56:52,58.01,1398047,241,卖盘
1726,10:56:55,58.02,156632,27,买盘
1727,10:56:58,58.01,788936,136,卖盘
1728,10:57:01,58.01,5801,1,卖盘
1729,10:57:04,58.01,226239,39,卖盘
1730,10:57:07,58.02,237845,41,买盘
1731,10:57:10,58.0,1960438,338,卖盘
1732,10:57:13,58.0,150800,26,卖盘
1733,10:57:16,58.0,452410,78,卖盘
1734,10:57:19,58.0,133750,23,卖盘
1735,10:57:22,58.0,388600,67,卖盘
1736,10:57:25,58.0,533527,92,卖盘
1737,10:57:28,57.99,422985,73,卖盘
1738,10:57:31,57.98,185545,32,卖盘
1739,10:57:34,57.98,1843508,318,卖盘
1740,10:57:37,57.97,1107076,191,买盘
1741,10:57:40,57.96,910047,157,买盘
1742,10:57:43,57.96,740615,128,买盘
1743,10:57:46,57.97,46375,8,买盘
1744,10:57:49,57.98,75352,13,买盘
1745,10:57:52,57.96,417362,72,卖盘
1746,10:57:55,57.97,168135,29,中性盘
1747,10:57:58,57.98,255111,44,买盘
1748,10:58:01,57.98,133354,23,卖盘
1749,10:58:04,57.98,533433,92,卖盘
1750,10:58:07,57.98,46389,8,卖盘
1751,10:58:10,57.98,69580,12,卖盘
1752,10:58:13,57.98,173942,30,卖盘
1753,10:58:16,57.98,69586,12,卖盘
1754,10:58:19,57.97,655124,113,卖盘
1755,10:58:22,57.95,712926,123,卖盘
1756,10:58:25,57.97,515824,89,买盘
1757,10:58:28,57.97,1020168,176,买盘
1758,10:58:31,57.95,231844,40,卖盘
1759,10:58:34,57.97,150720,26,买盘
1760,10:58:37,57.96,139093,24,中性盘
1761,10:58:40,57.96,162287,28,买盘
1762,10:58:43,57.96,185442,32,买盘
1763,10:58:46,57.95,98515,17,卖盘
1764,10:58:49,57.96,411458,71,买盘
1765,10:58:52,57.95,863375,149,卖盘
1766,10:58:55,57.96,208646,36,买盘
1767,10:58:58,57.96,446226,77,买盘
1768,10:59:01,57.96,1605488,277,买盘
1769,10:59:04,57.94,765015,132,卖盘
1770,10:59:07,57.96,226054,39,卖盘
1771,10:59:10,57.96,249243,43,卖盘
1772,10:59:13,57.96,162303,28,卖盘
1773,10:59:16,57.97,376805,65,买盘
1774,10:59:19,57.97,52175,9,中性盘
1775,10:59:22,57.97,86955,15,卖盘
1776,10:59:25,57.97,231888,40,卖盘
1777,10:59:28,57.98,179736,31,买盘
1778,10:59:31,57.98,57979,10,买盘
1779,10:59:34,57.97,63769,11,卖盘
1780,10:59:37,57.97,162325,28,卖盘
1781,10:59:40,57.98,57980,10,买盘
1782,10:59:43,57.98,92763,16,买盘
1783,10:59:46,57.98,150743,26,买盘
1784,10:59:49,57.99,231911,40,买盘
1785,10:59:52,57.98,17394,3,卖盘
1786,10:59:55,57.99,23196,4,买盘
1787,10:59:58,57.98,237747,41,卖盘
1788,11:00:01,57.99,156572,27,卖盘
1789,11:00:04,57.98,1229251,212,卖盘
1790,11:00:07,57.97,417453,72,卖盘
1791,11:00:10,57.97,46372,8,卖盘
1792,11:00:13,57.98,544968,94,买盘
1793,11:00:16,57.97,92766,16,卖盘
1794,11:00:19,57.98,69575,12,买盘
1795,11:00:22,57.97,255104,44,卖盘
1796,11:00:25,57.98,11596,2,买盘
1797,11:00:28,57.98,81175,14,卖盘
1798,11:00:31,57.99,57988,10,买盘
1799,11:00:34,57.98,34792,6,卖盘
1800,11:00:37,57.98,208731,36,卖盘
1801,11:00:40,57.98,63781,11,卖盘
1802,11:00:43,57.99,278347,48,买盘
1803,11:00:46,58.0,17398,3,买盘
1804,11:00:49,58.0,498755,86,买盘
1805,11:00:52,58.0,556733,96,买盘
1806,11:00:55,57.99,34794,6,卖盘
1807,11:00:58,58.0,226199,39,买盘
1808,11:01:01,57.99,17397,3,卖盘
1809,11:01:04,57.99,81195,14,卖盘
1810,11:01:07,57.99,86994,15,卖盘
1811,11:01:10,58.0,104400,18,买盘
1812,11:01:13,57.99,400151,69,卖盘
1813,11:01:16,57.99,353733,61,买盘
1814,11:01:19,57.98,289935,50,卖盘
1815,11:01:22,57.98,179759,31,卖盘
1816,11:01:25,57.99,197170,34,买盘
1817,11:01:28,58.0,104396,18,买盘
1818,11:01:31,58.0,197172,34,卖盘
1819,11:01:34,58.0,58000,10,卖盘
1820,11:01:37,58.0,104400,18,卖盘
1821,11:01:40,57.99,307432,53,卖盘
1822,11:01:43,58.0,5800,1,买盘
1823,11:01:46,58.0,5800,1,买盘
1824,11:01:49,58.0,34796,6,买盘
1825,11:01:52,58.0,58000,10,买盘
1826,11:01:55,58.0,144980,25,买盘
1827,11:01:58,57.99,23197,4,卖盘
1828,11:02:01,57.99,208765,36,卖盘
1829,11:02:04,57.97,944997,163,卖盘
1830,11:02:07,57.97,643437,111,买盘
1831,11:02:10,57.97,115940,20,买盘
1832,11:02:13,57.96,1576713,272,卖盘
1833,11:02:16,57.97,28983,5,买盘
1834,11:02:19,57.97,846353,146,买盘
1835,11:02:22,57.97,214464,37,买盘
1836,11:02:25,57.97,139127,24,买盘
1837,11:02:28,57.96,92737,16,卖盘
1838,11:02:31,57.97,34780,6,买盘
1839,11:02:34,57.96,243434,42,卖盘
1840,11:02:37,57.97,75352,13,买盘
1841,11:02:40,57.97,75360,13,买盘
1842,11:02:43,57.98,110144,19,买盘
1843,11:02:46,57.97,40580,7,卖盘
1844,11:02:49,57.98,98559,17,买盘
1845,11:02:52,58.0,289951,50,买盘
1846,11:02:55,57.98,631837,109,卖盘
1847,11:02:58,57.98,23192,4,卖盘
1848,11:03:01,58.0,34799,6,买盘
1849,11:03:04,57.98,17394,3,卖盘
1850,11:03:07,58.0,86982,15,买盘
1851,11:03:10,57.99,17398,3,中性盘
1852,11:03:13,57.99,1009193,174,卖盘
1853,11:03:16,57.99,289969,50,卖盘
1854,11:03:19,57.99,168185,29,卖盘
1855,11:03:22,57.99,98586,17,卖盘
1856,11:03:25,57.99,57990,10,卖盘
1857,11:03:28,58.0,237800,41,买盘
1858,11:03:31,58.0,17400,3,买盘
1859,11:03:34,58.0,516205,89,买盘
1860,11:03:37,58.0,75409,13,卖盘
1861,11:03:43,58.01,121819,21,买盘
1862,11:03:46,58.02,1038715,179,买盘
1863,11:03:49,58.01,1995204,344,卖盘
1864,11:03:52,58.01,208819,36,买盘
1865,11:03:55,58.0,110216,19,卖盘
1866,11:03:58,58.0,139210,24,卖盘
1867,11:04:01,58.0,63817,11,卖盘
1868,11:04:04,58.0,23200,4,卖盘
1869,11:04:07,58.01,58010,10,中性盘
1870,11:04:10,58.01,58016,10,卖盘
1871,11:04:13,58.01,63817,11,卖盘
1872,11:04:16,58.01,580100,100,卖盘
1873,11:04:19,58.0,104405,18,卖盘
1874,11:04:22,58.0,5800,1,卖盘
1875,11:04:25,58.0,11600,2,卖盘
1876,11:04:28,58.01,23204,4,买盘
1877,11:04:31,58.0,23203,4,卖盘
1878,11:04:34,58.01,17403,3,买盘
1879,11:04:37,58.01,63801,11,买盘
1880,11:04:40,58.0,29000,5,卖盘
1881,11:04:43,58.01,11602,2,买盘
1882,11:04:49,58.01,110205,19,买盘
1883,11:04:52,58.0,63810,11,卖盘
1884,11:04:55,58.01,81204,14,买盘
1885,11:04:58,58.0,266800,46,卖盘
1886,11:05:01,58.01,214635,37,买盘
1887,11:05:04,58.01,29004,5,买盘
1888,11:05:07,58.01,29005,5,买盘
1889,11:05:10,58.01,121805,21,买盘
1890,11:05:13,58.0,11601,2,卖盘
1891,11:05:16,58.01,232034,40,买盘
1892,11:05:19,58.0,40603,7,卖盘
1893,11:05:22,58.01,185627,32,买盘
1894,11:05:25,58.01,226239,39,买盘
1895,11:05:28,58.01,63811,11,买盘
1896,11:05:31,58.01,63811,11,卖盘
1897,11:05:34,58.01,469868,81,卖盘
1898,11:05:37,58.02,168242,29,买盘
1899,11:05:40,58.0,191420,33,卖盘
1900,11:05:43,58.0,5800,1,卖盘
1901,11:05:49,58.01,52203,9,买盘
1902,11:05:52,58.0,11600,2,卖盘
1903,11:05:55,58.0,156624,27,卖盘
1904,11:05:58,58.0,11600,2,卖盘
1905,11:06:01,58.01,121814,21,买盘
1906,11:06:04,58.01,29003,5,买盘
1907,11:06:07,58.0,701800,121,卖盘
1908,11:06:10,58.0,406004,70,卖盘
1909,11:06:13,58.0,58006,10,卖盘
1910,11:06:16,58.0,475600,82,卖盘
1911,11:06:19,58.01,1339821,231,买盘
1912,11:06:22,58.0,556814,96,卖盘
1913,11:06:25,58.0,626399,108,卖盘
1914,11:06:28,57.99,168163,29,卖盘
1915,11:06:31,57.99,46392,8,买盘
1916,11:06:34,57.98,301500,52,卖盘
1917,11:06:37,57.98,46387,8,卖盘
1918,11:06:40,57.99,23195,4,买盘
1919,11:06:43,57.98,40589,7,卖盘
1920,11:06:46,57.99,307347,53,买盘
1921,11:06:49,57.98,46388,8,卖盘
1922,11:06:52,57.99,57983,10,买盘
1923,11:06:55,57.97,400060,69,卖盘
1924,11:06:58,57.98,5798,1,买盘
1925,11:07:01,57.97,150731,26,卖盘
1926,11:07:04,57.97,34786,6,卖盘
1927,11:07:07,57.98,556565,96,买盘
1928,11:07:10,57.97,92752,16,卖盘
1929,11:07:13,57.97,81158,14,卖盘
1930,11:07:16,57.97,214521,37,卖盘
1931,11:07:19,57.98,17393,3,买盘
1932,11:07:22,57.98,226121,39,买盘
1933,11:07:25,57.98,28986,5,买盘
1934,11:07:28,57.98,92762,16,买盘
1935,11:07:31,57.97,34787,6,卖盘
1936,11:07:34,57.98,324677,56,买盘
1937,11:07:37,57.98,40584,7,买盘
1938,11:07:40,57.98,46383,8,买盘
1939,11:07:43,57.97,3315502,572,卖盘
1940,11:07:46,57.97,388404,67,卖盘
1941,11:07:49,57.96,75355,13,卖盘
1942,11:07:52,57.97,243473,42,买盘
1943,11:07:55,57.96,695644,120,卖盘
1944,11:07:58,57.96,86950,15,卖盘
1945,11:08:01,57.96,28980,5,卖盘
1946,11:08:04,57.95,417312,72,卖盘
1947,11:08:07,57.96,1054707,182,买盘
1948,11:08:10,57.95,17387,3,卖盘
1949,11:08:13,57.96,353514,61,买盘
1950,11:08:16,57.94,759032,131,卖盘
1951,11:08:19,57.94,17382,3,买盘
1952,11:08:22,57.93,17379,3,卖盘
1953,11:08:25,57.93,266478,46,卖盘
1954,11:08:28,57.93,538749,93,卖盘
1955,11:08:31,57.93,40551,7,卖盘
1956,11:08:34,57.92,417090,72,卖盘
1957,11:08:37,57.93,127446,22,买盘
1958,11:08:40,57.93,382292,66,买盘
1959,11:08:43,57.92,799296,138,卖盘
1960,11:08:46,57.92,306978,53,卖盘
1961,11:08:49,57.92,486534,84,卖盘
1962,11:08:52,57.92,654501,113,卖盘
1963,11:08:55,57.92,115854,20,卖盘
1964,11:08:58,57.92,521313,90,卖盘
1965,11:09:01,57.93,289648,50,买盘
1966,11:09:04,57.93,486597,84,买盘
1967,11:09:07,57.92,1813041,313,卖盘
1968,11:09:10,57.92,1054193,182,卖盘
1969,11:09:13,57.92,2715986,469,买盘
1970,11:09:16,57.91,857238,148,买盘
1971,11:09:19,57.92,17382,3,中性盘
1972,11:09:22,57.95,63730,11,买盘
1973,11:09:25,57.98,173886,30,买盘
1974,11:09:28,57.97,1455162,251,卖盘
1975,11:09:31,57.99,10803432,1863,买盘
1976,11:09:34,57.97,2690708,464,卖盘
1977,11:09:37,57.97,92752,16,卖盘
1978,11:09:40,57.95,434625,75,卖盘
1979,11:09:43,57.94,1622323,280,卖盘
1980,11:09:46,57.97,63767,11,买盘
1981,11:09:49,57.97,40579,7,卖盘
1982,11:09:52,57.94,620036,107,卖盘
1983,11:09:55,57.98,69572,12,买盘
1984,11:09:58,57.98,654609,113,买盘
1985,11:10:01,57.98,17386,3,买盘
1986,11:10:04,57.95,63748,11,卖盘
1987,11:10:07,57.97,5797,1,买盘
1988,11:10:10,57.96,144903,25,卖盘
1989,11:10:13,57.96,11593,2,卖盘
1990,11:10:16,57.96,40573,7,卖盘
1991,11:10:19,57.96,81142,14,卖盘
1992,11:10:22,57.97,52166,9,买盘
1993,11:10:25,57.98,110158,19,买盘
1994,11:10:28,57.97,11595,2,中性盘
1995,11:10:31,57.97,371071,64,中性盘
1996,11:10:34,57.97,655017,113,买盘
1997,11:10:37,57.97,191301,33,卖盘
1998,11:10:40,57.97,162304,28,卖盘
1999,11:10:43,57.97,330349,57,买盘
2000,11:10:46,57.96,28980,5,中性盘
2001,11:10:49,57.96,104325,18,买盘
2002,11:10:52,57.96,52167,9,卖盘
2003,11:10:55,57.96,92738,16,卖盘
2004,11:10:58,57.96,162292,28,卖盘
2005,11:11:01,57.97,121734,21,买盘
2006,11:11:04,57.97,34782,6,卖盘
2007,11:11:07,57.97,1170791,202,卖盘
2008,11:11:10,57.97,11594,2,卖盘
2009,11:11:13,57.97,220280,38,买盘
2010,11:11:16,57.95,5795,1,卖盘
2011,11:11:19,57.97,133331,23,买盘
2012,11:11:22,57.96,173906,30,卖盘
2013,11:11:25,57.96,260811,45,卖盘
2014,11:11:28,57.96,104328,18,卖盘
2015,11:11:31,57.95,92735,16,卖盘
2016,11:11:34,57.96,34775,6,买盘
2017,11:11:37,57.95,40570,7,卖盘
2018,11:11:43,57.96,11592,2,买盘
2019,11:11:46,57.96,23184,4,买盘
2020,11:11:49,57.96,150693,26,买盘
2021,11:11:52,57.96,11592,2,卖盘
2022,11:11:55,57.97,57961,10,买盘
2023,11:11:58,57.96,17388,3,卖盘
2024,11:12:01,57.97,5797,1,买盘
2025,11:12:04,57.97,81158,14,买盘
2026,11:12:07,57.96,86940,15,卖盘
2027,11:12:10,57.97,69564,12,买盘
2028,11:12:13,58.0,1872726,323,买盘
2029,11:12:16,58.0,463976,80,买盘
2030,11:12:19,57.99,52196,9,卖盘
2031,11:12:22,58.0,69600,12,买盘
2032,11:12:25,58.0,1589278,274,买盘
2033,11:12:28,58.02,249477,43,买盘
2034,11:12:31,58.02,121842,21,买盘
2035,11:12:34,58.01,185658,32,卖盘
2036,11:12:37,58.02,133446,23,买盘
2037,11:12:40,58.01,237879,41,卖盘
2038,11:12:43,58.02,5802,1,买盘
2039,11:12:46,58.01,168231,29,卖盘
2040,11:12:49,58.02,75426,13,买盘
2041,11:12:52,58.02,11604,2,卖盘
2042,11:12:55,58.03,5803,1,买盘
2043,11:12:58,58.02,203102,35,卖盘
2044,11:13:01,58.03,249512,43,买盘
2045,11:13:04,58.03,255324,44,买盘
2046,11:13:07,58.03,116060,20,卖盘
2047,11:13:10,58.03,17408,3,买盘
2048,11:13:13,58.03,17408,3,买盘
2049,11:13:16,58.03,34817,6,买盘
2050,11:13:19,58.02,210084,36,卖盘
2051,11:13:22,58.04,185723,32,买盘
2052,11:13:25,58.02,46423,8,卖盘
2053,11:13:28,58.04,23213,4,买盘
2054,11:13:31,58.03,58038,10,卖盘
2055,11:13:37,58.04,133487,23,买盘
2056,11:13:40,58.01,312172,54,卖盘
2057,11:13:43,58.0,139206,24,卖盘
2058,11:13:49,58.01,104418,18,买盘
2059,11:13:52,58.0,179801,31,卖盘
2060,11:13:55,58.0,29000,5,买盘
2061,11:13:58,58.01,46402,8,买盘
2062,11:14:01,58.01,104408,18,买盘
2063,11:14:04,58.01,141191,24,买盘
2064,11:14:07,58.01,29005,5,买盘
2065,11:14:10,58.02,353846,61,买盘
2066,11:14:13,58.01,63806,11,中性盘
2067,11:14:16,58.0,871294,150,卖盘
2068,11:14:19,58.02,63823,11,中性盘
2069,11:14:22,58.02,371383,64,卖盘
2070,11:14:25,58.03,162484,28,买盘
2071,11:14:28,58.03,1230236,212,买盘
2072,11:14:31,58.03,23211,4,买盘
2073,11:14:34,58.02,5802,1,卖盘
2074,11:14:37,58.03,46418,8,买盘
2075,11:14:40,58.02,295903,51,卖盘
2076,11:14:43,58.03,17409,3,买盘
2077,11:14:46,58.03,748587,129,买盘
2078,11:14:49,58.03,110267,19,卖盘
2079,11:14:55,58.02,539644,93,卖盘
2080,11:14:58,58.02,11604,2,买盘
2081,11:15:01,58.02,52218,9,买盘
2082,11:15:04,58.02,69626,12,买盘
2083,11:15:07,58.03,551199,95,买盘
2084,11:15:10,58.01,620905,107,卖盘
2085,11:15:13,58.02,11604,2,中性盘
2086,11:15:16,58.0,1438589,248,卖盘
2087,11:15:19,58.01,423402,73,买盘
2088,11:15:22,58.0,344868,59,卖盘
2089,11:15:25,58.0,139200,24,买盘
2090,11:15:28,57.99,3403646,587,卖盘
2091,11:15:31,57.99,127596,22,卖盘
2092,11:15:34,57.99,208779,36,卖盘
2093,11:15:37,57.99,104382,18,卖盘
2094,11:15:40,57.99,284106,49,买盘
2095,11:15:43,57.98,173946,30,卖盘
2096,11:15:46,57.99,498703,86,买盘
2097,11:15:49,57.98,394284,68,中性盘
2098,11:15:52,57.99,220307,38,买盘
2099,11:15:55,57.98,75386,13,中性盘
2100,11:15:58,57.99,63789,11,买盘
2101,11:16:01,57.97,179722,31,卖盘
2102,11:16:04,57.99,40592,7,买盘
2103,11:16:07,57.99,400091,69,买盘
2104,11:16:10,57.99,34794,6,卖盘
2105,11:16:13,57.99,5799,1,卖盘
2106,11:16:16,57.99,446555,77,卖盘
2107,11:16:19,58.0,11600,2,买盘
2108,11:16:22,58.0,1148370,198,买盘
2109,11:16:25,58.01,600534,104,买盘
2110,11:16:28,58.01,394435,68,买盘
2111,11:16:34,58.01,168245,29,卖盘
2112,11:16:37,58.0,34800,6,卖盘
2113,11:16:46,58.0,214600,37,卖盘
2114,11:16:49,58.0,168226,29,卖盘
2115,11:16:52,58.0,429213,74,卖盘
2116,11:16:55,58.01,290050,50,买盘
2117,11:16:58,58.01,1067349,184,买盘
2118,11:17:01,58.01,319055,55,卖盘
2119,11:17:04,58.0,2482443,428,卖盘
2120,11:17:07,58.0,17402,3,卖盘
2121,11:17:10,58.01,243625,42,买盘
2122,11:17:13,58.0,46400,8,卖盘
2123,11:17:16,58.0,533622,92,卖盘
2124,11:17:19,58.0,4390618,757,卖盘
2125,11:17:22,58.0,594268,102,卖盘
2126,11:17:25,57.99,11599,2,卖盘
2127,11:17:37,58.0,295750,51,买盘
2128,11:17:40,58.0,46399,8,买盘
2129,11:17:43,58.0,17398,3,买盘
2130,11:17:46,58.0,121800,21,买盘
2131,11:17:49,57.99,34799,6,卖盘
2132,11:17:52,58.0,40600,7,买盘
2133,11:17:58,57.99,23196,4,卖盘
2134,11:18:01,58.0,150800,26,买盘
2135,11:18:04,57.99,130737,23,卖盘
2136,11:18:07,57.99,52191,9,卖盘
2137,11:18:10,57.99,104383,18,卖盘
2138,11:18:13,58.01,110219,19,买盘
2139,11:18:16,58.01,319011,55,买盘
2140,11:18:19,58.01,46406,8,买盘
2141,11:18:22,58.0,52201,9,卖盘
2142,11:18:34,58.01,116020,20,买盘
2143,11:18:37,58.01,696186,120,买盘
2144,11:18:43,58.01,23204,4,卖盘
2145,11:18:46,58.04,63844,11,买盘
2146,11:18:49,58.04,5804,1,买盘
2147,11:18:52,58.04,127686,22,买盘
2148,11:18:55,58.04,11607,2,买盘
2149,11:19:01,58.04,17412,3,买盘
2150,11:19:04,58.04,58040,10,卖盘
2151,11:19:07,58.05,336638,58,买盘
2152,11:19:10,58.05,278564,48,买盘
2153,11:19:13,58.04,5804,1,买盘
2154,11:19:16,58.05,174106,30,买盘
2155,11:19:19,58.03,168407,29,卖盘
2156,11:19:22,58.03,208792,36,卖盘
2157,11:19:25,58.03,81358,14,买盘
2158,11:19:28,58.03,17412,3,卖盘
2159,11:19:31,58.03,34819,6,卖盘
2160,11:19:34,58.05,162535,28,买盘
2161,11:19:37,58.03,17409,3,卖盘
2162,11:19:40,58.04,11608,2,买盘
2163,11:19:43,58.04,11608,2,卖盘
2164,11:19:49,58.04,284404,49,卖盘
2165,11:19:52,58.04,5804,1,中性盘
2166,11:19:55,58.04,52237,9,买盘
2167,11:19:58,58.03,75439,13,卖盘
2168,11:20:01,58.04,92878,16,卖盘
2169,11:20:04,58.05,11610,2,买盘
2170,11:20:07,58.04,81257,14,卖盘
2171,11:20:10,58.04,5804,1,卖盘
2172,11:20:13,58.04,168316,29,卖盘
2173,11:20:16,58.04,34824,6,卖盘
2174,11:20:19,58.03,655865,113,卖盘
2175,11:20:22,58.02,139139,24,卖盘
2176,11:20:25,58.02,145071,25,卖盘
2177,11:20:28,58.02,481563,83,卖盘
2178,11:20:31,58.02,92832,16,卖盘
2179,11:20:34,58.01,179832,31,卖盘
2180,11:20:37,58.02,156639,27,买盘
2181,11:20:43,58.02,580002,100,买盘
2182,11:20:46,57.99,86996,15,卖盘
2183,11:20:49,58.0,28997,5,买盘
2184,11:20:52,58.0,17400,3,买盘
2185,11:20:55,58.0,110204,19,买盘
2186,11:20:58,57.99,98600,17,卖盘
2187,11:21:01,58.0,17401,3,买盘
2188,11:21:04,58.01,102074,18,买盘
2189,11:21:07,57.99,69591,12,卖盘
2190,11:21:13,58.0,1409615,243,买盘
2191,11:21:16,58.0,46393,8,买盘
2192,11:21:19,58.0,40600,7,买盘
2193,11:21:22,58.0,1142600,197,买盘
2194,11:21:25,58.0,266882,46,卖盘
2195,11:21:28,58.0,1705555,294,卖盘
2196,11:21:31,58.03,40621,7,中性盘
2197,11:21:34,58.03,87045,15,卖盘
2198,11:21:37,58.04,17411,3,买盘
2199,11:21:40,58.04,29017,5,买盘
2200,11:21:43,58.04,528164,91,买盘
2201,11:21:46,58.05,1503111,259,买盘
2202,11:21:49,58.04,592108,102,卖盘
2203,11:21:52,58.04,713892,123,买盘
2204,11:21:58,58.06,754675,130,买盘
2205,11:22:04,58.03,1172366,202,卖盘
2206,11:22:07,58.03,121877,21,卖盘
2207,11:22:10,58.04,1102748,190,买盘
2208,11:22:13,58.03,284371,49,卖盘
2209,11:22:16,58.03,330726,57,买盘
2210,11:22:19,58.03,1259251,217,买盘
2211,11:22:22,58.05,34829,6,买盘
2212,11:22:25,58.02,1218521,210,卖盘
2213,11:22:28,58.04,29012,5,买盘
2214,11:22:31,58.04,928640,160,买盘
2215,11:22:34,58.03,17409,3,卖盘
2216,11:22:37,58.03,1009718,174,卖盘
2217,11:22:40,58.02,597628,103,卖盘
2218,11:22:43,58.02,1334476,230,卖盘
2219,11:22:46,58.02,58020,10,买盘
2220,11:22:49,58.02,2454128,423,买盘
2221,11:22:52,58.03,1148951,198,买盘
2222,11:22:55,58.01,417672,72,卖盘
2223,11:22:58,58.01,887553,153,买盘
2224,11:23:01,58.02,121842,21,卖盘
2225,11:23:04,58.02,899310,155,卖盘
2226,11:23:07,58.04,638257,110,买盘
2227,11:23:10,58.02,678877,117,卖盘
2228,11:23:13,58.03,510584,88,买盘
2229,11:23:16,58.04,17412,3,买盘
2230,11:23:19,58.03,1386985,239,卖盘
2231,11:23:22,58.03,226341,39,买盘
2232,11:23:25,58.07,951706,164,买盘
2233,11:23:28,58.04,11608,2,卖盘
2234,11:23:31,58.03,29020,5,卖盘
2235,11:23:34,58.03,191530,33,卖盘
2236,11:23:37,58.04,58040,10,买盘
2237,11:23:40,58.03,29015,5,卖盘
2238,11:23:43,58.04,29020,5,买盘
2239,11:23:46,58.04,5804,1,买盘
2240,11:23:49,58.04,29017,5,买盘
2241,11:23:52,58.03,104470,18,卖盘
2242,11:23:55,58.04,98668,17,买盘
2243,11:23:58,58.04,139292,24,买盘
2244,11:24:01,58.03,208936,36,卖盘
2245,11:24:04,58.03,46424,8,卖盘
2246,11:24:07,58.04,98668,17,买盘
2247,11:24:10,58.03,220519,38,卖盘
2248,11:24:13,58.03,98651,17,卖盘
2249,11:24:16,58.02,406217,70,卖盘
2250,11:24:19,58.04,1833988,316,买盘
2251,11:24:22,58.03,1160600,200,中性盘
2252,11:24:28,58.03,145075,25,卖盘
2253,11:24:31,58.02,1021234,176,卖盘
2254,11:24:34,58.02,284338,49,卖盘
2255,11:24:37,58.02,52226,9,卖盘
2256,11:24:40,58.03,290106,50,买盘
2257,11:24:43,58.02,464163,80,卖盘
2258,11:24:46,58.02,29012,5,卖盘
2259,11:24:49,58.02,881926,152,卖盘
2260,11:24:52,58.01,29005,5,卖盘
2261,11:24:55,58.02,319109,55,买盘
2262,11:24:58,58.01,17404,3,卖盘
2263,11:25:01,58.02,1276439,220,买盘
2264,11:25:04,58.01,127624,22,卖盘
2265,11:25:07,58.02,353922,61,买盘
2266,11:25:10,58.02,783270,135,卖盘
2267,11:25:13,58.03,1160406,200,买盘
2268,11:25:16,58.03,17407,3,买盘
2269,11:25:19,58.02,2013325,347,卖盘
2270,11:25:22,58.02,597564,103,买盘
2271,11:25:25,58.02,11604,2,买盘
2272,11:25:28,58.02,168258,29,买盘
2273,11:25:31,58.01,162428,28,卖盘
2274,11:25:34,58.01,98619,17,卖盘
2275,11:25:37,58.02,87023,15,买盘
2276,11:25:40,58.01,968909,167,卖盘
2277,11:25:43,58.01,52210,9,卖盘
2278,11:25:46,58.02,1044350,180,买盘
2279,11:25:49,58.02,92835,16,卖盘
2280,11:25:52,58.02,510576,88,卖盘
2281,11:25:55,58.02,1189412,205,卖盘
2282,11:25:58,58.02,81228,14,卖盘
2283,11:26:01,58.02,156631,27,买盘
2284,11:26:04,58.02,52212,9,买盘
2285,11:26:07,58.01,17405,3,卖盘
2286,11:26:10,58.01,1020980,176,卖盘
2287,11:26:13,58.01,87025,15,卖盘
2288,11:26:16,58.01,226251,39,卖盘
2289,11:26:19,58.01,974607,168,卖盘
2290,11:26:22,58.0,17402,3,卖盘
2291,11:26:25,58.01,52206,9,买盘
2292,11:26:28,58.01,87001,15,买盘
2293,11:26:31,58.0,17400,3,卖盘
2294,11:26:34,58.0,1566000,270,卖盘
2295,11:26:37,58.0,104394,18,卖盘
2296,11:26:40,57.99,81191,14,卖盘
2297,11:26:43,58.0,504520,87,买盘
2298,11:26:46,57.99,11598,2,卖盘
2299,11:26:49,57.99,666885,115,买盘
2300,11:26:52,57.98,226124,39,卖盘
2301,11:26:55,57.98,121760,21,卖盘
2302,11:26:58,57.98,69587,12,卖盘
2303,11:27:01,57.98,405860,70,卖盘
2304,11:27:04,57.98,173958,30,卖盘
2305,11:27:07,57.97,257420,44,卖盘
2306,11:27:10,57.98,98566,17,买盘
2307,11:27:13,57.97,17393,3,卖盘
2308,11:27:16,57.97,139139,24,卖盘
2309,11:27:19,57.96,736217,127,卖盘
2310,11:27:22,57.98,1600081,276,买盘
2311,11:27:25,57.98,214502,37,买盘
2312,11:27:28,57.98,2643283,456,买盘
2313,11:27:31,57.98,148429,26,买盘
2314,11:27:34,58.0,4030310,695,买盘
2315,11:27:37,58.0,17400,3,卖盘
2316,11:27:40,58.01,87014,15,买盘
2317,11:27:43,57.97,1808704,312,卖盘
2318,11:27:46,58.0,98609,17,中性盘
2319,11:27:49,58.01,17402,3,买盘
2320,11:27:52,58.0,197232,34,卖盘
2321,11:27:55,58.01,40607,7,买盘
2322,11:27:58,58.01,69611,12,买盘
2323,11:28:01,58.01,829541,143,买盘
2324,11:28:04,58.01,133413,23,买盘
2325,11:28:07,58.01,23204,4,买盘
2326,11:28:10,58.01,1166075,201,买盘
2327,11:28:16,58.03,75433,13,买盘
2328,11:28:19,58.03,852907,147,买盘
2329,11:28:22,58.03,1548969,267,买盘
2330,11:28:28,58.03,29015,5,买盘
2331,11:28:31,58.02,3532424,609,买盘
2332,11:28:37,58.01,52209,9,卖盘
2333,11:28:46,58.01,3944411,680,买盘
2334,11:28:49,58.01,75415,13,卖盘
2335,11:28:52,58.01,5801,1,中性盘
2336,11:28:55,58.0,232001,40,卖盘
2337,11:28:58,58.02,1032404,178,买盘
2338,11:29:01,58.0,34800,6,卖盘
2339,11:29:04,58.01,69612,12,买盘
2340,11:29:07,58.02,127619,22,买盘
2341,11:29:13,58.02,817830,141,买盘
2342,11:29:16,58.02,707844,122,卖盘
2343,11:29:19,58.03,533788,92,买盘
2344,11:29:22,58.03,951692,164,卖盘
2345,11:29:25,58.04,232156,40,买盘
2346,11:29:28,58.04,17412,3,卖盘
2347,11:29:31,58.05,52243,9,买盘
2348,11:29:34,58.04,46438,8,卖盘
2349,11:29:37,58.04,348250,60,卖盘
2350,11:29:40,58.04,185734,32,卖盘
2351,11:29:43,58.04,34829,6,卖盘
2352,11:29:46,58.05,121905,21,买盘
2353,11:29:49,58.06,40638,7,买盘
2354,11:29:52,58.06,34836,6,买盘
2355,11:29:55,58.06,29030,5,买盘
2356,11:29:58,58.06,435410,75,买盘
2357,11:30:01,58.06,23224,4,中性盘
2358,13:00:01,58.09,795556,137,买盘
2359,13:00:04,58.04,1799384,310,卖盘
2360,13:00:07,58.05,2432225,419,买盘
2361,13:00:10,58.04,1943933,335,卖盘
2362,13:00:13,57.99,2337799,403,卖盘
2363,13:00:16,57.99,1235065,213,卖盘
2364,13:00:19,57.98,840442,145,卖盘
2365,13:00:22,57.95,2440470,421,卖盘
2366,13:00:25,57.98,1617575,279,买盘
2367,13:00:28,57.98,110162,19,卖盘
2368,13:00:31,58.0,5800,1,买盘
2369,13:00:34,58.01,492973,85,买盘
2370,13:00:37,58.0,255275,44,卖盘
2371,13:00:40,58.01,400269,69,买盘
2372,13:00:43,57.99,150799,26,卖盘
2373,13:00:46,58.02,58020,10,买盘
2374,13:00:49,58.01,98622,17,卖盘
2375,13:00:52,58.0,690200,119,卖盘
2376,13:00:55,58.01,214605,37,买盘
2377,13:00:58,58.0,63803,11,卖盘
2378,13:01:01,58.0,411836,71,卖盘
2379,13:01:04,58.02,232050,40,买盘
2380,13:01:07,58.04,655787,113,买盘
2381,13:01:10,58.02,324994,56,卖盘
2382,13:01:13,58.04,748804,129,中性盘
2383,13:01:16,58.05,267013,46,买盘
2384,13:01:19,58.04,104472,18,中性盘
2385,13:01:22,58.04,493401,85,买盘
2386,13:01:25,58.05,145126,25,中性盘
2387,13:01:28,58.08,1137995,196,买盘
2388,13:01:31,58.1,1980922,341,买盘
2389,13:01:34,58.08,3997519,688,卖盘
2390,13:01:37,58.13,58130,10,买盘
2391,13:01:40,58.13,279033,48,买盘
2392,13:01:43,58.14,29070,5,买盘
2393,13:01:46,58.12,680049,117,卖盘
2394,13:01:49,58.15,389410,67,买盘
2395,13:01:52,58.14,366282,63,买盘
2396,13:01:55,58.15,157005,27,买盘
2397,13:01:58,58.15,156991,27,买盘
2398,13:02:01,58.14,267486,46,卖盘
2399,13:02:04,58.15,837221,144,买盘
2400,13:02:07,58.14,494203,85,卖盘
2401,13:02:10,58.15,1244318,214,买盘
2402,13:02:13,58.13,284845,49,中性盘
2403,13:02:16,58.12,360402,62,卖盘
2404,13:02:19,58.12,93016,16,卖盘
2405,13:02:22,58.15,3197171,550,买盘
2406,13:02:25,58.15,157019,27,卖盘
2407,13:02:28,58.16,383886,66,买盘
2408,13:02:31,58.16,69794,12,卖盘
2409,13:02:34,58.16,238479,41,卖盘
2410,13:02:37,58.17,145425,25,买盘
2411,13:02:40,58.18,872602,150,买盘
2412,13:02:43,58.21,5930661,1019,买盘
2413,13:02:46,58.21,1857203,319,卖盘
2414,13:02:49,58.22,267786,46,买盘
2415,13:02:52,58.21,523933,90,卖盘
2416,13:02:55,58.21,535481,92,买盘
2417,13:02:58,58.21,93136,16,买盘
2418,13:03:01,58.18,116390,20,卖盘
2419,13:03:04,58.2,128044,22,买盘
2420,13:03:07,58.2,87301,15,卖盘
2421,13:03:10,58.2,360842,62,卖盘
2422,13:03:13,58.2,157119,27,买盘
2423,13:03:16,58.18,715811,123,卖盘
2424,13:03:19,58.19,256076,44,中性盘
2425,13:03:22,58.18,250225,43,卖盘
2426,13:03:25,58.2,838069,144,买盘
2427,13:03:28,58.2,937215,161,中性盘
2428,13:03:31,58.23,878880,151,买盘
2429,13:03:34,58.21,465828,80,卖盘
2430,13:03:37,58.21,1658999,285,卖盘
2431,13:03:40,58.23,862567,148,买盘
2432,13:03:43,58.21,1828092,314,卖盘
2433,13:03:46,58.21,285339,49,卖盘
2434,13:03:49,58.21,425088,73,卖盘
2435,13:03:52,58.21,424944,73,卖盘
2436,13:03:55,58.23,116437,20,买盘
2437,13:03:58,58.23,1501854,258,买盘
2438,13:04:01,58.24,2382159,409,买盘
2439,13:04:04,58.24,262120,45,卖盘
2440,13:04:07,58.24,1811017,311,卖盘
2441,13:04:10,58.25,332069,57,中性盘
2442,13:04:13,58.27,227193,39,买盘
2443,13:04:16,58.27,402008,69,买盘
2444,13:04:19,58.26,233069,40,卖盘
2445,13:04:22,58.27,518602,89,买盘
2446,13:04:25,58.25,792363,136,卖盘
2447,13:04:28,58.25,268011,46,买盘
2448,13:04:31,58.25,11651,2,中性盘
2449,13:04:34,58.26,52434,9,买盘
2450,13:04:37,58.24,1531667,263,卖盘
2451,13:04:40,58.24,5824,1,中性盘
2452,13:04:43,58.21,919827,158,卖盘
2453,13:04:46,58.23,232963,40,中性盘
2454,13:04:49,58.24,116457,20,买盘
2455,13:04:52,58.21,1246058,214,卖盘
2456,13:04:55,58.24,5824,1,中性盘
2457,13:04:58,58.23,64053,11,中性盘
2458,13:05:01,58.24,331975,57,买盘
2459,13:05:04,58.24,128114,22,买盘
2460,13:05:07,58.24,279594,48,卖盘
2461,13:05:10,58.24,40770,7,卖盘
2462,13:05:13,58.24,227136,39,买盘
2463,13:05:16,58.23,366902,63,卖盘
2464,13:05:19,58.24,1380183,237,买盘
2465,13:05:22,58.26,419376,72,买盘
2466,13:05:25,58.25,52418,9,买盘
2467,13:05:28,58.25,157252,27,卖盘
2468,13:05:31,58.25,69891,12,买盘
2469,13:05:34,58.24,273705,47,买盘
2470,13:05:37,58.25,1147160,197,买盘
2471,13:05:40,58.24,139773,24,中性盘
2472,13:05:43,58.24,98994,17,买盘
2473,13:05:46,58.23,326111,56,买盘
2474,13:05:49,58.23,570661,98,卖盘
2475,13:05:52,58.21,1036314,178,卖盘
2476,13:05:55,58.21,1065476,183,卖盘
2477,13:05:58,58.22,168595,29,买盘
2478,13:06:01,58.24,990048,170,买盘
2479,13:06:04,58.24,2049552,352,卖盘
2480,13:06:07,58.23,23294,4,中性盘
2481,13:06:10,58.27,3273683,562,买盘
2482,13:06:13,58.28,809936,139,买盘
2483,13:06:16,58.27,29135,5,中性盘
2484,13:06:19,58.24,582406,100,卖盘
2485,13:06:22,58.24,99008,17,买盘
2486,13:06:25,58.24,454262,78,买盘
2487,13:06:28,58.24,1024963,176,卖盘
2488,13:06:31,58.23,460018,79,卖盘
2489,13:06:34,58.23,1432721,246,买盘
2490,13:06:37,58.21,1216783,209,卖盘
2491,13:06:40,58.23,867599,149,买盘
2492,13:06:43,58.23,5823,1,买盘
2493,13:06:49,58.23,355148,61,买盘
2494,13:06:52,58.21,832462,143,卖盘
2495,13:06:55,58.23,203799,35,买盘
2496,13:06:58,58.23,17469,3,买盘
2497,13:07:01,58.22,436650,75,卖盘
2498,13:07:04,58.22,87330,15,买盘
2499,13:07:07,58.22,64032,11,买盘
2500,13:07:10,58.2,1979267,340,卖盘
2501,13:07:13,58.21,192093,33,中性盘
2502,13:07:16,58.21,861653,148,卖盘
2503,13:07:19,58.2,64011,11,中性盘
2504,13:07:22,58.21,465658,80,买盘
2505,13:07:25,58.21,1111570,191,买盘
2506,13:07:28,58.2,849846,146,卖盘
2507,13:07:31,58.2,983343,169,买盘
2508,13:07:34,58.2,226994,39,卖盘
2509,13:07:37,58.22,1315185,226,买盘
2510,13:07:43,58.18,139655,24,卖盘
2511,13:07:46,58.21,64021,11,买盘
2512,13:07:49,58.2,930948,160,买盘
2513,13:07:52,58.22,454041,78,买盘
2514,13:07:55,58.2,17461,3,卖盘
2515,13:07:58,58.21,948663,163,中性盘
2516,13:08:01,58.21,326000,56,买盘
2517,13:08:04,58.2,69860,12,卖盘
2518,13:08:07,58.2,535387,92,买盘
2519,13:08:10,58.19,168754,29,中性盘
2520,13:08:13,58.21,1268708,218,买盘
2521,13:08:16,58.18,1140508,196,卖盘
2522,13:08:19,58.19,1658427,285,卖盘
2523,13:08:22,58.19,122199,21,买盘
2524,13:08:25,58.19,267674,46,买盘
2525,13:08:28,58.19,506252,87,买盘
2526,13:08:31,58.18,733068,126,卖盘
2527,13:08:34,58.18,139619,24,买盘
2528,13:08:37,58.17,1041279,179,卖盘
2529,13:08:40,58.16,191945,33,卖盘
2530,13:08:43,58.17,133791,23,买盘
2531,13:08:46,58.16,412936,71,卖盘
2532,13:08:49,58.16,296600,51,买盘
2533,13:08:52,58.16,104688,18,买盘
2534,13:08:55,58.19,4240032,729,买盘
2535,13:08:58,58.19,895768,154,买盘
2536,13:09:01,58.19,273498,47,买盘
2537,13:09:04,58.22,1268544,218,买盘
2538,13:09:07,58.22,110600,19,卖盘
2539,13:09:10,58.2,867462,149,卖盘
2540,13:09:13,58.21,477376,82,中性盘
2541,13:09:16,58.21,221196,38,买盘
2542,13:09:19,58.2,942847,162,卖盘
2543,13:09:22,58.22,3761445,646,买盘
2544,13:09:25,58.21,477343,82,中性盘
2545,13:09:28,58.22,5822,1,中性盘
2546,13:09:31,58.23,180529,31,中性盘
2547,13:09:34,58.25,75721,13,买盘
2548,13:09:37,58.22,949178,163,卖盘
2549,13:09:40,58.25,2883388,495,买盘
2550,13:09:43,58.25,34953,6,卖盘
2551,13:09:46,58.25,1147574,197,卖盘
2552,13:09:49,58.25,98999,17,买盘
2553,13:09:52,58.22,174735,30,中性盘
2554,13:09:55,58.22,163016,28,买盘
2555,13:09:58,58.22,133906,23,买盘
2556,13:10:01,58.22,34932,6,买盘
2557,13:10:04,58.22,1723110,296,买盘
2558,13:10:07,58.22,657860,113,买盘
2559,13:10:10,58.22,197959,34,买盘
2560,13:10:13,58.21,1298450,223,卖盘
2561,13:10:16,58.25,1112468,191,买盘
2562,13:10:19,58.25,564788,97,卖盘
2563,13:10:25,58.24,221249,38,中性盘
2564,13:10:28,58.24,46582,8,买盘
2565,13:10:31,58.23,98979,17,卖盘
2566,13:10:34,58.26,16650126,2855,买盘
2567,13:10:37,58.29,11657,2,买盘
2568,13:10:40,58.28,204013,35,中性盘
2569,13:10:43,58.29,11657,2,买盘
2570,13:10:46,58.3,1823397,313,买盘
2571,13:10:49,58.28,116561,20,买盘
2572,13:10:52,58.3,134020,23,买盘
2573,13:10:55,58.29,75777,13,卖盘
2574,13:10:58,58.3,227362,39,买盘
2575,13:11:01,58.3,221511,38,买盘
2576,13:11:04,58.29,64120,11,卖盘
2577,13:11:07,58.3,454717,78,买盘
2578,13:11:10,58.3,174898,30,买盘
2579,13:11:13,58.3,1638823,281,卖盘
2580,13:11:16,58.3,1288244,221,卖盘
2581,13:11:19,58.3,17490,3,买盘
2582,13:11:22,58.27,1573565,270,卖盘
2583,13:11:25,58.27,163181,28,卖盘
2584,13:11:28,58.28,407941,70,买盘
2585,13:11:31,58.25,174735,30,卖盘
2586,13:11:34,58.26,5826,1,买盘
2587,13:11:37,58.25,128151,22,卖盘
2588,13:11:40,58.25,99025,17,卖盘
2589,13:11:43,58.25,273775,47,卖盘
2590,13:11:46,58.25,145635,25,卖盘
2591,13:11:49,58.25,221356,38,卖盘
2592,13:11:52,58.24,262098,45,卖盘
2593,13:11:55,58.22,704704,121,卖盘
2594,13:11:58,58.22,291132,50,卖盘
2595,13:12:01,58.24,1077271,185,买盘
2596,13:12:04,58.23,151420,26,卖盘
2597,13:12:07,58.24,17471,3,买盘
2598,13:12:10,58.23,5823,1,卖盘
2599,13:12:13,58.23,151398,26,卖盘
2600,13:12:16,58.24,273727,47,买盘
2601,13:12:19,58.21,2761491,474,卖盘
2602,13:12:25,58.29,1282137,220,买盘
2603,13:12:28,58.28,11657,2,卖盘
2604,13:12:31,58.29,17485,3,买盘
2605,13:12:34,58.3,81607,14,买盘
2606,13:12:37,58.29,64119,11,卖盘
2607,13:12:40,58.29,641284,110,卖盘
2608,13:12:43,58.3,93275,16,买盘
2609,13:12:46,58.28,285620,49,卖盘
2610,13:12:49,58.29,600298,103,买盘
2611,13:12:52,58.29,11657,2,买盘
2612,13:12:55,58.29,192343,33,买盘
2613,13:12:58,58.28,180681,31,卖盘
2614,13:13:01,58.28,728613,125,卖盘
2615,13:13:04,58.29,34974,6,买盘
2616,13:13:07,58.29,233158,40,买盘
2617,13:13:13,58.29,87439,15,卖盘
2618,13:13:16,58.29,687903,118,买盘
2619,13:13:19,58.29,215664,37,买盘
2620,13:13:22,58.29,23316,4,买盘
2621,13:13:28,58.28,612030,105,卖盘
2622,13:13:31,58.29,128239,22,买盘
2623,13:13:34,58.29,81603,14,买盘
2624,13:13:37,58.29,489632,84,买盘
2625,13:13:40,58.29,256498,44,卖盘
2626,13:13:43,58.29,192357,33,卖盘
2627,13:13:46,58.29,151544,26,卖盘
2628,13:13:49,58.3,285670,49,买盘
2629,13:13:52,58.3,174879,30,买盘
2630,13:13:55,58.3,110770,19,买盘
2631,13:13:58,58.3,227350,39,买盘
2632,13:14:01,58.29,437175,75,卖盘
2633,13:14:04,58.28,1241382,213,卖盘
2634,13:14:07,58.27,58263,10,买盘
2635,13:14:10,58.26,64092,11,卖盘
2636,13:14:13,58.25,401933,69,卖盘
2637,13:14:16,58.23,128146,22,卖盘
2638,13:14:19,58.26,1421376,244,买盘
2639,13:14:22,58.27,17479,3,买盘
2640,13:14:28,58.26,168954,29,卖盘
2641,13:14:31,58.26,151493,26,卖盘
2642,13:14:34,58.26,29130,5,卖盘
2643,13:14:37,58.26,378732,65,卖盘
2644,13:14:40,58.23,69877,12,卖盘
2645,13:14:43,58.26,221351,38,买盘
2646,13:14:46,58.24,163086,28,卖盘
2647,13:14:49,58.26,99012,17,买盘
2648,13:14:52,58.24,145631,25,卖盘
2649,13:14:55,58.25,69909,12,买盘
2650,13:14:58,58.25,23300,4,买盘
2651,13:15:01,58.25,99025,17,买盘
2652,13:15:04,58.25,69899,12,买盘
2653,13:15:07,58.25,34950,6,买盘
2654,13:15:10,58.24,285421,49,卖盘
2655,13:15:13,58.25,23301,4,中性盘
2656,13:15:16,58.25,273775,47,中性盘
2657,13:15:19,58.27,605929,104,买盘
2658,13:15:22,58.29,875310,150,买盘
2659,13:15:25,58.3,932803,160,买盘
2660,13:15:28,58.33,670756,115,买盘
2661,13:15:31,58.32,134143,23,卖盘
2662,13:15:34,58.32,349920,60,买盘
2663,13:15:37,58.32,256620,44,卖盘
2664,13:15:40,58.32,775763,133,卖盘
2665,13:15:43,58.33,128338,22,买盘
2666,13:15:46,58.33,110821,19,买盘
2667,13:15:49,58.34,128327,22,买盘
2668,13:15:52,58.34,233362,40,买盘
2669,13:15:55,58.34,402494,69,买盘
2670,13:15:58,58.34,175020,30,买盘
2671,13:16:01,58.35,554322,95,买盘
2672,13:16:04,58.36,35016,6,买盘
2673,13:16:07,58.35,1015459,174,卖盘
2674,13:16:10,58.38,1710437,293,买盘
2675,13:16:13,58.36,496256,85,卖盘
2676,13:16:16,58.38,397047,68,中性盘
2677,13:16:19,58.37,974945,167,卖盘
2678,13:16:22,58.38,216028,37,中性盘
2679,13:16:25,58.38,116758,20,买盘
2680,13:16:28,58.37,869953,149,卖盘
2681,13:16:31,58.37,40862,7,卖盘
2682,13:16:34,58.39,998383,171,买盘
2683,13:16:37,58.37,11674,2,卖盘
2684,13:16:40,58.39,449539,77,买盘
2685,13:16:43,58.38,81735,14,卖盘
2686,13:16:46,58.39,840811,144,买盘
2687,13:16:49,58.39,449603,77,卖盘
2688,13:16:52,58.38,1039480,178,卖盘
2689,13:16:55,58.39,256883,44,买盘
2690,13:16:58,58.38,2189308,375,卖盘
2691,13:17:01,58.37,1056658,181,卖盘
2692,13:17:04,58.38,1716454,294,买盘
2693,13:17:07,58.36,128413,22,卖盘
2694,13:17:10,58.38,1354633,232,买盘
2695,13:17:13,58.38,280229,48,卖盘
2696,13:17:16,58.39,957663,164,买盘
2697,13:17:19,58.39,572260,98,卖盘
2698,13:17:22,58.41,583965,100,买盘
2699,13:17:25,58.4,747636,128,中性盘
2700,13:17:28,58.41,736094,126,买盘
2701,13:17:31,58.41,654191,112,买盘
2702,13:17:34,58.41,140183,24,买盘
2703,13:17:37,58.4,321245,55,卖盘
2704,13:17:40,58.4,221939,38,卖盘
2705,13:17:43,58.39,420439,72,卖盘
2706,13:17:46,58.39,1395292,239,买盘
2707,13:17:49,58.39,741650,127,买盘
2708,13:17:52,58.36,414490,71,卖盘
2709,13:17:55,58.36,46695,8,卖盘
2710,13:17:58,58.37,262701,45,买盘
2711,13:18:01,58.36,420238,72,卖盘
2712,13:18:04,58.38,239343,41,买盘
2713,13:18:07,58.39,11676,2,买盘
2714,13:18:10,58.36,998404,171,卖盘
2715,13:18:13,58.38,140100,24,买盘
2716,13:18:16,58.39,221845,38,买盘
2717,13:18:19,58.37,204305,35,卖盘
2718,13:18:22,58.38,35028,6,买盘
2719,13:18:25,58.39,180978,31,买盘
2720,13:18:28,58.38,157626,27,中性盘
2721,13:18:31,58.4,618985,106,买盘
2722,13:18:34,58.39,5839,1,中性盘
2723,13:18:37,58.39,858456,147,买盘
2724,13:18:40,58.39,181030,31,买盘
2725,13:18:43,58.38,140134,24,卖盘
2726,13:18:46,58.38,437902,75,卖盘
2727,13:18:49,58.39,1623703,278,中性盘
2728,13:18:52,58.38,157651,27,卖盘
2729,13:18:55,58.39,198504,34,买盘
2730,13:18:58,58.4,513907,88,买盘
2731,13:19:01,58.39,116785,20,卖盘
2732,13:19:04,58.39,204357,35,买盘
2733,13:19:07,58.39,221868,38,买盘
2734,13:19:10,58.39,181004,31,买盘
2735,13:19:13,58.38,163476,28,卖盘
2736,13:19:16,58.35,2270657,389,卖盘
2737,13:19:19,58.35,583566,100,买盘
2738,13:19:22,58.35,70010,12,买盘
2739,13:19:25,58.35,338356,58,买盘
2740,13:19:28,58.34,29168,5,买盘
2741,13:19:31,58.34,1650826,283,买盘
2742,13:19:34,58.34,659275,113,卖盘
2743,13:19:37,58.34,373418,64,中性盘
2744,13:19:40,58.33,116678,20,卖盘
2745,13:19:43,58.38,3388827,581,买盘
2746,13:19:46,58.32,2625255,450,卖盘
2747,13:19:49,58.36,166865,29,中性盘
2748,13:19:52,58.36,204351,35,卖盘
2749,13:19:55,58.37,75872,13,买盘
2750,13:19:58,58.35,402730,69,卖盘
2751,13:20:01,58.37,1202394,206,买盘
2752,13:20:04,58.36,23344,4,中性盘
2753,13:20:07,58.37,303512,52,买盘
2754,13:20:10,58.38,2334791,400,买盘
2755,13:20:13,58.39,805754,138,买盘
2756,13:20:16,58.38,221874,38,卖盘
2757,13:20:19,58.38,426192,73,卖盘
2758,13:20:22,58.4,1856502,318,买盘
2759,13:20:25,58.37,163459,28,卖盘
2760,13:20:28,58.38,683168,117,买盘
2761,13:20:31,58.38,110921,19,买盘
2762,13:20:34,58.38,326928,56,买盘
2763,13:20:37,58.37,11675,2,卖盘
2764,13:20:40,58.38,239358,41,买盘
2765,13:20:43,58.38,1990752,341,买盘
2766,13:20:46,58.39,286105,49,买盘
2767,13:20:49,58.38,554659,95,卖盘
2768,13:20:52,58.38,145977,25,卖盘
2769,13:20:55,58.4,286128,49,买盘
2770,13:20:58,58.39,87585,15,买盘
2771,13:21:01,58.39,1027799,176,买盘
2772,13:21:04,58.4,601423,103,买盘
2773,13:21:07,58.4,239444,41,卖盘
2774,13:21:10,58.42,1080596,185,买盘
2775,13:21:13,58.4,385369,66,卖盘
2776,13:21:16,58.4,379564,65,买盘
2777,13:21:19,58.39,192712,33,中性盘
2778,13:21:22,58.4,227715,39,买盘
2779,13:21:25,58.4,332825,57,卖盘
2780,13:21:28,58.39,350350,60,买盘
2781,13:21:31,58.38,1745586,299,卖盘
2782,13:21:34,58.38,583716,100,买盘
2783,13:21:37,58.38,437833,75,买盘
2784,13:21:40,58.35,87525,15,卖盘
2785,13:21:43,58.35,93366,16,卖盘
2786,13:21:46,58.35,227542,39,卖盘
2787,13:21:49,58.36,280085,48,买盘
2788,13:21:52,58.36,151719,26,买盘
2789,13:21:55,58.36,233434,40,买盘
2790,13:21:58,58.36,128394,22,卖盘
2791,13:22:01,58.36,315113,54,中性盘
2792,13:22:04,58.36,291783,50,买盘
2793,13:22:07,58.35,717714,123,卖盘
2794,13:22:10,58.34,309179,53,中性盘
2795,13:22:13,58.33,145819,25,中性盘
2796,13:22:16,58.35,1446991,248,买盘
2797,13:22:19,58.32,816748,140,卖盘
2798,13:22:22,58.35,367512,63,买盘
2799,13:22:25,58.35,496060,85,买盘
2800,13:22:28,58.33,280039,48,卖盘
2801,13:22:31,58.36,396885,68,买盘
2802,13:22:34,58.34,210011,36,中性盘
2803,13:22:37,58.34,326693,56,买盘
2804,13:22:40,58.34,163339,28,买盘
2805,13:22:43,58.34,519145,89,买盘
2806,13:22:46,58.35,472521,81,买盘
2807,13:22:49,58.35,169190,29,买盘
2808,13:22:52,58.34,151683,26,卖盘
2809,13:22:55,58.34,58344,10,卖盘
2810,13:22:58,58.35,221699,38,买盘
2811,13:23:01,58.35,204214,35,买盘
2812,13:23:04,58.35,140030,24,买盘
2813,13:23:07,58.34,204219,35,卖盘
2814,13:23:10,58.34,297556,51,卖盘
2815,13:23:13,58.35,274214,47,买盘
2816,13:23:16,58.35,1131603,194,买盘
2817,13:23:19,58.35,291612,50,买盘
2818,13:23:22,58.34,320852,55,中性盘
2819,13:23:25,58.34,163367,28,卖盘
2820,13:23:28,58.32,297528,51,卖盘
2821,13:23:31,58.34,151640,26,中性盘
2822,13:23:34,58.34,309192,53,买盘
2823,13:23:37,58.34,192471,33,买盘
2824,13:23:40,58.35,175034,30,买盘
2825,13:23:43,58.34,128352,22,中性盘
2826,13:23:46,58.35,122508,21,买盘
2827,13:23:49,58.35,70010,12,买盘
2828,13:23:52,58.34,589337,101,中性盘
2829,13:23:55,58.34,227504,39,买盘
2830,13:23:58,58.35,35005,6,买盘
2831,13:24:01,58.34,390885,67,卖盘
2832,13:24:04,58.34,624122,107,买盘
2833,13:24:07,58.34,1733076,297,买盘
2834,13:24:10,58.37,647639,111,买盘
2835,13:24:13,58.37,274310,47,卖盘
2836,13:24:16,58.38,338616,58,买盘
2837,13:24:19,58.38,151793,26,卖盘
2838,13:24:22,58.4,99273,17,买盘
2839,13:24:25,58.39,175170,30,买盘
2840,13:24:28,58.38,140134,24,卖盘
2841,13:24:31,58.39,432077,74,买盘
2842,13:24:34,58.41,2189841,375,买盘
2843,13:24:37,58.4,309596,53,卖盘
2844,13:24:40,58.41,741848,127,买盘
2845,13:24:43,58.42,5842,1,卖盘
2846,13:24:46,58.43,444068,76,买盘
2847,13:24:49,58.43,303817,52,买盘
2848,13:24:52,58.43,339888,58,买盘
2849,13:24:55,58.44,718812,123,买盘
2850,13:24:58,58.45,29224,5,买盘
2851,13:25:01,58.45,572788,98,买盘
2852,13:25:04,58.44,339008,58,卖盘
2853,13:25:07,58.44,257171,44,卖盘
2854,13:25:10,58.45,280558,48,买盘
2855,13:25:13,58.44,818246,140,卖盘
2856,13:25:16,58.44,251318,43,卖盘
2857,13:25:19,58.44,566877,97,卖盘
2858,13:25:22,58.44,379848,65,买盘
2859,13:25:25,58.43,169465,29,卖盘
2860,13:25:28,58.44,268824,46,买盘
2861,13:25:31,58.44,490859,84,买盘
2862,13:25:34,58.43,911649,156,卖盘
2863,13:25:37,58.43,1174513,201,卖盘
2864,13:25:40,58.43,198684,34,卖盘
2865,13:25:43,58.43,374013,64,卖盘
2866,13:25:46,58.44,298011,51,买盘
2867,13:25:49,58.43,298027,51,卖盘
2868,13:25:52,58.44,157762,27,买盘
2869,13:25:55,58.45,1256605,215,买盘
2870,13:25:58,58.44,385648,66,中性盘
2871,13:26:01,58.45,216265,37,买盘
2872,13:26:04,58.46,2683155,459,买盘
2873,13:26:07,58.47,923693,158,买盘
2874,13:26:10,58.46,853628,146,卖盘
2875,13:26:13,58.47,280652,48,买盘
2876,13:26:16,58.46,245561,42,卖盘
2877,13:26:19,58.47,181257,31,买盘
2878,13:26:22,58.47,216339,37,买盘
2879,13:26:25,58.47,409271,70,卖盘
2880,13:26:28,58.48,187125,32,买盘
2881,13:26:31,58.47,1321566,226,卖盘
2882,13:26:34,58.48,801155,137,买盘
2883,13:26:37,58.48,58480,10,中性盘
2884,13:26:40,58.49,964906,165,买盘
2885,13:26:43,58.48,397713,68,卖盘
2886,13:26:46,58.48,1175595,201,买盘
2887,13:26:49,58.48,362636,62,卖盘
2888,13:26:52,58.49,1573325,269,买盘
2889,13:26:55,58.5,473810,81,买盘
2890,13:26:58,58.5,1076355,184,买盘
2891,13:27:01,58.49,1234313,211,卖盘
2892,13:27:04,58.5,473833,81,买盘
2893,13:27:07,58.5,1047137,179,买盘
2894,13:27:10,58.49,146230,25,卖盘
2895,13:27:13,58.49,929993,159,卖盘
2896,13:27:16,58.49,1316182,225,卖盘
2897,13:27:19,58.5,479672,82,买盘
2898,13:27:22,58.5,713679,122,买盘
2899,13:27:25,58.49,514716,88,卖盘
2900,13:27:28,58.48,304167,52,卖盘
2901,13:27:31,58.48,918415,157,卖盘
2902,13:27:34,58.49,269032,46,买盘
2903,13:27:37,58.47,274834,47,卖盘
2904,13:27:40,58.48,479534,82,买盘
2905,13:27:43,58.5,1058701,181,买盘
2906,13:27:46,58.48,397664,68,中性盘
2907,13:27:49,58.49,415214,71,买盘
2908,13:27:52,58.49,853943,146,买盘
2909,13:27:55,58.48,81872,14,卖盘
2910,13:27:58,58.48,315791,54,买盘
2911,13:28:01,58.48,526308,90,买盘
2912,13:28:04,58.47,409332,70,卖盘
2913,13:28:07,58.47,298244,51,卖盘
2914,13:28:10,58.47,350871,60,卖盘
2915,13:28:13,58.48,169592,29,买盘
2916,13:28:16,58.47,233897,40,卖盘
2917,13:28:19,58.47,152021,26,买盘
2918,13:28:22,58.46,409268,70,卖盘
2919,13:28:25,58.46,420957,72,卖盘
2920,13:28:28,58.47,175402,30,买盘
2921,13:28:31,58.46,134459,23,卖盘
2922,13:28:34,58.46,251386,43,卖盘
2923,13:28:37,58.46,1268682,217,卖盘
2924,13:28:40,58.46,555340,95,买盘
2925,13:28:43,58.46,327345,56,买盘
2926,13:28:46,58.46,952735,163,买盘
2927,13:28:49,58.44,157801,27,卖盘
2928,13:28:52,58.45,222082,38,买盘
2929,13:28:55,58.43,210409,36,卖盘
2930,13:28:58,58.44,105188,18,买盘
2931,13:29:01,58.46,1893516,324,买盘
2932,13:29:04,58.44,941174,161,卖盘
2933,13:29:07,58.45,17537,3,中性盘
2934,13:29:10,58.45,140286,24,买盘
2935,13:29:13,58.44,146144,25,卖盘
2936,13:29:16,58.46,403271,69,中性盘
2937,13:29:19,58.47,122782,21,买盘
2938,13:29:22,58.47,75997,13,买盘
2939,13:29:25,58.47,736646,126,买盘
2940,13:29:28,58.47,29234,5,买盘
2941,13:29:31,58.46,298168,51,卖盘
2942,13:29:34,58.48,315774,54,买盘
2943,13:29:37,58.47,11694,2,卖盘
2944,13:29:40,58.47,40929,7,买盘
2945,13:29:43,58.46,116927,20,卖盘
2946,13:29:46,58.47,216316,37,买盘
2947,13:29:49,58.46,1789342,306,中性盘
2948,13:29:52,58.47,105235,18,买盘
2949,13:29:55,58.48,935663,160,买盘
2950,13:29:58,58.47,23389,4,买盘
2951,13:30:01,58.47,105247,18,卖盘
2952,13:30:04,58.47,35082,6,买盘
2953,13:30:07,58.46,5846,1,卖盘
2954,13:30:10,58.46,122772,21,卖盘
2955,13:30:13,58.46,479370,82,买盘
2956,13:30:16,58.46,146142,25,买盘
2957,13:30:19,58.45,496827,85,卖盘
2958,13:30:22,58.44,1075452,184,卖盘
2959,13:30:25,58.42,157733,27,卖盘
2960,13:30:28,58.42,227809,39,买盘
2961,13:30:31,58.42,280389,48,买盘
2962,13:30:34,58.42,17526,3,买盘
2963,13:30:37,58.41,636669,109,卖盘
2964,13:30:40,58.42,1261850,216,买盘
2965,13:30:43,58.42,52574,9,买盘
2966,13:30:46,58.41,706776,121,卖盘
2967,13:30:49,58.4,770879,132,卖盘
2968,13:30:52,58.35,811503,139,卖盘
2969,13:30:55,58.32,52509,9,卖盘
2970,13:30:58,58.32,145810,25,卖盘
2971,13:31:01,58.33,588908,101,买盘
2972,13:31:04,58.32,664912,114,卖盘
2973,13:31:07,58.33,1207331,207,买盘
2974,13:31:10,58.34,239191,41,买盘
2975,13:31:13,58.34,478241,82,买盘
2976,13:31:16,58.34,315028,54,买盘
2977,13:31:19,58.35,116692,20,买盘
2978,13:31:22,58.34,93344,16,卖盘
2979,13:31:25,58.35,396743,68,买盘
2980,13:31:28,58.33,75833,13,卖盘
2981,13:31:34,58.33,163310,28,买盘
2982,13:31:37,58.33,58330,10,买盘
2983,13:31:40,58.33,717458,123,买盘
2984,13:31:43,58.34,46670,8,买盘
2985,13:31:46,58.33,449152,77,卖盘
2986,13:31:49,58.33,151658,26,买盘
2987,13:31:52,58.32,11664,2,卖盘
2988,13:31:55,58.33,956612,164,买盘
2989,13:31:58,58.33,128328,22,卖盘
2990,13:32:01,58.34,52506,9,买盘
2991,13:32:04,58.34,414204,71,买盘
2992,13:32:07,58.35,280034,48,买盘
2993,13:32:10,58.34,1791040,307,卖盘
2994,13:32:13,58.33,425858,73,卖盘
2995,13:32:16,58.34,227506,39,买盘
2996,13:32:19,58.34,75840,13,买盘
2997,13:32:22,58.33,110828,19,卖盘
2998,13:32:25,58.33,186659,32,卖盘
2999,13:32:28,58.33,46664,8,卖盘
3000,13:32:31,58.32,262472,45,卖盘
3001,13:32:34,58.32,17496,3,卖盘
3002,13:32:37,58.33,87487,15,买盘
3003,13:32:43,58.33,64163,11,买盘
3004,13:32:46,58.33,169145,29,买盘
3005,13:32:49,58.33,75819,13,买盘
3006,13:32:52,58.32,303264,52,卖盘
3007,13:32:55,58.33,104987,18,买盘
3008,13:32:58,58.32,75816,13,卖盘
3009,13:33:01,58.32,676523,116,卖盘
3010,13:33:04,58.31,87466,15,卖盘
3011,13:33:07,58.29,1510080,259,卖盘
3012,13:33:10,58.29,448790,77,买盘
3013,13:33:13,58.29,291450,50,买盘
3014,13:33:16,58.28,419633,72,卖盘
3015,13:33:19,58.29,897652,154,买盘
3016,13:33:22,58.29,93261,16,买盘
3017,13:33:25,58.29,291484,50,卖盘
3018,13:33:28,58.29,75777,13,中性盘
3019,13:33:31,58.29,122413,21,卖盘
3020,13:33:34,58.29,145725,25,卖盘
3021,13:33:37,58.29,1020165,175,卖盘
3022,13:33:40,58.28,542083,93,卖盘
3023,13:33:43,58.29,233207,40,中性盘
3024,13:33:46,58.29,186545,32,卖盘
3025,13:33:49,58.31,75797,13,买盘
3026,13:33:52,58.3,93280,16,卖盘
3027,13:33:55,58.3,833690,143,买盘
3028,13:33:58,58.31,34981,6,买盘
3029,13:34:01,58.31,384821,66,买盘
3030,13:34:04,58.31,717108,123,买盘
3031,13:34:07,58.28,460515,79,卖盘
3032,13:34:10,58.3,174893,30,买盘
3033,13:34:13,58.3,1125039,193,买盘
3034,13:34:16,58.29,93275,16,卖盘
3035,13:34:19,58.29,268179,46,卖盘
3036,13:34:22,58.3,29150,5,买盘
3037,13:34:25,58.29,3154033,541,卖盘
3038,13:34:28,58.33,833827,143,买盘
3039,13:34:31,58.31,64137,11,卖盘
3040,13:34:34,58.32,134106,23,中性盘
3041,13:34:40,58.32,110803,19,买盘
3042,13:34:43,58.32,29159,5,买盘
3043,13:34:46,58.31,180770,31,卖盘
3044,13:34:49,58.31,1084569,186,卖盘
3045,13:34:52,58.31,408070,70,买盘
3046,13:34:55,58.29,5829,1,卖盘
3047,13:34:58,58.3,204056,35,买盘
3048,13:35:01,58.29,209861,36,卖盘
3049,13:35:04,58.29,186541,32,卖盘
3050,13:35:07,58.26,1375319,236,卖盘
3051,13:35:10,58.25,1170825,201,卖盘
3052,13:35:13,58.25,58252,10,卖盘
3053,13:35:16,58.26,139813,24,买盘
3054,13:35:19,58.25,233025,40,卖盘
