,成交时间,成交价格,成交金额,成交量,性质
0,09:25:01,63.51,4146568,653,卖盘
1,09:30:01,63.51,50808,8,卖盘
2,09:30:04,63.51,933597,147,卖盘
3,09:30:07,63.44,984198,155,卖盘
4,09:30:10,63.48,710554,112,买盘
5,09:30:13,63.48,691692,109,买盘
6,09:30:17,63.45,717411,113,卖盘
7,09:30:19,63.48,1028604,162,中性盘
8,09:30:22,63.51,571576,90,买盘
9,09:30:25,63.45,768370,121,卖盘
10,09:30:28,63.59,971944,153,买盘
11,09:30:31,63.45,1447117,228,卖盘
12,09:30:34,63.47,838213,132,买盘
13,09:30:37,63.5,469845,74,中性盘
14,09:30:40,63.52,742680,117,买盘
15,09:30:43,63.6,266762,42,中性盘
16,09:30:46,63.5,222326,35,卖盘
17,09:30:49,63.51,679458,107,买盘
18,09:30:52,63.51,362129,57,买盘
19,09:30:55,63.6,69894,11,买盘
20,09:30:58,63.59,266907,42,中性盘
21,09:31:01,63.61,591473,93,买盘
22,09:31:05,63.61,884468,139,卖盘
23,09:31:07,63.63,171821,27,买盘
24,09:31:10,63.65,101840,16,买盘
25,09:31:13,63.76,395187,62,买盘
26,09:31:16,63.76,95628,15,买盘
27,09:31:19,63.7,344097,54,卖盘
28,09:31:22,63.75,293195,46,中性盘
29,09:31:26,63.78,1784925,280,买盘
30,09:31:28,63.79,216858,34,买盘
31,09:31:31,63.8,102077,16,买盘
32,09:31:34,63.81,484888,76,买盘
33,09:31:37,63.81,216972,34,卖盘
34,09:31:40,63.89,510783,80,买盘
35,09:31:43,63.89,95820,15,买盘
36,09:31:46,63.86,9871054,1545,卖盘
37,09:31:49,63.94,389945,61,买盘
38,09:31:52,63.99,1931810,302,买盘
39,09:31:55,64.0,1459453,228,买盘
40,09:31:59,64.01,505715,79,中性盘
41,09:32:01,64.07,576727,90,买盘
42,09:32:04,64.1,1108914,173,买盘
43,09:32:07,64.1,1589768,248,中性盘
44,09:32:10,64.15,262988,41,中性盘
45,09:32:13,64.13,525920,82,卖盘
46,09:32:17,64.03,346131,54,卖盘
47,09:32:19,64.13,2103178,328,买盘
48,09:32:22,64.12,1179166,184,中性盘
49,09:32:25,63.99,877174,137,卖盘
50,09:32:28,64.0,499195,78,买盘
51,09:32:31,64.0,185597,29,卖盘
52,09:32:34,64.1,1024414,160,买盘
53,09:32:37,64.1,1414937,221,买盘
54,09:32:40,64.09,313983,49,中性盘
55,09:32:43,64.1,474418,74,卖盘
56,09:32:46,64.1,1134926,177,卖盘
57,09:32:49,63.99,1235533,193,卖盘
58,09:32:52,63.99,979609,153,买盘
59,09:32:55,63.99,320083,50,卖盘
60,09:32:58,63.99,237041,37,卖盘
61,09:33:01,64.0,492750,77,卖盘
62,09:33:04,63.99,1196991,187,卖盘
63,09:33:08,64.01,640189,100,买盘
64,09:33:10,64.0,576205,90,卖盘
65,09:33:13,63.91,857639,134,卖盘
66,09:33:16,63.83,1003264,157,卖盘
67,09:33:19,63.88,70263,11,买盘
68,09:33:22,63.83,395817,62,卖盘
69,09:33:25,63.82,261680,41,中性盘
70,09:33:28,63.82,146803,23,买盘
71,09:33:31,63.87,261682,41,买盘
72,09:33:34,63.81,108538,17,卖盘
73,09:33:37,63.88,140488,22,买盘
74,09:33:40,63.88,191608,30,买盘
75,09:33:43,63.86,19158,3,卖盘
76,09:33:46,63.88,19160,3,中性盘
77,09:33:49,63.86,383156,60,卖盘
78,09:33:52,63.82,376565,59,卖盘
79,09:33:55,63.71,1154789,181,卖盘
80,09:33:58,63.66,420426,66,卖盘
81,09:34:01,63.66,50959,8,卖盘
82,09:34:04,63.68,420053,66,中性盘
83,09:34:07,63.66,688441,108,中性盘
84,09:34:10,63.66,38200,6,卖盘
85,09:34:13,63.66,95507,15,卖盘
86,09:34:16,63.69,38208,6,买盘
87,09:34:19,63.69,140135,22,卖盘
88,09:34:22,63.7,114665,18,买盘
89,09:34:25,63.73,108351,17,中性盘
90,09:34:28,63.7,235721,37,卖盘
91,09:34:31,63.74,1490692,234,卖盘
92,09:34:34,63.78,159449,25,卖盘
93,09:34:37,63.79,127577,20,买盘
94,09:34:40,63.8,82963,13,中性盘
95,09:34:43,63.79,357238,56,卖盘
96,09:34:46,63.8,146707,23,买盘
97,09:34:49,63.72,586380,92,卖盘
98,09:34:52,63.72,19121,3,卖盘
99,09:34:55,63.76,344289,54,买盘
100,09:34:58,63.73,554590,87,中性盘
101,09:35:01,63.76,484340,76,中性盘
102,09:35:04,63.76,165783,26,中性盘
103,09:35:07,63.73,197540,31,卖盘
104,09:35:10,63.73,471590,74,买盘
105,09:35:13,63.73,854414,134,买盘
106,09:35:16,63.66,1668985,262,卖盘
107,09:35:19,63.7,401511,63,买盘
108,09:35:22,63.66,241999,38,卖盘
109,09:35:25,63.64,509218,80,卖盘
110,09:35:29,63.65,279990,44,买盘
111,09:35:31,63.63,69977,11,中性盘
112,09:35:34,63.59,1552318,244,卖盘
113,09:35:38,63.62,820677,129,买盘
114,09:35:40,63.62,725478,114,卖盘
115,09:35:43,63.62,311771,49,卖盘
116,09:35:46,63.65,44551,7,买盘
117,09:35:49,63.59,604218,95,卖盘
118,09:35:52,63.53,171617,27,卖盘
119,09:35:55,63.52,533700,84,卖盘
120,09:35:58,63.53,1257534,198,中性盘
121,09:36:01,63.5,584361,92,卖盘
122,09:36:04,63.5,1606671,253,卖盘
123,09:36:08,63.59,101688,16,买盘
124,09:36:10,63.59,120830,19,中性盘
125,09:36:13,63.69,184606,29,买盘
126,09:36:16,63.71,877343,138,中性盘
127,09:36:19,63.68,50933,8,中性盘
128,09:36:22,63.66,50906,8,买盘
129,09:36:25,63.69,171818,27,买盘
130,09:36:28,63.7,178259,28,中性盘
131,09:36:31,63.69,76425,12,卖盘
132,09:36:34,63.69,184701,29,买盘
133,09:36:37,63.68,44576,7,中性盘
134,09:36:40,63.68,38210,6,卖盘
135,09:36:43,63.66,2124934,334,卖盘
136,09:36:46,63.69,70045,11,买盘
137,09:36:50,63.67,1025243,161,卖盘
138,09:36:52,63.66,267180,42,中性盘
139,09:36:55,63.62,82715,13,卖盘
140,09:36:58,63.64,50903,8,买盘
141,09:37:01,63.6,1030457,162,卖盘
142,09:37:04,63.59,82655,13,买盘
143,09:37:07,63.57,953349,150,卖盘
144,09:37:10,63.56,108047,17,中性盘
145,09:37:13,63.59,343096,54,买盘
146,09:37:16,63.58,76311,12,中性盘
147,09:37:19,63.61,292449,46,买盘
148,09:37:22,63.62,318056,50,买盘
149,09:37:25,63.64,146313,23,买盘
150,09:37:28,63.63,63613,10,中性盘
151,09:37:31,63.63,178163,28,卖盘
152,09:37:34,63.66,445522,70,买盘
153,09:37:37,63.66,872069,137,买盘
154,09:37:40,63.68,63679,10,中性盘
155,09:37:43,63.68,280103,44,买盘
156,09:37:46,63.68,89162,14,卖盘
157,09:37:49,63.69,76441,12,卖盘
158,09:37:52,63.69,95532,15,卖盘
159,09:37:55,63.72,395009,62,买盘
160,09:37:58,63.69,50956,8,卖盘
161,09:38:01,63.69,503104,79,卖盘
162,09:38:04,63.75,522520,82,买盘
163,09:38:07,63.69,6369,1,卖盘
164,09:38:10,63.76,223121,35,买盘
165,09:38:13,63.72,2224902,349,卖盘
166,09:38:16,63.71,25480,4,中性盘
167,09:38:19,63.67,133729,21,卖盘
168,09:38:22,63.66,108223,17,卖盘
169,09:38:25,63.65,140050,22,卖盘
170,09:38:28,63.64,133653,21,卖盘
171,09:38:31,63.66,197342,31,中性盘
172,09:38:34,63.66,82741,13,买盘
173,09:38:37,63.66,788844,124,买盘
174,09:38:43,63.62,63620,10,卖盘
175,09:38:46,63.62,76344,12,中性盘
176,09:38:49,63.61,216283,34,卖盘
177,09:38:52,63.65,209964,33,买盘
178,09:38:55,63.62,171787,27,卖盘
179,09:38:58,63.63,82701,13,中性盘
180,09:39:01,63.62,101837,16,卖盘
181,09:39:04,63.63,31815,5,中性盘
182,09:39:07,63.63,12726,2,卖盘
183,09:39:10,63.65,95453,15,买盘
184,09:39:13,63.69,521868,82,买盘
185,09:39:16,63.66,19098,3,卖盘
186,09:39:19,63.67,44573,7,中性盘
187,09:39:22,63.68,1031922,162,中性盘
188,09:39:25,63.7,12744,2,中性盘
189,09:39:28,63.77,598622,94,买盘
190,09:39:31,63.7,267609,42,卖盘
191,09:39:34,63.7,63710,10,卖盘
192,09:39:37,63.7,114658,18,卖盘
193,09:39:40,63.65,585791,92,卖盘
194,09:39:43,63.63,267279,42,卖盘
195,09:39:46,63.57,973042,153,卖盘
196,09:39:49,63.6,419630,66,买盘
197,09:39:52,63.6,260791,41,中性盘
198,09:39:55,63.57,127212,20,卖盘
199,09:39:58,63.57,69958,11,卖盘
200,09:40:01,63.57,286143,45,卖盘
201,09:40:04,63.57,616658,97,卖盘
202,09:40:07,63.59,76287,12,买盘
203,09:40:10,63.57,19074,3,卖盘
204,09:40:13,63.59,1571673,247,中性盘
205,09:40:16,63.58,139917,22,中性盘
206,09:40:19,63.63,139950,22,买盘
207,09:40:22,63.6,25453,4,卖盘
208,09:40:25,63.61,31812,5,中性盘
209,09:40:28,63.65,127270,20,中性盘
210,09:40:31,63.66,165515,26,中性盘
211,09:40:34,63.67,426555,67,中性盘
212,09:40:38,63.68,31836,5,买盘
213,09:40:40,63.69,241968,38,买盘
214,09:40:43,63.67,210048,33,中性盘
215,09:40:46,63.67,553892,87,卖盘
216,09:40:49,63.62,108186,17,卖盘
217,09:40:52,63.62,63618,10,买盘
218,09:40:55,63.61,248127,39,卖盘
219,09:40:58,63.58,387947,61,卖盘
220,09:41:01,63.57,813687,128,卖盘
221,09:41:04,63.54,305053,48,卖盘
222,09:41:07,63.54,38124,6,卖盘
223,09:41:10,63.51,2565465,404,卖盘
224,09:41:13,63.47,1669838,263,卖盘
225,09:41:16,63.51,425418,67,买盘
226,09:41:19,63.46,539701,85,卖盘
227,09:41:22,63.51,317399,50,买盘
228,09:41:25,63.51,38112,6,卖盘
229,09:41:28,63.51,101616,16,卖盘
230,09:41:31,63.5,406229,64,中性盘
231,09:41:34,63.48,469756,74,卖盘
232,09:41:37,63.5,292141,46,中性盘
233,09:41:40,63.48,292092,46,卖盘
234,09:41:43,63.46,679100,107,卖盘
235,09:41:46,63.51,114300,18,中性盘
236,09:41:49,63.48,317605,50,中性盘
237,09:41:52,63.46,114274,18,卖盘
238,09:41:55,63.44,850250,134,卖盘
239,09:41:58,63.46,101528,16,买盘
240,09:42:01,63.44,368035,58,卖盘
241,09:42:05,63.44,253726,40,买盘
242,09:42:08,63.41,1864355,294,卖盘
243,09:42:10,63.43,1920899,303,买盘
244,09:42:13,63.38,291677,46,卖盘
245,09:42:16,63.37,240857,38,卖盘
246,09:42:19,63.38,158437,25,卖盘
247,09:42:22,63.37,171124,27,卖盘
248,09:42:25,63.37,69700,11,买盘
249,09:42:28,63.37,399199,63,买盘
250,09:42:31,63.36,1273550,201,卖盘
251,09:42:34,63.35,183753,29,卖盘
252,09:42:37,63.36,285100,45,买盘
253,09:42:40,63.42,297873,47,买盘
254,09:42:43,63.42,424539,67,买盘
255,09:42:46,63.37,431041,68,中性盘
256,09:42:50,63.43,196633,31,买盘
257,09:42:52,63.42,107817,17,卖盘
258,09:42:55,63.39,126824,20,卖盘
259,09:42:58,63.43,57085,9,买盘
260,09:43:01,63.43,386884,61,买盘
261,09:43:04,63.43,69773,11,卖盘
262,09:43:07,63.45,50750,8,买盘
263,09:43:10,63.44,50758,8,中性盘
264,09:43:13,63.48,234797,37,买盘
265,09:43:16,63.49,196799,31,买盘
266,09:43:19,63.55,152449,24,买盘
267,09:43:22,63.56,76281,12,中性盘
268,09:43:25,63.58,127173,20,卖盘
269,09:43:29,63.61,38160,6,买盘
270,09:43:31,63.58,864735,136,卖盘
271,09:43:34,63.56,1608631,253,中性盘
272,09:43:37,63.64,44548,7,买盘
273,09:43:40,63.65,241820,38,买盘
274,09:43:43,63.65,6365,1,买盘
275,09:43:47,63.65,216405,34,买盘
276,09:43:49,63.65,210045,33,卖盘
277,09:43:52,63.66,623818,98,买盘
278,09:43:55,63.66,687383,108,买盘
279,09:43:58,63.66,203713,32,卖盘
280,09:44:01,63.7,324757,51,买盘
281,09:44:04,63.72,414184,65,买盘
282,09:44:07,63.75,25497,4,买盘
283,09:44:11,63.82,963484,151,买盘
284,09:44:13,63.82,759458,119,卖盘
285,09:44:16,63.81,1716750,269,卖盘
286,09:44:19,63.8,312515,49,中性盘
287,09:44:22,63.81,229707,36,买盘
288,09:44:25,63.91,1308701,205,买盘
289,09:44:28,63.9,217220,34,买盘
290,09:44:31,63.81,287163,45,卖盘
291,09:44:34,63.8,121219,19,中性盘
292,09:44:37,63.8,382815,60,卖盘
293,09:44:40,63.81,159522,25,卖盘
294,09:44:43,63.83,204231,32,买盘
295,09:44:46,63.82,31910,5,卖盘
296,09:44:49,63.81,57441,9,卖盘
297,09:44:52,63.81,306326,48,卖盘
298,09:44:55,63.8,261613,41,卖盘
299,09:44:58,63.8,236060,37,卖盘
300,09:45:01,63.8,421077,66,买盘
301,09:45:04,63.77,114820,18,卖盘
302,09:45:07,63.77,70148,11,中性盘
303,09:45:10,63.76,63755,10,买盘
304,09:45:13,63.75,95625,15,卖盘
305,09:45:16,63.74,38239,6,中性盘
306,09:45:19,63.69,598954,94,卖盘
307,09:45:22,63.68,76412,12,中性盘
308,09:45:25,63.72,490530,77,买盘
309,09:45:28,63.72,242116,38,买盘
310,09:45:31,63.72,916925,144,卖盘
311,09:45:34,63.7,19110,3,中性盘
312,09:45:37,63.69,44578,7,买盘
313,09:45:40,63.69,127384,20,买盘
314,09:45:44,63.68,197445,31,卖盘
315,09:45:46,63.66,222810,35,卖盘
316,09:45:49,63.65,388273,61,卖盘
317,09:45:52,63.61,101785,16,卖盘
318,09:45:55,63.65,508709,80,买盘
319,09:45:58,63.58,101727,16,卖盘
320,09:46:01,63.57,38141,6,卖盘
321,09:46:05,63.56,266953,42,卖盘
322,09:46:07,63.51,432011,68,卖盘
323,09:46:10,63.52,25406,4,中性盘
324,09:46:13,63.54,717727,113,买盘
325,09:46:16,63.52,101635,16,卖盘
326,09:46:19,63.46,761935,120,卖盘
327,09:46:22,63.43,685141,108,卖盘
328,09:46:25,63.43,107833,17,卖盘
329,09:46:28,63.43,475756,75,卖盘
330,09:46:31,63.42,133183,21,卖盘
331,09:46:34,63.43,786331,124,买盘
332,09:46:37,63.41,697429,110,卖盘
333,09:46:40,63.41,285331,45,卖盘
334,09:46:43,63.4,405796,64,卖盘
335,09:46:46,63.4,145826,23,卖盘
336,09:46:49,63.43,1458346,230,买盘
337,09:46:52,63.43,393265,62,买盘
338,09:46:55,63.47,1960318,309,买盘
339,09:46:58,63.51,640956,101,买盘
340,09:47:01,63.48,139661,22,卖盘
341,09:47:04,63.35,3918806,618,卖盘
342,09:47:07,63.4,253702,40,中性盘
343,09:47:10,63.37,234511,37,卖盘
344,09:47:13,63.37,386609,61,买盘
345,09:47:16,63.37,361192,57,买盘
346,09:47:19,63.41,202802,32,买盘
347,09:47:22,63.37,259831,41,卖盘
348,09:47:25,63.41,221841,35,买盘
349,09:47:29,63.39,19022,3,中性盘
350,09:47:31,63.4,133110,21,中性盘
351,09:47:34,63.38,158462,25,卖盘
352,09:47:37,63.39,145812,23,买盘
353,09:47:41,63.38,133116,21,卖盘
354,09:47:43,63.38,95086,15,卖盘
355,09:47:46,63.44,577121,91,买盘
356,09:47:49,63.52,914400,144,买盘
357,09:47:52,63.53,82584,13,买盘
358,09:47:55,63.53,12706,2,买盘
359,09:47:58,63.53,990969,156,买盘
360,09:48:01,63.58,285930,45,买盘
361,09:48:04,63.58,679774,107,买盘
362,09:48:07,63.6,50868,8,买盘
363,09:48:11,63.61,680540,107,买盘
364,09:48:13,63.61,737872,116,买盘
365,09:48:20,63.61,375353,59,卖盘
366,09:48:22,63.61,178086,28,买盘
367,09:48:25,63.6,368901,58,卖盘
368,09:48:28,63.58,216240,34,卖盘
369,09:48:31,63.58,171657,27,卖盘
370,09:48:34,63.59,95348,15,买盘
371,09:48:37,63.58,178063,28,中性盘
372,09:48:40,63.61,152623,24,买盘
373,09:48:43,63.59,438894,69,卖盘
374,09:48:46,63.61,279844,44,买盘
375,09:48:49,63.57,432296,68,卖盘
376,09:48:52,63.53,76259,12,卖盘
377,09:48:55,63.52,844851,133,卖盘
378,09:48:58,63.52,127036,20,卖盘
379,09:49:01,63.5,107938,17,买盘
380,09:49:04,63.49,425332,67,买盘
381,09:49:07,63.45,120586,19,卖盘
382,09:49:10,63.44,906783,143,卖盘
383,09:49:13,63.44,107842,17,买盘
384,09:49:16,63.43,171273,27,卖盘
385,09:49:19,63.44,152246,24,中性盘
386,09:49:22,63.48,488783,77,买盘
387,09:49:25,63.48,57132,9,买盘
388,09:49:28,63.47,57130,9,卖盘
389,09:49:31,63.48,171421,27,买盘
390,09:49:34,63.48,247572,39,卖盘
391,09:49:41,63.5,44455,7,中性盘
392,09:49:43,63.51,406303,64,买盘
393,09:49:46,63.51,101587,16,买盘
394,09:49:49,63.49,184132,29,卖盘
395,09:49:53,63.47,279323,44,卖盘
396,09:49:55,63.47,241180,38,卖盘
397,09:49:58,63.47,76161,12,买盘
398,09:50:01,63.47,215784,34,买盘
399,09:50:04,63.48,6348,1,买盘
400,09:50:07,63.49,311178,49,买盘
401,09:50:10,63.56,25405,4,买盘
402,09:50:13,63.51,6351,1,卖盘
403,09:50:16,63.55,241471,38,买盘
404,09:50:19,63.54,50832,8,中性盘
405,09:50:22,63.58,25432,4,买盘
406,09:50:25,63.59,108092,17,买盘
407,09:50:28,63.59,457847,72,买盘
408,09:50:31,63.51,2139895,337,卖盘
409,09:50:34,63.49,146034,23,中性盘
410,09:50:37,63.51,50798,8,买盘
411,09:50:40,63.45,241204,38,卖盘
412,09:50:43,63.49,44454,7,卖盘
413,09:50:46,63.48,57129,9,买盘
414,09:50:49,63.47,82523,13,卖盘
415,09:50:52,63.47,184071,29,卖盘
416,09:50:55,63.48,152355,24,买盘
417,09:50:58,63.43,488557,77,卖盘
418,09:51:01,63.41,849746,134,卖盘
419,09:51:04,63.38,1775003,280,卖盘
420,09:51:08,63.37,145756,23,卖盘
421,09:51:10,63.37,221798,35,卖盘
422,09:51:13,63.37,348557,55,卖盘
423,09:51:16,63.38,152099,24,买盘
424,09:51:19,63.37,177439,28,卖盘
425,09:51:22,63.38,19014,3,买盘
426,09:51:25,63.37,424584,67,卖盘
427,09:51:28,63.35,1229207,194,卖盘
428,09:51:32,63.37,792003,125,买盘
429,09:51:34,63.35,1076958,170,卖盘
430,09:51:37,63.33,443381,70,卖盘
431,09:51:41,63.35,44335,7,买盘
432,09:51:43,63.35,474997,75,买盘
433,09:51:46,63.34,158334,25,中性盘
434,09:51:50,63.34,63340,10,买盘
435,09:51:52,63.34,1177923,186,买盘
436,09:51:55,63.35,215324,34,买盘
437,09:51:58,63.33,196305,31,中性盘
438,09:52:01,63.32,139314,22,卖盘
439,09:52:04,63.32,208956,33,买盘
440,09:52:07,63.34,635097,100,买盘
441,09:52:10,63.33,107647,17,中性盘
442,09:52:13,63.3,2538802,401,卖盘
443,09:52:16,63.28,833650,132,卖盘
444,09:52:20,63.28,1360814,215,卖盘
445,09:52:22,63.26,373314,59,卖盘
446,09:52:25,63.26,82240,13,卖盘
447,09:52:28,63.26,132845,21,买盘
448,09:52:31,63.27,512349,81,买盘
449,09:52:34,63.27,37962,6,买盘
450,09:52:37,63.29,619881,98,买盘
451,09:52:40,63.3,234238,37,买盘
452,09:52:43,63.35,31665,5,买盘
453,09:52:46,63.3,31650,5,卖盘
454,09:52:49,63.28,405067,64,卖盘
455,09:52:52,63.32,63338,10,卖盘
456,09:52:55,63.33,38001,6,中性盘
457,09:52:59,63.36,196381,31,买盘
458,09:53:01,63.39,525989,83,买盘
459,09:53:05,63.36,297856,47,卖盘
460,09:53:07,63.36,57027,9,卖盘
461,09:53:10,63.39,12678,2,买盘
462,09:53:14,63.41,240914,38,买盘
463,09:53:16,63.4,44380,7,卖盘
464,09:53:19,63.41,19023,3,买盘
465,09:53:23,63.4,469170,74,卖盘
466,09:53:26,63.44,221927,35,买盘
467,09:53:29,63.4,88809,14,卖盘
468,09:53:31,63.46,177603,28,买盘
469,09:53:34,63.45,31723,5,中性盘
470,09:53:40,63.43,38058,6,中性盘
471,09:53:43,63.42,348987,55,卖盘
472,09:53:49,63.44,552011,87,卖盘
473,09:53:53,63.42,856369,135,卖盘
474,09:53:55,63.46,228388,36,买盘
475,09:53:58,63.42,95154,15,卖盘
476,09:54:01,63.41,595986,94,卖盘
477,09:54:04,63.4,329870,52,中性盘
478,09:54:10,63.41,114189,18,卖盘
479,09:54:13,63.44,50747,8,买盘
480,09:54:16,63.47,247446,39,买盘
481,09:54:19,63.49,82537,13,买盘
482,09:54:23,63.5,12700,2,买盘
483,09:54:25,63.51,139709,22,买盘
484,09:54:29,63.52,50816,8,买盘
485,09:54:31,63.51,38103,6,中性盘
486,09:54:34,63.51,57158,9,买盘
487,09:54:37,63.52,222301,35,买盘
488,09:54:40,63.51,38112,6,卖盘
489,09:54:43,63.53,44461,7,买盘
490,09:54:46,63.5,577960,91,卖盘
491,09:54:49,63.54,298550,47,买盘
492,09:54:53,63.53,114349,18,卖盘
493,09:54:55,63.53,107997,17,买盘
494,09:54:58,63.53,196943,31,买盘
495,09:55:01,63.59,908794,143,买盘
496,09:55:04,63.53,190665,30,卖盘
497,09:55:07,63.6,114437,18,买盘
498,09:55:10,63.59,6359,1,买盘
499,09:55:14,63.59,127164,20,买盘
500,09:55:16,63.6,108108,17,买盘
501,09:55:19,63.6,101759,16,买盘
502,09:55:22,63.6,101751,16,买盘
503,09:55:26,63.57,209784,33,卖盘
504,09:55:28,63.56,305101,48,卖盘
505,09:55:31,63.55,228801,36,卖盘
506,09:55:34,63.54,438431,69,卖盘
507,09:55:37,63.53,114339,18,卖盘
508,09:55:40,63.56,330409,52,买盘
509,09:55:43,63.55,152466,24,买盘
510,09:55:46,63.54,6354,1,中性盘
511,09:55:52,63.54,6354,1,买盘
512,09:55:56,63.54,146142,23,买盘
513,09:55:58,63.51,622489,98,卖盘
514,09:56:01,63.51,641438,101,买盘
515,09:56:04,63.5,69852,11,卖盘
516,09:56:07,63.49,253984,40,卖盘
517,09:56:10,63.49,412505,65,买盘
518,09:56:13,63.49,794176,125,卖盘
519,09:56:16,63.5,165086,26,买盘
520,09:56:19,63.5,95253,15,卖盘
521,09:56:22,63.5,63500,10,卖盘
522,09:56:25,63.52,57164,9,买盘
523,09:56:28,63.5,82565,13,卖盘
524,09:56:31,63.5,12700,2,卖盘
525,09:56:34,63.5,69853,11,卖盘
526,09:56:37,63.49,196845,31,中性盘
527,09:56:40,63.5,6350,1,买盘
528,09:56:43,63.48,38094,6,卖盘
529,09:56:46,63.51,361943,57,买盘
530,09:56:49,63.5,25400,4,中性盘
531,09:56:53,63.52,88925,14,买盘
532,09:56:56,63.49,158788,25,中性盘
533,09:56:58,63.5,133347,21,买盘
534,09:57:01,63.49,82528,13,中性盘
535,09:57:04,63.48,44442,7,中性盘
536,09:57:07,63.5,12700,2,买盘
537,09:57:10,63.51,12702,2,买盘
538,09:57:13,63.52,12702,2,买盘
539,09:57:16,63.52,31760,5,中性盘
540,09:57:19,63.52,25417,4,卖盘
541,09:57:23,63.52,31760,5,买盘
542,09:57:25,63.52,31760,5,买盘
543,09:57:28,63.52,50820,8,卖盘
544,09:57:31,63.49,330186,52,卖盘
545,09:57:34,63.48,38088,6,卖盘
546,09:57:37,63.49,323844,51,买盘
547,09:57:41,63.51,12699,2,中性盘
548,09:57:43,63.5,101603,16,中性盘
549,09:57:46,63.51,25404,4,买盘
550,09:57:49,63.49,152383,24,卖盘
551,09:57:52,63.5,323786,51,中性盘
552,09:57:55,63.48,177744,28,买盘
553,09:57:58,63.51,95245,15,买盘
554,09:58:01,63.54,336765,53,买盘
555,09:58:05,63.55,63551,10,中性盘
556,09:58:07,63.55,44496,7,卖盘
557,09:58:10,63.56,12712,2,卖盘
558,09:58:14,63.57,629385,99,买盘
559,09:58:20,63.6,120799,19,买盘
560,09:58:22,63.59,25435,4,中性盘
561,09:58:25,63.6,63585,10,买盘
562,09:58:28,63.6,298845,47,买盘
563,09:58:31,63.57,171668,27,卖盘
564,09:58:34,63.58,69944,11,中性盘
565,09:58:37,63.6,178072,28,买盘
566,09:58:40,63.62,222649,35,买盘
567,09:58:43,63.61,89074,14,卖盘
568,09:58:46,63.62,50890,8,中性盘
569,09:58:49,63.58,228934,36,卖盘
570,09:58:53,63.61,44525,7,买盘
571,09:58:55,63.45,927175,146,卖盘
572,09:58:58,63.61,267067,42,买盘
573,09:59:01,63.61,82693,13,卖盘
574,09:59:04,63.6,273519,43,卖盘
575,09:59:08,63.62,222625,35,买盘
576,09:59:10,63.61,133593,21,中性盘
577,09:59:13,63.57,158983,25,卖盘
578,09:59:16,63.55,69923,11,卖盘
579,09:59:19,63.57,127084,20,买盘
580,09:59:22,63.56,95336,15,中性盘
581,09:59:25,63.56,69916,11,卖盘
582,09:59:31,63.56,133460,21,买盘
583,09:59:34,63.55,158884,25,卖盘
584,09:59:37,63.57,95344,15,买盘
585,09:59:40,63.56,184324,29,卖盘
586,09:59:44,63.56,25424,4,卖盘
587,09:59:46,63.57,57211,9,买盘
588,09:59:52,63.6,108105,17,买盘
589,09:59:56,63.57,394301,62,卖盘
590,09:59:59,63.6,19080,3,买盘
591,10:00:01,63.61,286147,45,买盘
592,10:00:04,63.6,286059,45,买盘
593,10:00:07,63.6,38151,6,买盘
594,10:00:10,63.57,63591,10,卖盘
595,10:00:13,63.55,101680,16,卖盘
596,10:00:17,63.55,158872,25,卖盘
597,10:00:20,63.53,12706,2,中性盘
598,10:00:23,63.54,412785,65,买盘
599,10:00:25,63.48,12697,2,中性盘
600,10:00:28,63.48,247572,39,卖盘
601,10:00:32,63.46,120577,19,卖盘
602,10:00:34,63.46,215749,34,买盘
603,10:00:37,63.45,209388,33,卖盘
604,10:00:40,63.45,355330,56,卖盘
605,10:00:43,63.38,1617004,255,卖盘
606,10:00:46,63.38,57037,9,买盘
607,10:00:49,63.4,310591,49,买盘
608,10:00:52,63.45,1717644,271,买盘
609,10:00:55,63.46,63449,10,买盘
610,10:00:58,63.46,25381,4,买盘
611,10:01:01,63.42,12684,2,卖盘
612,10:01:04,63.42,882309,139,买盘
613,10:01:07,63.46,69786,11,买盘
614,10:01:10,63.51,228534,36,买盘
615,10:01:14,63.51,76217,12,中性盘
616,10:01:16,63.52,165266,26,中性盘
617,10:01:20,63.56,31782,5,买盘
618,10:01:22,63.57,330540,52,买盘
619,10:01:25,63.55,69889,11,中性盘
620,10:01:28,63.53,12706,2,中性盘
621,10:01:31,63.52,38113,6,卖盘
622,10:01:34,63.52,114347,18,卖盘
623,10:01:37,63.52,165159,26,卖盘
624,10:01:40,63.51,57161,9,卖盘
625,10:01:43,63.54,50819,8,买盘
626,10:01:50,63.57,1607859,253,买盘
627,10:01:53,63.58,1068443,168,卖盘
628,10:01:55,63.58,254291,40,中性盘
629,10:01:58,63.58,25427,4,买盘
630,10:02:01,63.57,139873,22,卖盘
631,10:02:04,63.56,610430,96,卖盘
632,10:02:07,63.58,76281,12,中性盘
633,10:02:10,63.56,12713,2,卖盘
634,10:02:13,63.58,25431,4,买盘
635,10:02:16,63.57,25430,4,中性盘
636,10:02:19,63.56,63560,10,卖盘
637,10:02:22,63.55,762652,120,卖盘
638,10:02:25,63.56,2802344,441,买盘
639,10:02:28,63.54,184212,29,中性盘
640,10:02:31,63.6,921630,145,买盘
641,10:02:34,63.6,133559,21,买盘
642,10:02:37,63.61,57255,9,中性盘
643,10:02:44,63.63,216303,34,买盘
644,10:02:46,63.63,25452,4,中性盘
645,10:02:50,63.63,6363,1,买盘
646,10:02:52,63.63,69993,11,卖盘
647,10:02:55,63.63,76356,12,买盘
648,10:02:59,63.63,108172,17,卖盘
649,10:03:01,63.63,6363,1,卖盘
650,10:03:04,63.62,114536,18,卖盘
651,10:03:07,63.69,827354,130,买盘
652,10:03:11,63.67,210166,33,卖盘
653,10:03:13,63.69,6369,1,卖盘
654,10:03:16,63.7,25481,4,卖盘
655,10:03:20,63.72,121075,19,买盘
656,10:03:22,63.72,38225,6,买盘
657,10:03:25,63.7,312217,49,卖盘
658,10:03:28,63.7,63705,10,卖盘
659,10:03:31,63.72,44602,7,买盘
660,10:03:35,63.73,178422,28,买盘
661,10:03:41,63.75,223063,35,买盘
662,10:03:43,63.75,76500,12,买盘
663,10:03:47,63.76,31876,5,中性盘
664,10:03:50,63.77,12754,2,买盘
665,10:03:52,63.77,76523,12,买盘
666,10:03:55,63.78,25511,4,买盘
667,10:03:58,63.78,44644,7,买盘
668,10:04:01,63.78,248787,39,买盘
669,10:04:04,63.81,31898,5,买盘
670,10:04:07,63.81,12762,2,买盘
671,10:04:10,63.79,255260,40,卖盘
672,10:04:13,63.81,899654,141,买盘
673,10:04:17,63.82,287150,45,中性盘
674,10:04:19,63.83,57440,9,买盘
675,10:04:22,63.81,159529,25,卖盘
676,10:04:25,63.81,1244264,195,买盘
677,10:04:28,63.81,874077,137,买盘
678,10:04:31,63.81,644479,101,买盘
679,10:04:34,63.8,38280,6,卖盘
680,10:04:37,63.81,63808,10,买盘
681,10:04:40,63.78,89318,14,卖盘
682,10:04:43,63.82,510458,80,买盘
683,10:04:46,63.83,153180,24,买盘
684,10:04:49,63.82,38296,6,卖盘
685,10:04:53,63.84,114863,18,买盘
686,10:04:55,63.84,172354,27,买盘
687,10:04:58,63.83,89359,14,买盘
688,10:05:01,63.79,121215,19,卖盘
689,10:05:04,63.78,625290,98,卖盘
690,10:05:07,63.78,44646,7,卖盘
691,10:05:10,63.8,76555,12,买盘
692,10:05:14,63.77,25514,4,卖盘
693,10:05:17,63.8,172214,27,买盘
694,10:05:19,63.8,612453,96,买盘
695,10:05:23,63.8,51040,8,卖盘
696,10:05:25,63.82,63811,10,买盘
697,10:05:28,63.81,57429,9,卖盘
698,10:05:32,63.83,51057,8,买盘
699,10:05:35,63.83,70211,11,买盘
700,10:05:38,63.83,25530,4,买盘
701,10:05:41,63.81,401966,63,卖盘
702,10:05:44,63.83,217016,34,买盘
703,10:05:46,63.83,25532,4,买盘
704,10:05:52,63.8,114854,18,卖盘
705,10:05:55,63.82,242510,38,买盘
706,10:05:58,63.82,70202,11,卖盘
707,10:06:01,63.8,248846,39,卖盘
708,10:06:04,63.81,325476,51,中性盘
709,10:06:07,63.83,689257,108,买盘
710,10:06:10,63.83,331789,52,买盘
711,10:06:20,63.82,57433,9,买盘
712,10:06:22,63.81,25524,4,买盘
713,10:06:26,63.81,357413,56,卖盘
714,10:06:28,63.83,363829,57,买盘
715,10:06:31,63.8,1212719,190,卖盘
716,10:06:34,63.81,210589,33,买盘
717,10:06:37,63.82,178711,28,买盘
718,10:06:40,63.81,12762,2,卖盘
719,10:06:43,63.83,593517,93,买盘
720,10:06:46,63.82,70212,11,中性盘
721,10:06:49,63.8,740080,116,卖盘
722,10:06:52,63.8,38280,6,买盘
723,10:06:55,63.82,44664,7,买盘
724,10:06:58,63.8,127602,20,卖盘
725,10:07:01,63.81,70182,11,中性盘
726,10:07:05,63.83,338256,53,买盘
727,10:07:07,63.81,248863,39,卖盘
728,10:07:10,63.84,280804,44,买盘
729,10:07:13,63.84,185124,29,买盘
730,10:07:16,63.84,453296,71,买盘
731,10:07:19,63.84,31920,5,买盘
732,10:07:22,63.84,210727,33,卖盘
733,10:07:25,63.87,479038,75,买盘
734,10:07:28,63.88,102185,16,买盘
735,10:07:31,63.88,114984,18,买盘
736,10:07:34,63.89,351406,55,买盘
737,10:07:38,63.92,575234,90,买盘
738,10:07:41,63.93,51152,8,买盘
739,10:07:43,63.96,166274,26,买盘
740,10:07:46,63.98,121543,19,买盘
741,10:07:49,63.97,95975,15,卖盘
742,10:07:52,64.0,198370,31,买盘
743,10:07:55,63.99,1452796,227,卖盘
744,10:07:58,63.98,345554,54,卖盘
745,10:08:02,63.97,1119742,175,卖盘
746,10:08:04,63.96,524705,82,卖盘
747,10:08:08,63.96,134331,21,卖盘
748,10:08:11,63.92,709900,111,卖盘
749,10:08:13,63.92,63920,10,卖盘
750,10:08:16,63.95,115074,18,买盘
751,10:08:19,63.93,57537,9,卖盘
752,10:08:23,63.91,76681,12,中性盘
753,10:08:25,63.91,556239,87,中性盘
754,10:08:28,63.89,223653,35,卖盘
755,10:08:31,63.89,38338,6,卖盘
756,10:08:34,63.89,108609,17,买盘
757,10:08:38,63.88,140540,22,卖盘
758,10:08:40,63.91,402579,63,买盘
759,10:08:44,63.93,102264,16,买盘
760,10:08:46,63.9,108633,17,卖盘
761,10:08:49,63.9,19170,3,买盘
762,10:08:53,63.9,57508,9,买盘
763,10:08:55,63.89,19167,3,卖盘
764,10:08:58,63.9,12780,2,买盘
765,10:09:01,63.9,210838,33,买盘
766,10:09:05,63.88,153354,24,卖盘
767,10:09:07,63.88,63880,10,卖盘
768,10:09:10,63.93,1003339,157,买盘
769,10:09:13,63.97,326149,51,买盘
770,10:09:16,63.97,12794,2,中性盘
771,10:09:19,63.98,1955487,306,买盘
772,10:09:23,63.97,102331,16,买盘
773,10:09:26,63.98,364641,57,买盘
774,10:09:28,63.97,172740,27,卖盘
775,10:09:31,63.94,211026,33,卖盘
776,10:09:34,63.89,153429,24,卖盘
777,10:09:37,63.89,70283,11,中性盘
778,10:09:40,63.9,153407,24,中性盘
779,10:09:43,63.94,102296,16,买盘
780,10:09:46,63.93,639381,100,卖盘
781,10:09:49,63.93,210897,33,卖盘
782,10:09:52,63.89,63890,10,卖盘
783,10:09:55,63.88,281062,44,卖盘
784,10:09:59,63.88,19164,3,买盘
785,10:10:02,63.86,51088,8,卖盘
786,10:10:04,63.89,459928,72,买盘
787,10:10:07,63.91,83083,13,买盘
788,10:10:10,63.91,140603,22,卖盘
789,10:10:13,63.87,134165,21,卖盘
790,10:10:16,63.92,702986,110,买盘
791,10:10:22,63.91,38343,6,买盘
792,10:10:25,63.91,38343,6,买盘
793,10:10:28,63.93,44751,7,买盘
794,10:10:31,63.93,38355,6,买盘
795,10:10:34,63.93,294078,46,买盘
796,10:10:38,63.95,44764,7,买盘
797,10:10:40,63.95,51158,8,买盘
798,10:10:44,63.95,38375,6,卖盘
799,10:10:46,63.96,217464,34,买盘
800,10:10:49,63.97,89554,14,买盘
801,10:10:52,63.97,63964,10,买盘
802,10:10:55,63.97,70367,11,买盘
803,10:10:58,63.97,134337,21,买盘
804,10:11:02,63.97,204673,32,买盘
805,10:11:05,63.95,351799,55,卖盘
806,10:11:07,63.93,294133,46,卖盘
807,10:11:10,63.93,364440,57,卖盘
808,10:11:13,63.9,671575,105,卖盘
809,10:11:16,63.96,383652,60,买盘
810,10:11:25,63.89,473174,74,卖盘
811,10:11:28,63.87,178842,28,卖盘
812,10:11:32,63.86,25544,4,卖盘
813,10:11:35,63.9,836756,131,买盘
814,10:11:43,63.9,95832,15,买盘
815,10:11:46,63.87,19161,3,卖盘
816,10:11:49,63.89,38329,6,买盘
817,10:11:52,63.86,83026,13,卖盘
818,10:11:55,63.86,44699,7,买盘
819,10:11:58,63.86,83007,13,买盘
820,10:12:01,63.85,197938,31,卖盘
821,10:12:05,63.86,31926,5,买盘
822,10:12:08,63.85,6385,1,中性盘
823,10:12:10,63.85,166026,26,买盘
824,10:12:13,63.84,210672,33,卖盘
825,10:12:16,63.83,261756,41,卖盘
826,10:12:19,63.82,121258,19,卖盘
827,10:12:22,63.8,172288,27,卖盘
828,10:12:25,63.79,38275,6,卖盘
829,10:12:28,63.8,44660,7,买盘
830,10:12:31,63.79,242437,38,卖盘
831,10:12:35,63.79,401880,63,卖盘
832,10:12:38,63.79,663416,104,卖盘
833,10:12:41,63.79,51032,8,卖盘
834,10:12:44,63.79,31895,5,卖盘
835,10:12:46,63.79,108443,17,卖盘
836,10:12:49,63.78,89306,14,卖盘
837,10:12:52,63.78,6378,1,卖盘
838,10:12:55,63.77,6377,1,卖盘
839,10:13:01,63.77,82903,13,卖盘
840,10:13:04,63.78,133935,21,买盘
841,10:13:07,63.78,12756,2,卖盘
842,10:13:10,63.78,57401,9,买盘
843,10:13:13,63.79,38271,6,买盘
844,10:13:16,63.78,25510,4,买盘
845,10:13:19,63.78,25511,4,买盘
846,10:13:22,63.79,44651,7,买盘
847,10:13:25,63.79,6379,1,买盘
848,10:13:28,63.78,25513,4,卖盘
849,10:13:31,63.79,223239,35,买盘
850,10:13:35,63.81,38281,6,买盘
851,10:13:38,63.82,19144,3,买盘
852,10:13:46,63.82,44673,7,买盘
853,10:13:49,63.83,38298,6,买盘
854,10:13:52,63.83,31915,5,买盘
855,10:13:55,63.83,31915,5,买盘
856,10:13:58,63.83,363790,57,买盘
857,10:14:01,63.83,19149,3,中性盘
858,10:14:05,63.83,44686,7,卖盘
859,10:14:07,63.83,70219,11,卖盘
860,10:14:10,63.83,25532,4,买盘
861,10:14:13,63.82,38293,6,卖盘
862,10:14:16,63.82,121259,19,卖盘
863,10:14:22,63.8,280759,44,卖盘
864,10:14:25,63.81,6381,1,中性盘
865,10:14:29,63.82,70194,11,买盘
866,10:14:31,63.84,82977,13,买盘
867,10:14:34,63.85,57465,9,卖盘
868,10:14:40,63.85,83005,13,卖盘
869,10:14:43,63.84,51082,8,中性盘
870,10:14:46,63.83,70216,11,卖盘
871,10:14:49,63.84,134086,21,中性盘
872,10:14:52,63.88,236338,37,买盘
873,10:14:55,63.89,191668,30,买盘
874,10:14:58,63.88,44718,7,卖盘
875,10:15:02,63.87,204408,32,卖盘
876,10:15:05,63.9,25558,4,买盘
877,10:15:08,63.92,70292,11,买盘
878,10:15:11,63.9,70309,11,卖盘
879,10:15:14,63.91,57517,9,卖盘
880,10:15:16,63.91,51128,8,买盘
881,10:15:19,63.91,210919,33,买盘
882,10:15:22,63.91,102241,16,买盘
883,10:15:25,63.91,102256,16,买盘
884,10:15:28,63.91,134207,21,买盘
885,10:15:32,63.91,83082,13,中性盘
886,10:15:34,63.91,38359,6,卖盘
887,10:15:41,63.92,12784,2,卖盘
888,10:15:47,63.95,57552,9,买盘
889,10:15:50,63.94,25572,4,买盘
890,10:15:52,63.92,63930,10,卖盘
891,10:15:55,63.92,223719,35,卖盘
892,10:15:58,63.92,102271,16,买盘
893,10:16:01,63.91,83093,13,卖盘
894,10:16:05,63.92,198137,31,买盘
895,10:16:07,63.91,31955,5,买盘
896,10:16:10,63.91,108647,17,买盘
897,10:16:13,63.9,217260,34,卖盘
898,10:16:16,63.89,281175,44,卖盘
899,10:16:20,63.87,581392,91,卖盘
900,10:16:22,63.86,114962,18,卖盘
901,10:16:26,63.9,70290,11,买盘
902,10:16:31,63.87,19161,3,卖盘
903,10:16:34,63.86,12772,2,卖盘
904,10:16:43,63.85,6385,1,卖盘
905,10:16:46,63.86,108541,17,买盘
906,10:16:49,63.85,19154,3,中性盘
907,10:16:52,63.84,63845,10,卖盘
908,10:16:55,63.83,89362,14,卖盘
909,10:16:58,63.82,280813,44,卖盘
910,10:17:02,63.83,459531,72,买盘
911,10:17:04,63.84,63831,10,买盘
912,10:17:08,63.81,178668,28,卖盘
913,10:17:11,63.82,25527,4,买盘
914,10:17:14,63.8,382838,60,卖盘
915,10:17:16,63.79,370031,58,卖盘
916,10:17:19,63.78,95670,15,卖盘
917,10:17:22,63.77,31885,5,卖盘
918,10:17:25,63.75,522855,82,卖盘
919,10:17:28,63.75,19125,3,卖盘
920,10:17:31,63.75,57375,9,卖盘
921,10:17:34,63.74,57371,9,卖盘
922,10:17:37,63.74,267742,42,卖盘
923,10:17:40,63.75,101985,16,买盘
924,10:17:43,63.73,458943,72,卖盘
925,10:17:47,63.73,12748,2,卖盘
926,10:17:49,63.69,242085,38,卖盘
927,10:17:52,63.68,38210,6,卖盘
928,10:17:56,63.69,95532,15,买盘
929,10:17:59,63.67,127358,20,中性盘
930,10:18:02,63.66,184668,29,卖盘
931,10:18:05,63.69,6369,1,买盘
932,10:18:07,63.69,38212,6,买盘
933,10:18:10,63.7,76433,12,买盘
934,10:18:14,63.73,528716,83,买盘
935,10:18:17,63.72,31860,5,中性盘
936,10:18:20,63.73,76465,12,买盘
937,10:18:22,63.73,6373,1,买盘
938,10:18:25,63.73,433241,68,买盘
939,10:18:29,63.74,57367,9,中性盘
940,10:18:32,63.73,108341,17,卖盘
941,10:18:35,63.73,25492,4,卖盘
942,10:18:38,63.75,25500,4,买盘
943,10:18:41,63.76,95620,15,买盘
944,10:18:43,63.75,6375,1,中性盘
945,10:18:46,63.73,19119,3,卖盘
946,10:18:49,63.73,50986,8,卖盘
947,10:18:52,63.73,490843,77,卖盘
948,10:18:56,63.75,713799,112,买盘
949,10:18:59,63.72,599042,94,卖盘
950,10:19:02,63.61,10403087,1633,卖盘
951,10:19:05,63.61,44527,7,卖盘
952,10:19:08,63.58,470646,74,卖盘
953,10:19:11,63.57,31784,5,买盘
954,10:19:14,63.54,31776,5,卖盘
955,10:19:19,63.58,146199,23,买盘
956,10:19:22,63.59,12718,2,卖盘
957,10:19:26,63.58,298827,47,卖盘
958,10:19:28,63.58,19076,3,卖盘
959,10:19:32,63.58,57223,9,卖盘
960,10:19:35,63.58,693029,109,卖盘
961,10:19:37,63.58,165309,26,卖盘
962,10:19:40,63.59,292472,46,买盘
963,10:19:43,63.6,953896,150,买盘
964,10:19:46,63.61,394323,62,买盘
965,10:19:49,63.6,63603,10,卖盘
966,10:19:52,63.61,76332,12,买盘
967,10:19:55,63.61,146303,23,买盘
968,10:19:59,63.6,133568,21,卖盘
969,10:20:02,63.61,445212,70,买盘
970,10:20:04,63.61,209883,33,买盘
971,10:20:08,63.61,101781,16,卖盘
972,10:20:10,63.64,120894,19,买盘
973,10:20:13,63.63,69996,11,卖盘
974,10:20:16,63.64,108185,17,买盘
975,10:20:19,63.63,12726,2,卖盘
976,10:20:22,63.64,152720,24,买盘
977,10:20:26,63.63,44540,7,中性盘
978,10:20:29,63.62,25449,4,卖盘
979,10:20:32,63.62,19087,3,卖盘
980,10:20:34,63.63,127259,20,买盘
981,10:20:38,63.63,12726,2,卖盘
982,10:20:43,63.66,70021,11,买盘
983,10:20:46,63.66,210095,33,卖盘
984,10:20:49,63.62,267286,42,卖盘
985,10:20:53,63.63,133604,21,买盘
986,10:20:56,63.64,101824,16,卖盘
987,10:20:58,63.63,57270,9,卖盘
988,10:21:02,63.61,114523,18,卖盘
989,10:21:04,63.63,190886,30,买盘
990,10:21:07,63.62,178136,28,卖盘
991,10:21:10,63.63,108169,17,买盘
992,10:21:13,63.62,69987,11,卖盘
993,10:21:16,63.62,82706,13,买盘
994,10:21:19,63.61,108148,17,卖盘
995,10:21:22,63.58,432510,68,卖盘
996,10:21:26,63.59,69940,11,买盘
997,10:21:29,63.58,133520,21,卖盘
998,10:21:31,63.58,50865,8,卖盘
999,10:21:35,63.58,184386,29,卖盘
1000,10:21:37,63.58,89012,14,卖盘
1001,10:21:41,63.57,31785,5,卖盘
1002,10:21:44,63.56,31782,5,卖盘
1003,10:21:46,63.56,50848,8,卖盘
1004,10:21:52,63.52,260495,41,卖盘
1005,10:21:55,63.52,69872,11,买盘
1006,10:21:58,63.52,25408,4,买盘
1007,10:22:01,63.51,38106,6,卖盘
1008,10:22:04,63.5,368355,58,卖盘
1009,10:22:10,63.51,127008,20,买盘
1010,10:22:13,63.5,6350,1,卖盘
1011,10:22:17,63.51,101607,16,买盘
1012,10:22:19,63.51,158764,25,买盘
1013,10:22:23,63.52,146079,23,买盘
1014,10:22:26,63.55,6355,1,买盘
1015,10:22:29,63.57,6357,1,买盘
1016,10:22:31,63.57,139792,22,买盘
1017,10:22:35,63.58,31790,5,买盘
1018,10:22:38,63.59,89020,14,买盘
1019,10:22:40,63.58,12716,2,中性盘
1020,10:22:43,63.58,50862,8,卖盘
1021,10:22:46,63.59,76308,12,买盘
1022,10:22:53,63.6,57235,9,买盘
1023,10:22:56,63.6,44535,7,卖盘
1024,10:22:59,63.68,159067,25,买盘
1025,10:23:02,63.65,38183,6,中性盘
1026,10:23:04,63.64,25454,4,中性盘
1027,10:23:08,63.63,70010,11,中性盘
1028,10:23:11,63.65,38181,6,买盘
1029,10:23:13,63.65,6365,1,买盘
1030,10:23:16,63.65,6365,1,买盘
1031,10:23:19,63.61,947902,149,卖盘
1032,10:23:23,63.61,57243,9,买盘
1033,10:23:26,63.61,50888,8,买盘
1034,10:23:28,63.61,12722,2,买盘
1035,10:23:31,63.6,756884,119,卖盘
1036,10:23:34,63.61,38166,6,买盘
1037,10:23:37,63.61,44527,7,买盘
1038,10:23:40,63.61,44538,7,卖盘
1039,10:23:43,63.65,38175,6,买盘
1040,10:23:46,63.67,19099,3,买盘
1041,10:23:49,63.65,12731,2,中性盘
1042,10:23:53,63.66,31830,5,买盘
1043,10:23:56,63.66,31828,5,买盘
1044,10:23:58,63.65,38195,6,卖盘
1045,10:24:01,63.65,63657,10,卖盘
1046,10:24:05,63.65,127327,20,卖盘
1047,10:24:07,63.65,127300,20,卖盘
1048,10:24:13,63.64,25456,4,卖盘
1049,10:24:17,63.64,38182,6,买盘
1050,10:24:19,63.63,31815,5,中性盘
1051,10:24:22,63.61,394440,62,卖盘
1052,10:24:26,63.61,114522,18,卖盘
1053,10:24:29,63.62,6362,1,买盘
1054,10:24:31,63.61,178118,28,卖盘
1055,10:24:35,63.62,241726,38,买盘
1056,10:24:37,63.62,76344,12,买盘
1057,10:24:40,63.62,6362,1,卖盘
1058,10:24:44,63.62,12724,2,卖盘
1059,10:24:46,63.63,6363,1,买盘
1060,10:24:49,63.63,19088,3,买盘
1061,10:24:53,63.63,19089,3,买盘
1062,10:24:58,63.61,680669,107,卖盘
1063,10:25:01,63.6,324399,51,卖盘
1064,10:25:05,63.61,133581,21,买盘
1065,10:25:08,63.62,356232,56,买盘
1066,10:25:10,63.62,101806,16,卖盘
1067,10:25:13,63.63,31815,5,中性盘
1068,10:25:16,63.62,133638,21,卖盘
1069,10:25:19,63.64,6364,1,买盘
1070,10:25:23,63.64,19092,3,买盘
1071,10:25:26,63.64,50912,8,买盘
1072,10:25:28,63.63,38179,6,卖盘
1073,10:25:31,63.63,19089,3,卖盘
1074,10:25:34,63.64,57273,9,买盘
1075,10:25:37,63.64,140005,22,买盘
1076,10:25:40,63.64,19092,3,买盘
1077,10:25:49,63.64,6364,1,买盘
1078,10:25:53,63.64,50908,8,买盘
1079,10:25:56,63.64,19092,3,买盘
1080,10:25:58,63.61,343586,54,卖盘
1081,10:26:02,63.57,1628079,256,卖盘
1082,10:26:04,63.54,1753980,276,卖盘
1083,10:26:07,63.51,107990,17,卖盘
1084,10:26:10,63.54,215982,34,买盘
1085,10:26:13,63.53,38108,6,中性盘
1086,10:26:17,63.54,63524,10,买盘
1087,10:26:19,63.54,139748,22,买盘
1088,10:26:22,63.54,31770,5,卖盘
1089,10:26:26,63.56,63560,10,买盘
1090,10:26:29,63.54,6354,1,中性盘
1091,10:26:31,63.52,25408,4,卖盘
1092,10:26:34,63.52,25414,4,卖盘
1093,10:26:43,63.52,57186,9,卖盘
1094,10:26:46,63.46,4273684,673,卖盘
1095,10:26:49,63.44,298205,47,卖盘
1096,10:26:53,63.46,222084,35,买盘
1097,10:26:56,63.44,19032,3,买盘
1098,10:26:58,63.44,145912,23,卖盘
1099,10:27:02,63.43,399571,63,卖盘
1100,10:27:04,63.45,25378,4,买盘
1101,10:27:07,63.49,50771,8,买盘
1102,10:27:10,63.51,6351,1,买盘
1103,10:27:13,63.53,25394,4,买盘
1104,10:27:16,63.51,44457,7,卖盘
1105,10:27:20,63.5,76210,12,中性盘
1106,10:27:23,63.51,25399,4,买盘
1107,10:27:26,63.53,19059,3,买盘
1108,10:27:28,63.53,6353,1,买盘
1109,10:27:31,63.54,1760031,277,买盘
1110,10:27:34,63.5,489206,77,卖盘
1111,10:27:37,63.51,559094,88,买盘
1112,10:27:40,63.53,57175,9,买盘
1113,10:27:43,63.51,76229,12,卖盘
1114,10:27:46,63.51,152438,24,卖盘
1115,10:27:49,63.52,6352,1,买盘
1116,10:27:53,63.51,38108,6,卖盘
1117,10:27:56,63.52,324035,51,买盘
1118,10:27:58,63.48,184146,29,卖盘
1119,10:28:02,63.48,558516,88,卖盘
1120,10:28:04,63.48,25390,4,买盘
1121,10:28:11,63.48,31737,5,买盘
1122,10:28:16,63.46,76153,12,卖盘
1123,10:28:19,63.47,38080,6,买盘
1124,10:28:22,63.47,19041,3,卖盘
1125,10:28:26,63.46,82498,13,卖盘
1126,10:28:28,63.45,329957,52,卖盘
1127,10:28:31,63.45,158619,25,卖盘
1128,10:28:34,63.46,393392,62,买盘
1129,10:28:37,63.46,184034,29,买盘
1130,10:28:41,63.45,437849,69,卖盘
1131,10:28:44,63.45,38070,6,买盘
1132,10:28:46,63.47,63464,10,买盘
1133,10:28:49,63.49,25388,4,买盘
1134,10:28:53,63.47,25388,4,卖盘
1135,10:28:56,63.45,329948,52,卖盘
1136,10:28:58,63.44,139588,22,卖盘
1137,10:29:01,63.46,469465,74,买盘
1138,10:29:04,63.45,387097,61,买盘
1139,10:29:07,63.45,101535,16,卖盘
1140,10:29:10,63.42,919772,145,卖盘
1141,10:29:13,63.43,12686,2,买盘
1142,10:29:17,63.42,63427,10,卖盘
1143,10:29:19,63.41,761026,120,卖盘
1144,10:29:22,63.42,494614,78,买盘
1145,10:29:25,63.42,63420,10,买盘
1146,10:29:28,63.41,50728,8,卖盘
1147,10:29:31,63.42,450223,71,买盘
1148,10:29:34,63.43,63428,10,买盘
1149,10:29:37,63.42,323416,51,卖盘
1150,10:29:40,63.42,69762,11,买盘
1151,10:29:44,63.42,145856,23,买盘
1152,10:29:46,63.42,44394,7,买盘
1153,10:29:52,63.42,25365,4,中性盘
1154,10:29:56,63.41,76107,12,卖盘
1155,10:29:59,63.42,12684,2,买盘
1156,10:30:02,63.41,240969,38,卖盘
1157,10:30:04,63.43,44396,7,买盘
1158,10:30:07,63.45,57097,9,买盘
1159,10:30:11,63.44,171276,27,卖盘
1160,10:30:13,63.43,44396,7,中性盘
1161,10:30:19,63.42,120501,19,卖盘
1162,10:30:22,63.43,19029,3,买盘
1163,10:30:25,63.43,57083,9,卖盘
1164,10:30:28,63.42,101495,16,卖盘
1165,10:30:31,63.43,19029,3,卖盘
1166,10:30:37,63.43,38058,6,卖盘
1167,10:30:40,63.45,95158,15,买盘
1168,10:30:43,63.43,164937,26,卖盘
1169,10:30:46,63.43,424941,67,买盘
1170,10:30:49,63.45,285499,45,买盘
1171,10:30:52,63.43,95145,15,卖盘
1172,10:30:55,63.45,387026,61,买盘
1173,10:30:58,63.46,50770,8,中性盘
1174,10:31:01,63.46,69804,11,买盘
1175,10:31:04,63.45,310905,49,卖盘
1176,10:31:07,63.45,50764,8,卖盘
1177,10:31:10,63.46,304573,48,买盘
1178,10:31:14,63.46,139606,22,卖盘
1179,10:31:17,63.46,164981,26,买盘
1180,10:31:19,63.46,164993,26,买盘
1181,10:31:22,63.45,647191,102,卖盘
1182,10:31:25,63.45,1884470,297,卖盘
1183,10:31:28,63.46,577411,91,买盘
1184,10:31:32,63.46,380719,60,买盘
1185,10:31:34,63.44,25376,4,卖盘
1186,10:31:37,63.43,253730,40,卖盘
1187,10:31:40,63.42,69770,11,卖盘
1188,10:31:43,63.42,202975,32,卖盘
1189,10:31:46,63.44,82460,13,买盘
1190,10:31:49,63.43,6343,1,卖盘
1191,10:31:55,63.44,203007,32,买盘
1192,10:31:59,63.44,107848,17,买盘
1193,10:32:01,63.45,114197,18,买盘
1194,10:32:04,63.45,12690,2,卖盘
1195,10:32:07,63.45,114202,18,卖盘
1196,10:32:10,63.46,1865728,294,买盘
1197,10:32:13,63.47,291922,46,买盘
1198,10:32:17,63.48,431596,68,买盘
1199,10:32:19,63.48,31736,5,买盘
1200,10:32:22,63.48,25392,4,买盘
1201,10:32:28,63.48,12696,2,买盘
1202,10:32:31,63.48,107909,17,买盘
1203,10:32:34,63.49,50789,8,买盘
1204,10:32:43,63.5,57146,9,买盘
1205,10:32:46,63.5,177798,28,买盘
1206,10:32:49,63.51,19053,3,买盘
1207,10:32:52,63.48,539747,85,卖盘
1208,10:32:55,63.49,146026,23,买盘
1209,10:33:01,63.5,158737,25,买盘
1210,10:33:04,63.52,12704,2,买盘
1211,10:33:07,63.53,107986,17,买盘
1212,10:33:10,63.53,6353,1,买盘
1213,10:33:13,63.56,82606,13,买盘
1214,10:33:16,63.58,305081,48,买盘
1215,10:33:19,63.57,197094,31,中性盘
1216,10:33:23,63.6,6360,1,买盘
1217,10:33:26,63.6,57240,9,买盘
1218,10:33:31,63.62,95429,15,买盘
1219,10:33:37,63.64,477226,75,买盘
1220,10:33:40,63.64,229104,36,卖盘
1221,10:33:43,63.63,413738,65,卖盘
1222,10:33:46,63.65,369161,58,买盘
1223,10:33:49,63.65,133655,21,卖盘
1224,10:33:56,63.6,330846,52,卖盘
1225,10:33:58,63.61,330772,52,买盘
1226,10:34:01,63.6,152662,24,卖盘
1227,10:34:04,63.61,6361,1,中性盘
1228,10:34:10,63.61,597853,94,卖盘
1229,10:34:13,63.6,655085,103,卖盘
1230,10:34:17,63.61,127220,20,买盘
1231,10:34:25,63.61,50888,8,卖盘
1232,10:34:28,63.61,146303,23,卖盘
1233,10:34:31,63.61,101776,16,卖盘
1234,10:34:37,63.61,31804,5,买盘
1235,10:34:40,63.62,159032,25,买盘
1236,10:34:43,63.65,70000,11,买盘
1237,10:34:46,63.67,50931,8,买盘
1238,10:34:52,63.65,38202,6,卖盘
1239,10:34:56,63.65,108233,17,卖盘
1240,10:34:58,63.68,6368,1,买盘
1241,10:35:01,63.7,254726,40,买盘
1242,10:35:04,63.71,6371,1,买盘
1243,10:35:07,63.71,63710,10,买盘
1244,10:35:13,63.71,12742,2,买盘
1245,10:35:16,63.7,108296,17,卖盘
1246,10:35:19,63.7,70075,11,卖盘
1247,10:35:22,63.69,70068,11,卖盘
1248,10:35:25,63.68,12736,2,卖盘
1249,10:35:28,63.68,38208,6,卖盘
1250,10:35:31,63.64,25465,4,卖盘
1251,10:35:34,63.66,210142,33,中性盘
1252,10:35:40,63.69,197325,31,买盘
1253,10:35:43,63.69,216544,34,买盘
1254,10:35:47,63.69,19107,3,买盘
1255,10:35:49,63.68,25474,4,中性盘
1256,10:35:52,63.68,101897,16,买盘
1257,10:35:55,63.69,25475,4,买盘
1258,10:35:58,63.68,70051,11,卖盘
1259,10:36:01,63.68,25473,4,卖盘
1260,10:36:04,63.69,25476,4,买盘
1261,10:36:07,63.68,191087,30,卖盘
1262,10:36:17,63.68,140100,22,卖盘
1263,10:36:19,63.68,6368,1,卖盘
1264,10:36:22,63.68,1400960,220,卖盘
1265,10:36:25,63.66,95493,15,卖盘
1266,10:36:29,63.67,25467,4,买盘
1267,10:36:31,63.68,248341,39,买盘
1268,10:36:34,63.68,6368,1,买盘
1269,10:36:37,63.67,38202,6,买盘
1270,10:36:40,63.67,6367,1,买盘
1271,10:36:43,63.68,25467,4,买盘
1272,10:36:49,63.63,89120,14,卖盘
1273,10:36:52,63.68,6368,1,买盘
1274,10:36:58,63.68,57302,9,买盘
1275,10:37:01,63.68,38208,6,卖盘
1276,10:37:04,63.68,31840,5,卖盘
1277,10:37:07,63.67,6367,1,中性盘
1278,10:37:10,63.7,318432,50,买盘
1279,10:37:13,63.68,31840,5,买盘
1280,10:37:16,63.66,133694,21,卖盘
1281,10:37:22,63.66,12732,2,卖盘
1282,10:37:28,63.66,140055,22,卖盘
1283,10:37:31,63.66,70035,11,卖盘
1284,10:37:34,63.67,12734,2,买盘
1285,10:37:43,63.67,50936,8,卖盘
1286,10:37:46,63.68,12735,2,买盘
1287,10:37:49,63.67,57304,9,卖盘
1288,10:37:53,63.67,120989,19,卖盘
1289,10:37:55,63.67,25468,4,卖盘
1290,10:37:58,63.67,25470,4,卖盘
1291,10:38:01,63.68,76416,12,买盘
1292,10:38:13,63.69,19107,3,买盘
1293,10:38:16,63.68,203776,32,卖盘
1294,10:38:19,63.68,95526,15,卖盘
1295,10:38:22,63.7,229285,36,买盘
1296,10:38:28,63.71,44597,7,买盘
1297,10:38:31,63.71,31855,5,卖盘
1298,10:38:34,63.71,598876,94,卖盘
1299,10:38:37,63.72,114696,18,买盘
1300,10:38:40,63.68,2707602,425,卖盘
1301,10:38:43,63.68,114615,18,买盘
1302,10:38:46,63.69,70054,11,买盘
1303,10:38:49,63.69,509508,80,买盘
1304,10:38:52,63.73,76438,12,买盘
1305,10:38:59,63.71,6371,1,卖盘
1306,10:39:01,63.71,6371,1,中性盘
1307,10:39:05,63.7,38220,6,中性盘
1308,10:39:07,63.7,6370,1,卖盘
1309,10:39:14,63.7,63696,10,买盘
1310,10:39:19,63.7,50960,8,卖盘
1311,10:39:25,63.7,6370,1,买盘
1312,10:39:28,63.69,82799,13,卖盘
1313,10:39:32,63.69,350330,55,卖盘
1314,10:39:34,63.7,38216,6,买盘
1315,10:39:37,63.68,241984,38,卖盘
1316,10:39:40,63.7,38220,6,买盘
1317,10:39:43,63.68,38208,6,卖盘
1318,10:39:46,63.7,114651,18,买盘
1319,10:39:52,63.7,19110,3,卖盘
1320,10:39:56,63.69,12738,2,卖盘
1321,10:40:01,63.7,12740,2,卖盘
1322,10:40:04,63.71,95558,15,买盘
1323,10:40:07,63.72,6372,1,买盘
1324,10:40:13,63.72,82824,13,买盘
1325,10:40:16,63.72,6372,1,买盘
1326,10:40:19,63.71,140170,22,卖盘
1327,10:40:22,63.7,363102,57,卖盘
1328,10:40:25,63.72,12744,2,买盘
1329,10:40:29,63.7,19110,3,卖盘
1330,10:40:31,63.7,31852,5,卖盘
1331,10:40:37,63.7,6370,1,卖盘
1332,10:40:40,63.7,19110,3,卖盘
1333,10:40:43,63.7,38220,6,卖盘
1334,10:40:46,63.7,114660,18,卖盘
1335,10:40:49,63.7,31850,5,卖盘
1336,10:40:52,63.69,286633,45,卖盘
1337,10:40:55,63.67,2559647,402,卖盘
1338,10:40:58,63.68,1680914,264,买盘
1339,10:41:01,63.68,63680,10,卖盘
1340,10:41:04,63.68,127361,20,卖盘
1341,10:41:07,63.68,44576,7,卖盘
1342,10:41:10,63.68,12736,2,卖盘
1343,10:41:13,63.68,585934,92,卖盘
1344,10:41:16,63.68,216512,34,卖盘
1345,10:41:19,63.69,292973,46,买盘
1346,10:41:22,63.69,38218,6,买盘
1347,10:41:25,63.7,6370,1,买盘
1348,10:41:28,63.69,6369,1,卖盘
1349,10:41:31,63.7,76440,12,买盘
1350,10:41:35,63.71,89185,14,买盘
1351,10:41:37,63.72,50974,8,买盘
1352,10:41:40,63.73,31865,5,买盘
1353,10:41:43,63.73,191305,30,卖盘
1354,10:41:52,63.77,12754,2,中性盘
1355,10:41:55,63.74,146603,23,卖盘
1356,10:41:58,63.74,89237,14,中性盘
1357,10:42:01,63.76,70123,11,买盘
1358,10:42:04,63.75,31875,5,中性盘
1359,10:42:07,63.71,1440384,226,卖盘
1360,10:42:16,63.71,89199,14,卖盘
1361,10:42:22,63.72,50976,8,买盘
1362,10:42:26,63.72,25488,4,买盘
1363,10:42:28,63.72,12744,2,买盘
1364,10:42:31,63.72,38227,6,买盘
1365,10:42:34,63.71,12742,2,卖盘
1366,10:42:43,63.71,248480,39,卖盘
1367,10:42:46,63.71,95565,15,买盘
1368,10:42:50,63.71,216620,34,买盘
1369,10:42:52,63.72,172043,27,买盘
1370,10:42:55,63.72,44604,7,买盘
1371,10:42:58,63.72,254842,40,买盘
1372,10:43:01,63.72,57349,9,中性盘
1373,10:43:04,63.73,6373,1,买盘
1374,10:43:07,63.74,57359,9,买盘
1375,10:43:10,63.79,159441,25,买盘
1376,10:43:13,63.8,82939,13,买盘
1377,10:43:22,63.83,140418,22,买盘
1378,10:43:26,63.85,51063,8,买盘
1379,10:43:31,63.85,12769,2,买盘
1380,10:43:35,63.85,51080,8,买盘
1381,10:43:37,63.88,657961,103,买盘
1382,10:43:40,63.88,63880,10,买盘
1383,10:43:43,63.93,345027,54,买盘
1384,10:43:46,63.89,31945,5,卖盘
1385,10:43:49,63.91,230052,36,中性盘
1386,10:43:52,63.93,198164,31,买盘
1387,10:43:55,63.93,102299,16,卖盘
1388,10:43:59,63.94,396471,62,买盘
1389,10:44:02,63.95,198260,31,买盘
1390,10:44:04,63.96,12792,2,买盘
1391,10:44:10,63.95,262219,41,卖盘
1392,10:44:13,63.96,473355,74,卖盘
1393,10:44:16,63.98,179117,28,买盘
1394,10:44:19,63.95,134304,21,卖盘
1395,10:44:22,63.95,300571,47,买盘
1396,10:44:28,63.96,274999,43,买盘
1397,10:44:31,63.94,147081,23,卖盘
1398,10:44:34,63.93,805621,126,卖盘
1399,10:44:38,63.88,153343,24,卖盘
1400,10:44:40,63.86,6386,1,卖盘
1401,10:44:44,63.87,172520,27,中性盘
1402,10:44:46,63.95,262130,41,买盘
1403,10:44:53,63.96,313307,49,买盘
1404,10:44:55,63.93,12786,2,中性盘
1405,10:44:58,63.92,19172,3,中性盘
1406,10:45:01,63.91,63904,10,买盘
1407,10:45:07,63.91,44722,7,中性盘
1408,10:45:10,63.9,44733,7,卖盘
1409,10:45:13,63.9,89467,14,中性盘
1410,10:45:16,63.9,38340,6,买盘
1411,10:45:19,63.9,127809,20,卖盘
1412,10:45:22,63.91,70298,11,买盘
1413,10:45:25,63.91,25564,4,买盘
1414,10:45:29,63.92,843505,132,买盘
1415,10:45:31,63.92,146987,23,买盘
1416,10:45:34,63.91,63910,10,中性盘
1417,10:45:38,63.92,19176,3,买盘
1418,10:45:40,63.91,19173,3,中性盘
1419,10:45:43,63.91,12782,2,买盘
1420,10:45:46,63.9,12781,2,卖盘
1421,10:45:49,63.91,901257,141,买盘
1422,10:45:52,63.9,191700,30,卖盘
1423,10:45:55,63.91,25561,4,买盘
1424,10:45:59,63.91,38346,6,买盘
1425,10:46:01,63.95,517859,81,买盘
1426,10:46:04,63.96,479627,75,买盘
1427,10:46:07,63.96,1227892,192,买盘
1428,10:46:10,63.96,332559,52,买盘
1429,10:46:13,63.96,262232,41,买盘
1430,10:46:20,63.93,313210,49,中性盘
1431,10:46:22,63.91,38353,6,中性盘
1432,10:46:25,63.9,57518,9,卖盘
1433,10:46:28,63.91,44734,7,中性盘
1434,10:46:31,63.9,140601,22,卖盘
1435,10:46:34,63.91,19172,3,买盘
1436,10:46:37,63.91,600754,94,买盘
1437,10:46:40,63.91,31955,5,卖盘
1438,10:46:43,63.92,6392,1,买盘
1439,10:46:49,63.92,115056,18,买盘
1440,10:46:52,63.92,121448,19,买盘
1441,10:46:55,63.91,19173,3,卖盘
1442,10:46:58,63.92,63917,10,买盘
1443,10:47:01,63.92,38351,6,买盘
1444,10:47:04,63.92,159796,25,买盘
1445,10:47:08,63.92,747844,117,买盘
1446,10:47:10,63.91,63915,10,卖盘
1447,10:47:13,63.91,25564,4,卖盘
1448,10:47:19,63.91,153388,24,卖盘
1449,10:47:22,63.9,1770274,277,卖盘
1450,10:47:25,63.9,210870,33,卖盘
1451,10:47:28,63.91,191723,30,买盘
1452,10:47:31,63.9,57510,9,卖盘
1453,10:47:34,63.9,357840,56,卖盘
1454,10:47:37,63.9,51120,8,卖盘
1455,10:47:40,63.9,287574,45,卖盘
1456,10:47:43,63.9,6390,1,卖盘
1457,10:47:46,63.9,6390,1,卖盘
1458,10:47:49,63.9,3833992,600,卖盘
1459,10:47:52,63.9,191706,30,买盘
1460,10:47:58,63.89,57492,9,买盘
1461,10:48:04,63.91,300327,47,买盘
1462,10:48:07,63.92,549688,86,买盘
1463,10:48:10,63.92,460223,72,买盘
1464,10:48:16,63.89,645786,101,卖盘
1465,10:48:19,63.91,38346,6,买盘
1466,10:48:22,63.91,12781,2,买盘
1467,10:48:26,63.93,204489,32,买盘
1468,10:48:29,63.95,134272,21,买盘
1469,10:48:31,63.91,236475,37,卖盘
1470,10:48:34,63.88,5335561,835,卖盘
1471,10:48:38,63.87,76655,12,卖盘
1472,10:48:40,63.88,63880,10,买盘
1473,10:48:43,63.88,25552,4,卖盘
1474,10:48:46,63.92,57514,9,买盘
1475,10:48:49,63.96,549966,86,买盘
1476,10:48:52,63.95,543645,85,买盘
1477,10:48:55,63.97,1010726,158,买盘
1478,10:48:58,63.98,6398,1,买盘
1479,10:49:01,63.98,211129,33,买盘
1480,10:49:04,63.98,3705400,579,买盘
1481,10:49:07,64.01,12800,2,买盘
1482,10:49:10,63.98,25593,4,卖盘
1483,10:49:13,63.98,159950,25,卖盘
1484,10:49:16,63.98,115173,18,买盘
1485,10:49:20,64.01,499249,78,买盘
1486,10:49:22,63.98,115178,18,卖盘
1487,10:49:25,64.01,32005,5,中性盘
1488,10:49:28,64.01,192009,30,买盘
1489,10:49:31,64.01,51207,8,买盘
1490,10:49:34,64.02,76815,12,买盘
1491,10:49:37,64.01,102421,16,卖盘
1492,10:49:40,64.02,12804,2,中性盘
1493,10:49:43,64.03,115254,18,买盘
1494,10:49:46,64.04,44827,7,买盘
1495,10:49:49,64.04,192107,30,买盘
1496,10:49:53,64.05,224148,35,买盘
1497,10:49:56,64.02,800359,125,卖盘
1498,10:49:58,64.02,384120,60,买盘
1499,10:50:01,64.02,179249,28,买盘
1500,10:50:04,64.04,51230,8,中性盘
1501,10:50:07,64.02,89637,14,卖盘
1502,10:50:11,64.05,179309,28,买盘
1503,10:50:13,64.04,2548086,398,中性盘
1504,10:50:16,64.04,44828,7,买盘
1505,10:50:19,64.04,256147,40,买盘
1506,10:50:22,64.05,301024,47,买盘
1507,10:50:25,64.04,96072,15,卖盘
1508,10:50:28,64.07,237028,37,买盘
1509,10:50:31,64.07,57663,9,买盘
1510,10:50:34,64.08,76888,12,买盘
1511,10:50:37,64.08,115344,18,买盘
1512,10:50:40,64.07,128153,20,卖盘
1513,10:50:43,64.07,307541,48,卖盘
1514,10:50:47,64.07,89703,14,卖盘
1515,10:50:49,64.07,19221,3,买盘
1516,10:50:52,64.06,256270,40,卖盘
1517,10:50:55,64.05,717473,112,卖盘
1518,10:50:58,64.04,268932,42,卖盘
1519,10:51:01,64.02,633847,99,中性盘
1520,10:51:04,64.01,134426,21,卖盘
1521,10:51:07,64.0,396860,62,卖盘
1522,10:51:10,63.98,70386,11,卖盘
1523,10:51:13,63.98,153574,24,卖盘
1524,10:51:16,64.0,83200,13,买盘
1525,10:51:19,63.99,198339,31,买盘
1526,10:51:22,63.98,172746,27,卖盘
1527,10:51:25,63.95,108719,17,卖盘
1528,10:51:28,63.95,38370,6,买盘
1529,10:51:31,63.94,6394,1,卖盘
1530,10:51:35,63.94,127880,20,卖盘
1531,10:51:37,63.94,351670,55,卖盘
1532,10:51:40,63.92,166215,26,卖盘
1533,10:51:43,63.92,115066,18,卖盘
1534,10:51:46,63.93,102284,16,买盘
1535,10:51:49,63.93,153433,24,买盘
1536,10:51:52,63.94,6394,1,买盘
1537,10:51:58,63.94,281336,44,卖盘
1538,10:52:01,63.99,262234,41,买盘
1539,10:52:04,63.98,63971,10,中性盘
1540,10:52:10,63.98,19194,3,买盘
1541,10:52:16,63.95,76765,12,卖盘
1542,10:52:19,63.96,134318,21,中性盘
1543,10:52:22,63.95,185477,29,卖盘
1544,10:52:25,63.92,300476,47,卖盘
1545,10:52:28,63.94,83102,13,中性盘
1546,10:52:31,63.95,204611,32,买盘
1547,10:52:35,63.95,38366,6,买盘
1548,10:52:37,63.95,51160,8,买盘
1549,10:52:43,63.95,19185,3,买盘
1550,10:52:46,63.95,44765,7,买盘
1551,10:52:49,64.0,915061,143,买盘
1552,10:52:52,64.03,76826,12,买盘
1553,10:52:56,64.03,76829,12,买盘
1554,10:52:58,64.03,32011,5,买盘
1555,10:53:01,64.04,140878,22,买盘
1556,10:53:04,64.04,51227,8,买盘
1557,10:53:07,64.04,185716,29,买盘
1558,10:53:10,64.03,825902,129,中性盘
1559,10:53:13,64.04,320104,50,买盘
1560,10:53:16,64.03,179290,28,中性盘
1561,10:53:19,64.04,672398,105,买盘
1562,10:53:22,64.01,345789,54,卖盘
1563,10:53:25,64.05,32021,5,买盘
1564,10:53:28,64.03,140897,22,中性盘
1565,10:53:31,64.06,102484,16,买盘
1566,10:53:34,64.03,64035,10,卖盘
1567,10:53:37,64.07,339566,53,买盘
1568,10:53:40,64.07,115342,18,中性盘
1569,10:53:43,64.08,76895,12,买盘
1570,10:53:46,64.09,897298,140,买盘
1571,10:53:49,64.09,153833,24,卖盘
1572,10:53:52,64.1,121790,19,买盘
1573,10:53:56,64.08,967719,151,卖盘
1574,10:53:58,64.08,448539,70,买盘
1575,10:54:01,64.08,397285,62,买盘
1576,10:54:04,64.08,262727,41,买盘
1577,10:54:07,64.08,653614,102,买盘
1578,10:54:10,64.09,352448,55,买盘
1579,10:54:13,64.1,570397,89,买盘
1580,10:54:17,64.1,115380,18,买盘
1581,10:54:19,64.07,698650,109,卖盘
1582,10:54:22,64.06,499741,78,卖盘
1583,10:54:25,64.07,1646599,257,买盘
1584,10:54:28,64.11,839493,131,买盘
1585,10:54:31,64.12,909765,142,买盘
1586,10:54:35,64.11,750335,117,中性盘
1587,10:54:37,64.15,70565,11,买盘
1588,10:54:40,64.15,192436,30,买盘
1589,10:54:43,64.15,141117,22,买盘
1590,10:54:46,64.11,346309,54,卖盘
1591,10:54:49,64.1,570516,89,中性盘
1592,10:54:52,64.13,243647,38,买盘
1593,10:54:55,64.13,134670,21,买盘
1594,10:54:58,64.11,653914,102,中性盘
1595,10:55:01,64.1,269150,42,买盘
1596,10:55:04,64.08,38450,6,中性盘
1597,10:55:07,64.08,64062,10,买盘
1598,10:55:10,64.06,19220,3,中性盘
1599,10:55:13,64.05,230591,36,卖盘
1600,10:55:16,64.05,108885,17,买盘
1601,10:55:19,64.05,115276,18,买盘
1602,10:55:22,64.05,134441,21,买盘
1603,10:55:25,64.04,44829,7,中性盘
1604,10:55:31,64.0,140823,22,卖盘
1605,10:55:34,64.0,25597,4,买盘
1606,10:55:37,64.02,32008,5,买盘
1607,10:55:40,64.04,76831,12,买盘
1608,10:55:43,64.05,160078,25,买盘
1609,10:55:46,64.05,51230,8,买盘
1610,10:55:49,64.02,32012,5,卖盘
1611,10:55:53,64.02,32013,5,卖盘
1612,10:55:55,64.02,102438,16,卖盘
1613,10:55:58,64.02,6402,1,中性盘
1614,10:56:01,64.01,64004,10,中性盘
1615,10:56:04,64.02,25601,4,买盘
1616,10:56:07,64.01,19204,3,卖盘
1617,10:56:11,63.97,70380,11,卖盘
1618,10:56:13,64.03,448199,70,买盘
1619,10:56:16,64.05,422727,66,买盘
1620,10:56:20,64.06,256184,40,买盘
1621,10:56:22,64.07,179410,28,买盘
1622,10:56:25,64.1,44864,7,买盘
1623,10:56:28,64.1,38456,6,买盘
1624,10:56:31,64.1,160248,25,买盘
1625,10:56:34,64.11,320472,50,买盘
1626,10:56:37,64.13,166713,26,买盘
1627,10:56:40,64.13,32063,5,买盘
1628,10:56:43,64.13,397491,62,买盘
1629,10:56:46,64.1,102582,16,卖盘
1630,10:56:49,64.12,474422,74,买盘
1631,10:56:52,64.13,275695,43,买盘
1632,10:56:55,64.11,179533,28,卖盘
1633,10:56:58,64.11,44882,7,卖盘
1634,10:57:01,64.11,19235,3,卖盘
1635,10:57:04,64.1,358978,56,卖盘
1636,10:57:07,64.06,89726,14,卖盘
1637,10:57:10,64.1,76913,12,买盘
1638,10:57:13,64.07,205090,32,卖盘
1639,10:57:16,64.07,83317,13,卖盘
1640,10:57:19,64.1,83309,13,买盘
1641,10:57:22,64.1,166651,26,买盘
1642,10:57:25,64.1,89735,14,买盘
1643,10:57:29,64.09,217923,34,中性盘
1644,10:57:32,64.08,89727,14,卖盘
1645,10:57:35,64.1,70503,11,买盘
1646,10:57:37,64.09,70495,11,中性盘
1647,10:57:40,64.07,38449,6,卖盘
1648,10:57:43,64.09,166631,26,买盘
1649,10:57:47,64.1,211513,33,买盘
1650,10:57:49,64.07,185842,29,卖盘
1651,10:57:52,64.07,32035,5,买盘
1652,10:57:56,64.07,102504,16,买盘
1653,10:57:58,64.07,301120,47,买盘
1654,10:58:02,64.07,64078,10,卖盘
1655,10:58:04,64.09,134587,21,买盘
1656,10:58:07,64.09,281996,44,买盘
1657,10:58:10,64.09,1211300,189,买盘
1658,10:58:13,64.13,749966,117,买盘
1659,10:58:16,64.14,269362,42,买盘
1660,10:58:19,64.15,115457,18,买盘
1661,10:58:22,64.15,19245,3,买盘
1662,10:58:25,64.15,468283,73,买盘
1663,10:58:28,64.16,57744,9,买盘
1664,10:58:31,64.17,166831,26,买盘
1665,10:58:35,64.17,83429,13,卖盘
1666,10:58:37,64.18,423588,66,买盘
1667,10:58:40,64.19,327350,51,买盘
1668,10:58:43,64.19,378719,59,买盘
1669,10:58:46,64.18,288865,45,卖盘
1670,10:58:49,64.19,738225,115,卖盘
1671,10:58:52,64.23,545732,85,买盘
1672,10:58:55,64.23,224805,35,买盘
1673,10:58:58,64.23,141292,22,买盘
1674,10:59:01,64.22,366020,57,卖盘
1675,10:59:04,64.23,494430,77,买盘
1676,10:59:07,64.23,725753,113,买盘
1677,10:59:10,64.22,205548,32,卖盘
1678,10:59:13,64.23,629629,98,卖盘
1679,10:59:16,64.27,173512,27,买盘
1680,10:59:19,64.25,96385,15,中性盘
1681,10:59:22,64.24,591008,92,卖盘
1682,10:59:25,64.27,205592,32,买盘
1683,10:59:28,64.25,141328,22,买盘
1684,10:59:31,64.25,89964,14,卖盘
1685,10:59:34,64.25,122097,19,卖盘
1686,10:59:37,64.28,64280,10,买盘
1687,10:59:40,64.29,244265,38,买盘
1688,10:59:43,64.29,450011,70,买盘
1689,10:59:46,64.29,848627,132,买盘
1690,10:59:49,64.29,417919,65,买盘
1691,10:59:53,64.3,180040,28,买盘
1692,10:59:55,64.3,707300,110,买盘
1693,10:59:58,64.3,810180,126,买盘
1694,11:00:01,64.29,996596,155,卖盘
1695,11:00:04,64.3,681565,106,买盘
1696,11:00:07,64.29,733022,114,卖盘
1697,11:00:10,64.3,1009908,157,买盘
1698,11:00:13,64.29,527400,82,卖盘
1699,11:00:16,64.3,250937,39,中性盘
1700,11:00:19,64.38,399043,62,买盘
1701,11:00:22,64.28,1003077,156,卖盘
1702,11:00:25,64.26,925680,144,卖盘
1703,11:00:28,64.22,1163002,181,卖盘
1704,11:00:31,64.21,295397,46,卖盘
1705,11:00:34,64.24,577808,90,买盘
1706,11:00:37,64.27,443434,69,买盘
1707,11:00:40,64.29,199262,31,买盘
1708,11:00:43,64.21,314672,49,卖盘
1709,11:00:46,64.23,19269,3,中性盘
1710,11:00:49,64.2,211905,33,卖盘
1711,11:00:53,64.2,70617,11,买盘
1712,11:00:55,64.19,121962,19,卖盘
1713,11:00:59,64.19,134799,21,买盘
1714,11:01:01,64.19,365881,57,买盘
1715,11:01:04,64.19,1412167,220,买盘
1716,11:01:07,64.23,192627,30,买盘
1717,11:01:10,64.19,475232,74,卖盘
1718,11:01:13,64.19,134799,21,买盘
1719,11:01:17,64.19,295252,46,买盘
1720,11:01:19,64.09,1681234,262,卖盘
1721,11:01:22,64.13,224449,35,买盘
1722,11:01:25,64.17,417003,65,买盘
1723,11:01:28,64.12,262910,41,卖盘
1724,11:01:31,64.2,564385,88,买盘
1725,11:01:34,64.18,173358,27,卖盘
1726,11:01:37,64.22,70655,11,卖盘
1727,11:01:41,64.2,77037,12,买盘
1728,11:01:44,64.23,128425,20,买盘
1729,11:01:46,64.17,83444,13,卖盘
1730,11:01:49,64.19,904589,141,买盘
1731,11:01:52,64.16,307877,48,中性盘
1732,11:01:55,64.16,198841,31,买盘
1733,11:01:58,64.15,51317,8,中性盘
1734,11:02:01,64.14,102607,16,买盘
1735,11:02:04,64.16,558177,87,买盘
1736,11:02:07,64.1,96189,15,卖盘
1737,11:02:11,64.1,141089,22,卖盘
1738,11:02:13,64.1,185991,29,卖盘
1739,11:02:16,64.15,500362,78,买盘
1740,11:02:19,64.1,327046,51,卖盘
1741,11:02:22,64.17,147504,23,买盘
1742,11:02:25,64.13,141113,22,卖盘
1743,11:02:28,64.15,57735,9,买盘
1744,11:02:31,64.1,250101,39,卖盘
1745,11:02:34,64.15,166775,26,买盘
1746,11:02:37,64.15,70564,11,买盘
1747,11:02:41,64.14,814609,127,卖盘
1748,11:02:43,64.17,429842,67,买盘
1749,11:02:46,64.17,423363,66,买盘
1750,11:02:49,64.15,109083,17,中性盘
1751,11:02:53,64.2,1290145,201,买盘
1752,11:02:55,64.15,731329,114,卖盘
1753,11:02:58,64.16,160397,25,买盘
1754,11:03:01,64.14,121889,19,卖盘
1755,11:03:05,64.13,577250,90,卖盘
1756,11:03:07,64.13,2090735,326,卖盘
1757,11:03:11,64.12,455420,71,买盘
1758,11:03:14,64.14,455391,71,卖盘
1759,11:03:16,64.12,622052,97,卖盘
1760,11:03:19,64.12,224390,35,买盘
1761,11:03:22,64.11,96164,15,买盘
1762,11:03:25,64.09,692239,108,卖盘
1763,11:03:28,64.09,153845,24,卖盘
1764,11:03:31,64.1,288409,45,买盘
1765,11:03:35,64.09,153836,24,卖盘
1766,11:03:37,64.09,525544,82,卖盘
1767,11:03:40,64.08,782026,122,卖盘
1768,11:03:44,64.08,128179,20,卖盘
1769,11:03:47,64.1,166666,26,买盘
1770,11:03:49,64.12,89766,14,买盘
1771,11:03:52,64.1,519212,81,卖盘
1772,11:03:55,64.12,250053,39,买盘
1773,11:03:58,64.05,1038220,162,卖盘
1774,11:04:01,64.08,2557946,399,买盘
1775,11:04:04,64.11,589752,92,买盘
1776,11:04:08,64.09,532159,83,卖盘
1777,11:04:11,64.12,44878,7,买盘
1778,11:04:13,64.05,1287406,201,卖盘
1779,11:04:17,64.05,1545290,241,卖盘
1780,11:04:19,64.1,134583,21,中性盘
1781,11:04:23,64.12,346181,54,买盘
1782,11:04:25,64.05,108989,17,卖盘
1783,11:04:28,64.05,134578,21,中性盘
1784,11:04:31,64.05,198578,31,卖盘
1785,11:04:34,64.04,947793,148,卖盘
1786,11:04:38,64.08,96098,15,买盘
1787,11:04:41,64.12,288440,45,买盘
1788,11:04:43,64.08,89733,14,中性盘
1789,11:04:46,64.07,12814,2,中性盘
1790,11:04:49,64.08,717746,112,买盘
1791,11:04:52,64.1,166640,26,买盘
1792,11:04:56,64.07,249943,39,卖盘
1793,11:04:59,64.1,44870,7,买盘
1794,11:05:01,64.07,108961,17,卖盘
1795,11:05:04,64.07,410058,64,卖盘
1796,11:05:07,64.07,70475,11,买盘
1797,11:05:10,64.07,429269,67,买盘
1798,11:05:13,64.08,32048,5,中性盘
1799,11:05:16,64.08,467717,73,卖盘
1800,11:05:19,64.13,782112,122,买盘
1801,11:05:22,64.14,173148,27,买盘
1802,11:05:25,64.16,327142,51,买盘
1803,11:05:28,64.2,442749,69,买盘
1804,11:05:31,64.2,353094,55,买盘
1805,11:05:34,64.18,77040,12,中性盘
1806,11:05:37,64.2,102720,16,卖盘
1807,11:05:40,64.2,121977,19,买盘
1808,11:05:43,64.21,109148,17,买盘
1809,11:05:46,64.22,57794,9,买盘
1810,11:05:49,64.21,32106,5,卖盘
1811,11:05:52,64.21,128438,20,卖盘
1812,11:05:55,64.23,1130171,176,买盘
1813,11:05:58,64.24,1258636,196,买盘
1814,11:06:01,64.28,340571,53,买盘
1815,11:06:04,64.29,51429,8,买盘
1816,11:06:07,64.25,205702,32,卖盘
1817,11:06:10,64.24,83524,13,卖盘
1818,11:06:13,64.23,681362,106,卖盘
1819,11:06:16,64.22,1528458,238,卖盘
1820,11:06:19,64.22,571421,89,买盘
1821,11:06:22,64.2,706332,110,卖盘
1822,11:06:25,64.23,821807,128,买盘
1823,11:06:28,64.28,783703,122,买盘
1824,11:06:31,64.23,507433,79,卖盘
1825,11:06:34,64.29,141382,22,买盘
1826,11:06:37,64.27,83556,13,中性盘
1827,11:06:41,64.29,64284,10,买盘
1828,11:06:43,64.27,520619,81,卖盘
1829,11:06:46,64.27,89977,14,买盘
1830,11:06:49,64.25,1073365,167,中性盘
1831,11:06:52,64.3,102869,16,买盘
1832,11:06:55,64.31,330384,51,买盘
1833,11:06:58,64.31,96485,15,卖盘
1834,11:07:02,64.3,64304,10,卖盘
1835,11:07:04,64.31,222233,35,买盘
1836,11:07:07,64.3,639405,99,卖盘
1837,11:07:10,64.26,96435,15,卖盘
1838,11:07:13,64.27,32132,5,买盘
1839,11:07:16,64.26,2006130,312,卖盘
1840,11:07:19,64.23,482123,75,卖盘
1841,11:07:22,64.2,154100,24,卖盘
1842,11:07:25,64.25,237657,37,买盘
1843,11:07:29,64.23,488118,76,买盘
1844,11:07:31,64.23,719271,112,买盘
1845,11:07:34,64.25,892922,139,买盘
1846,11:07:37,64.23,513774,80,中性盘
1847,11:07:40,64.22,263375,41,中性盘
1848,11:07:43,64.24,25693,4,买盘
1849,11:07:46,64.2,6420,1,卖盘
1850,11:07:49,64.2,263221,41,卖盘
1851,11:07:52,64.18,2478661,386,卖盘
1852,11:07:56,64.23,481658,75,买盘
1853,11:07:59,64.19,308194,48,卖盘
1854,11:08:01,64.23,243975,38,买盘
1855,11:08:04,64.18,513585,80,卖盘
1856,11:08:07,64.23,1302901,203,买盘
1857,11:08:10,64.18,359552,56,中性盘
1858,11:08:13,64.21,77040,12,买盘
1859,11:08:16,64.16,622395,97,卖盘
1860,11:08:19,64.21,789385,123,买盘
1861,11:08:22,64.16,6416,1,中性盘
1862,11:08:26,64.13,51308,8,卖盘
1863,11:08:28,64.11,1948918,304,卖盘
1864,11:08:31,64.08,493703,77,卖盘
1865,11:08:34,64.13,121823,19,买盘
1866,11:08:37,64.08,211560,33,卖盘
1867,11:08:40,64.12,102577,16,买盘
1868,11:08:43,64.09,51273,8,中性盘
1869,11:08:46,64.09,32049,5,卖盘
1870,11:08:49,64.08,1345890,210,卖盘
1871,11:08:52,64.07,224305,35,中性盘
1872,11:08:55,64.1,89717,14,买盘
1873,11:08:58,64.08,173036,27,卖盘
1874,11:09:01,64.09,38454,6,买盘
1875,11:09:04,64.1,128173,20,买盘
1876,11:09:07,64.09,153816,24,买盘
1877,11:09:10,64.08,1467640,229,卖盘
1878,11:09:13,64.12,256420,40,买盘
1879,11:09:16,64.12,166708,26,买盘
1880,11:09:19,64.1,76934,12,卖盘
1881,11:09:23,64.11,38465,6,买盘
1882,11:09:25,64.11,12822,2,买盘
1883,11:09:28,64.1,262821,41,卖盘
1884,11:09:31,64.1,76920,12,买盘
1885,11:09:34,64.09,83328,13,卖盘
1886,11:09:37,64.1,38460,6,买盘
1887,11:09:41,64.1,249989,39,买盘
1888,11:09:43,64.1,826891,129,买盘
1889,11:09:46,64.12,166697,26,买盘
1890,11:09:49,64.12,38472,6,买盘
1891,11:09:52,64.11,25647,4,卖盘
1892,11:09:56,64.12,666917,104,买盘
1893,11:09:58,64.13,121847,19,买盘
1894,11:10:01,64.13,218042,34,买盘
1895,11:10:04,64.12,1295311,202,卖盘
1896,11:10:08,64.14,256486,40,买盘
1897,11:10:10,64.12,147527,23,卖盘
1898,11:10:16,64.12,102615,16,卖盘
1899,11:10:19,64.15,70559,11,买盘
1900,11:10:22,64.11,217984,34,卖盘
1901,11:10:28,64.15,1045622,163,买盘
1902,11:10:31,64.13,333526,52,卖盘
1903,11:10:34,64.12,224454,35,卖盘
1904,11:10:37,64.13,166733,26,买盘
1905,11:10:40,64.13,64130,10,买盘
1906,11:10:43,64.15,218046,34,买盘
1907,11:10:46,64.14,25656,4,买盘
1908,11:10:49,64.13,83372,13,卖盘
1909,11:10:53,64.14,32069,5,买盘
1910,11:10:55,64.15,1154626,180,买盘
1911,11:10:58,64.16,134759,21,买盘
1912,11:11:01,64.16,121906,19,卖盘
1913,11:11:05,64.16,109072,17,买盘
1914,11:11:07,64.16,166796,26,买盘
1915,11:11:11,64.15,173205,27,卖盘
1916,11:11:13,64.15,44905,7,买盘
1917,11:11:16,64.15,70563,11,买盘
1918,11:11:19,64.15,109054,17,买盘
1919,11:11:23,64.15,320665,50,买盘
1920,11:11:25,64.15,89810,14,买盘
1921,11:11:28,64.15,109055,17,买盘
1922,11:11:31,64.15,19245,3,买盘
1923,11:11:34,64.14,885133,138,卖盘
1924,11:11:37,64.15,109055,17,买盘
1925,11:11:40,64.12,474603,74,卖盘
1926,11:11:44,64.14,1679966,262,买盘
1927,11:11:46,64.16,1860325,290,买盘
1928,11:11:49,64.11,365427,57,卖盘
1929,11:11:52,64.11,237202,37,买盘
1930,11:11:55,64.11,121813,19,买盘
1931,11:11:58,64.15,51303,8,买盘
1932,11:12:01,64.12,76937,12,买盘
1933,11:12:04,64.11,6411,1,卖盘
1934,11:12:10,64.12,589904,92,买盘
1935,11:12:13,64.14,641400,100,买盘
1936,11:12:17,64.17,551756,86,买盘
1937,11:12:19,64.18,327294,51,买盘
1938,11:12:23,64.18,352990,55,买盘
1939,11:12:25,64.2,237473,37,买盘
1940,11:12:29,64.21,57788,9,买盘
1941,11:12:31,64.17,57763,9,卖盘
1942,11:12:34,64.18,6418,1,中性盘
1943,11:12:38,64.19,693250,108,买盘
1944,11:12:40,64.17,166844,26,卖盘
1945,11:12:43,64.17,19251,3,买盘
1946,11:12:47,64.2,513380,80,买盘
1947,11:12:50,64.21,282487,44,买盘
1948,11:12:52,64.2,64203,10,卖盘
1949,11:12:55,64.19,981974,153,中性盘
1950,11:12:58,64.16,571155,89,卖盘
1951,11:13:01,64.22,1489322,232,买盘
1952,11:13:04,64.22,321098,50,买盘
1953,11:13:07,64.22,44939,7,买盘
1954,11:13:10,64.2,70624,11,中性盘
1955,11:13:13,64.17,51344,8,卖盘
1956,11:13:22,64.17,44919,7,中性盘
1957,11:13:25,64.2,911362,142,买盘
1958,11:13:29,64.2,199008,31,买盘
1959,11:13:31,64.2,12840,2,买盘
1960,11:13:34,64.2,661260,103,买盘
1961,11:13:37,64.15,295234,46,卖盘
1962,11:13:40,64.2,89859,14,买盘
1963,11:13:43,64.17,44911,7,买盘
1964,11:13:46,64.17,25668,4,买盘
1965,11:13:49,64.18,6418,1,买盘
1966,11:13:53,64.15,19244,3,中性盘
1967,11:13:55,64.19,1822158,284,买盘
1968,11:13:58,64.17,6417,1,买盘
1969,11:14:01,64.17,64152,10,中性盘
1970,11:14:04,64.19,1521940,237,买盘
1971,11:14:08,64.14,661079,103,卖盘
1972,11:14:10,64.19,96298,15,中性盘
1973,11:14:13,64.19,423466,66,买盘
1974,11:14:16,64.19,154052,24,买盘
1975,11:14:19,64.19,51342,8,买盘
1976,11:14:25,64.16,6416,1,买盘
1977,11:14:29,64.16,83408,13,买盘
1978,11:14:31,64.18,38508,6,买盘
1979,11:14:34,64.18,19250,3,中性盘
1980,11:14:38,64.18,25671,4,买盘
1981,11:14:41,64.16,76997,12,卖盘
1982,11:14:43,64.18,64170,10,买盘
1983,11:14:46,64.16,1431053,223,卖盘
1984,11:14:49,64.18,154024,24,买盘
1985,11:14:52,64.16,718663,112,卖盘
1986,11:14:56,64.16,83408,13,买盘
1987,11:14:58,64.17,519699,81,买盘
1988,11:15:01,64.19,64187,10,买盘
1989,11:15:04,64.18,38508,6,中性盘
1990,11:15:07,64.19,1142437,178,买盘
1991,11:15:10,64.17,949784,148,卖盘
1992,11:15:14,64.2,179733,28,买盘
1993,11:15:16,64.2,141238,22,买盘
1994,11:15:19,64.21,1277701,199,买盘
1995,11:15:22,64.23,231189,36,买盘
1996,11:15:25,64.2,314596,49,卖盘
1997,11:15:28,64.2,96299,15,买盘
1998,11:15:31,64.2,327371,51,买盘
1999,11:15:34,64.21,751142,117,买盘
2000,11:15:37,64.24,141308,22,买盘
2001,11:15:40,64.23,77084,12,中性盘
2002,11:15:43,64.23,25693,4,买盘
2003,11:15:47,64.24,648872,101,买盘
2004,11:15:49,64.25,83527,13,中性盘
2005,11:15:52,64.25,32125,5,买盘
2006,11:15:55,64.28,70700,11,买盘
2007,11:15:58,64.28,109268,17,买盘
2008,11:16:01,64.26,128507,20,卖盘
2009,11:16:05,64.25,1124478,175,卖盘
2010,11:16:08,64.25,327671,51,买盘
2011,11:16:10,64.28,719734,112,买盘
2012,11:16:13,64.28,790292,123,买盘
2013,11:16:16,64.29,154287,24,买盘
2014,11:16:19,64.27,205664,32,卖盘
2015,11:16:22,64.2,102778,16,卖盘
2016,11:16:25,64.26,751907,117,买盘
2017,11:16:29,64.23,109214,17,中性盘
2018,11:16:31,64.2,218321,34,卖盘
2019,11:16:34,64.2,288945,45,卖盘
2020,11:16:37,64.25,2371091,369,买盘
2021,11:16:40,64.25,302016,47,买盘
2022,11:16:43,64.18,462323,72,卖盘
2023,11:16:46,64.23,19266,3,买盘
2024,11:16:49,64.24,160574,25,买盘
2025,11:16:52,64.21,6421,1,中性盘
2026,11:16:55,64.22,51368,8,买盘
2027,11:17:01,64.18,192540,30,卖盘
2028,11:17:04,64.18,186123,29,卖盘
2029,11:17:07,64.2,1412135,220,买盘
2030,11:17:11,64.22,57791,9,买盘
2031,11:17:13,64.21,32106,5,卖盘
2032,11:17:16,64.21,141259,22,买盘
2033,11:17:19,64.21,1168610,182,买盘
2034,11:17:22,64.2,288940,45,卖盘
2035,11:17:25,64.2,6420,1,卖盘
2036,11:17:28,64.2,256804,40,卖盘
2037,11:17:31,64.2,51359,8,买盘
2038,11:17:34,64.2,1277660,199,买盘
2039,11:17:40,64.2,12840,2,卖盘
2040,11:17:43,64.19,6419,1,卖盘
2041,11:17:47,64.2,6420,1,买盘
2042,11:17:49,64.21,134827,21,买盘
2043,11:17:53,64.14,1970458,307,卖盘
2044,11:17:55,64.11,211571,33,卖盘
2045,11:17:58,64.11,12821,2,买盘
2046,11:18:01,64.2,1590406,248,买盘
2047,11:18:04,64.11,12821,2,买盘
2048,11:18:07,64.11,83337,13,买盘
2049,11:18:10,64.11,19237,3,卖盘
2050,11:18:13,64.14,6414,1,买盘
2051,11:18:17,64.14,51308,8,买盘
2052,11:18:19,64.14,32071,5,卖盘
2053,11:18:22,64.14,102624,16,卖盘
2054,11:18:25,64.13,76949,12,中性盘
2055,11:18:28,64.15,686388,107,买盘
2056,11:18:31,64.18,6418,1,买盘
2057,11:18:35,64.18,32087,5,买盘
2058,11:18:38,64.19,32094,5,买盘
2059,11:18:40,64.19,44929,7,买盘
2060,11:18:43,64.19,96285,15,买盘
2061,11:18:46,64.18,744697,116,卖盘
2062,11:18:50,64.17,121895,19,中性盘
2063,11:18:52,64.19,596872,93,买盘
2064,11:18:55,64.13,147531,23,卖盘
2065,11:19:01,64.09,1551405,242,卖盘
2066,11:19:04,64.16,814127,127,买盘
2067,11:19:07,64.13,192390,30,买盘
2068,11:19:11,64.13,397548,62,买盘
2069,11:19:13,64.13,64131,10,卖盘
2070,11:19:16,64.12,2141911,334,卖盘
2071,11:19:19,64.15,1661141,259,买盘
2072,11:19:25,64.09,19227,3,中性盘
2073,11:19:32,64.08,1339269,209,买盘
2074,11:19:34,64.1,6410,1,买盘
2075,11:19:40,64.08,2262592,353,卖盘
2076,11:19:43,64.07,32032,5,中性盘
2077,11:19:46,64.06,128143,20,卖盘
2078,11:19:50,64.05,301072,47,卖盘
2079,11:19:52,64.0,480077,75,卖盘
2080,11:19:56,63.98,57588,9,卖盘
2081,11:19:58,63.98,38388,6,卖盘
2082,11:20:01,63.91,2256618,353,卖盘
2083,11:20:04,63.9,108630,17,卖盘
2084,11:20:08,63.88,51104,8,卖盘
2085,11:20:11,63.86,83030,13,卖盘
2086,11:20:14,63.87,51090,8,中性盘
2087,11:20:16,63.9,325793,51,买盘
2088,11:20:20,63.92,6392,1,买盘
2089,11:20:22,63.9,57511,9,卖盘
2090,11:20:25,63.91,6391,1,买盘
2091,11:20:28,63.92,76694,12,买盘
2092,11:20:31,63.92,1150405,180,买盘
2093,11:20:34,63.92,428254,67,卖盘
2094,11:20:37,63.92,338776,53,卖盘
2095,11:20:40,63.91,230086,36,卖盘
2096,11:20:43,63.87,2153651,337,卖盘
2097,11:20:47,63.84,389567,61,卖盘
2098,11:20:49,63.84,651448,102,卖盘
2099,11:20:52,63.85,370174,58,中性盘
2100,11:20:55,63.85,95773,15,卖盘
2101,11:20:58,63.84,76605,12,中性盘
2102,11:21:01,63.82,689158,108,卖盘
2103,11:21:05,63.77,70149,11,卖盘
2104,11:21:07,63.8,944507,148,买盘
2105,11:21:10,63.76,255160,40,卖盘
2106,11:21:16,63.88,2560072,401,买盘
2107,11:21:19,63.86,12768,2,中性盘
2108,11:21:28,63.83,6383,1,中性盘
2109,11:21:31,63.83,1091339,171,买盘
2110,11:21:34,63.84,791611,124,买盘
2111,11:21:40,63.84,1296156,203,卖盘
2112,11:21:43,63.87,6387,1,买盘
2113,11:21:46,63.91,2152693,337,买盘
2114,11:21:49,63.91,19172,3,买盘
2115,11:21:52,63.89,108607,17,卖盘
2116,11:21:55,63.89,51112,8,买盘
2117,11:21:58,63.89,44723,7,买盘
2118,11:22:01,63.85,121340,19,卖盘
2119,11:22:04,63.9,1628774,255,买盘
2120,11:22:07,63.84,887562,139,卖盘
2121,11:22:13,63.89,6389,1,买盘
2122,11:22:16,63.87,670712,105,中性盘
2123,11:22:19,63.86,6386,1,中性盘
2124,11:22:22,63.88,1175182,184,买盘
2125,11:22:25,63.87,702621,110,卖盘
2126,11:22:31,63.87,338517,53,卖盘
2127,11:22:38,63.86,102176,16,卖盘
2128,11:22:40,63.86,881289,138,买盘
2129,11:22:44,63.86,836440,131,买盘
2130,11:22:47,63.86,6386,1,买盘
2131,11:22:49,63.86,689688,108,买盘
2132,11:22:52,63.85,95777,15,卖盘
2133,11:22:55,63.86,38316,6,买盘
2134,11:22:58,63.85,632120,99,卖盘
2135,11:23:01,63.84,1206768,189,卖盘
2136,11:23:04,63.85,19155,3,卖盘
2137,11:23:10,63.85,6385,1,卖盘
2138,11:23:13,63.85,70235,11,买盘
2139,11:23:17,63.85,12770,2,卖盘
2140,11:23:20,63.84,1232297,193,卖盘
2141,11:23:22,63.85,830044,130,买盘
2142,11:23:25,63.84,82993,13,中性盘
2143,11:23:28,63.83,6383,1,卖盘
2144,11:23:31,63.84,31920,5,买盘
2145,11:23:35,63.84,1430229,224,买盘
2146,11:23:40,63.85,351179,55,卖盘
2147,11:23:43,63.84,25539,4,卖盘
2148,11:23:46,63.84,906546,142,卖盘
2149,11:23:49,63.85,574650,90,买盘
2150,11:23:52,63.85,778953,122,卖盘
2151,11:23:55,63.85,6385,1,卖盘
2152,11:23:58,63.86,38312,6,买盘
2153,11:24:02,63.85,76619,12,卖盘
2154,11:24:04,63.86,38311,6,买盘
2155,11:24:08,63.86,2005072,314,买盘
2156,11:24:14,63.87,31935,5,买盘
2157,11:24:16,63.85,632200,99,卖盘
2158,11:24:19,63.87,721620,113,买盘
2159,11:24:22,63.85,881378,138,卖盘
2160,11:24:25,63.84,6384,1,卖盘
2161,11:24:28,63.93,1386265,217,买盘
2162,11:24:31,63.87,44709,7,中性盘
2163,11:24:35,63.85,217098,34,卖盘
2164,11:24:37,63.85,76618,12,买盘
2165,11:24:40,63.86,1871009,293,买盘
2166,11:24:43,63.84,6384,1,卖盘
2167,11:24:46,63.85,38310,6,中性盘
2168,11:24:49,63.84,689667,108,卖盘
2169,11:24:52,63.85,12769,2,中性盘
2170,11:25:01,63.84,57458,9,卖盘
2171,11:25:04,63.83,427668,67,卖盘
2172,11:25:07,63.82,421274,66,卖盘
2173,11:25:10,63.81,57429,9,卖盘
2174,11:25:13,63.81,6381,1,卖盘
2175,11:25:17,63.81,57429,9,买盘
2176,11:25:19,63.83,299941,47,买盘
2177,11:25:22,63.83,63830,10,卖盘
2178,11:25:25,63.83,51064,8,卖盘
2179,11:25:28,63.83,593619,93,卖盘
2180,11:25:31,63.83,127656,20,卖盘
2181,11:25:37,63.79,1831796,287,卖盘
2182,11:25:46,63.76,286999,45,卖盘
2183,11:25:49,63.76,31880,5,卖盘
2184,11:25:52,63.72,191183,30,卖盘
2185,11:25:55,63.72,574017,90,买盘
2186,11:25:58,63.72,19116,3,卖盘
2187,11:26:01,63.72,344039,54,买盘
2188,11:26:04,63.71,31858,5,卖盘
2189,11:26:07,63.75,694819,109,买盘
2190,11:26:10,63.71,739157,116,卖盘
2191,11:26:14,63.75,153000,24,中性盘
2192,11:26:17,63.75,184875,29,卖盘
2193,11:26:19,63.75,299625,47,卖盘
2194,11:26:22,63.75,172119,27,买盘
2195,11:26:26,63.74,12748,2,中性盘
2196,11:26:28,63.76,452632,71,买盘
2197,11:26:34,63.7,293115,46,卖盘
2198,11:26:37,63.73,19119,3,中性盘
2199,11:26:40,63.74,178459,28,中性盘
2200,11:26:43,63.71,6371,1,卖盘
2201,11:26:46,63.72,31859,5,买盘
2202,11:26:49,63.71,184763,29,卖盘
2203,11:26:52,63.7,19110,3,卖盘
2204,11:26:55,63.71,108306,17,买盘
2205,11:26:59,63.71,25481,4,买盘
2206,11:27:01,63.68,293006,46,卖盘
2207,11:27:04,63.68,19104,3,卖盘
2208,11:27:07,63.69,82789,13,中性盘
2209,11:27:10,63.71,108281,17,买盘
2210,11:27:13,63.68,280207,44,卖盘
2211,11:27:16,63.67,31836,5,中性盘
2212,11:27:19,63.68,375712,59,买盘
2213,11:27:22,63.68,38208,6,卖盘
2214,11:27:25,63.69,12738,2,买盘
2215,11:27:28,63.68,318404,50,卖盘
2216,11:27:31,63.69,694170,109,买盘
2217,11:27:34,63.68,6368,1,买盘
2218,11:27:37,63.68,114624,18,买盘
2219,11:27:40,63.69,331186,52,买盘
2220,11:27:43,63.68,261120,41,卖盘
2221,11:27:47,63.69,165570,26,中性盘
2222,11:27:49,63.68,19104,3,买盘
2223,11:27:52,63.66,178267,28,卖盘
2224,11:27:55,63.66,299223,47,卖盘
2225,11:27:58,63.66,210030,33,中性盘
2226,11:28:01,63.62,292716,46,卖盘
2227,11:28:04,63.6,508837,80,卖盘
2228,11:28:07,63.61,127211,20,卖盘
2229,11:28:10,63.6,273528,43,卖盘
2230,11:28:13,63.61,82682,13,买盘
2231,11:28:16,63.6,769602,121,卖盘
2232,11:28:19,63.6,120858,19,卖盘
2233,11:28:22,63.6,25440,4,卖盘
2234,11:28:25,63.61,63604,10,买盘
2235,11:28:28,63.6,591610,93,卖盘
2236,11:28:31,63.6,470642,74,卖盘
2237,11:28:35,63.6,12720,2,卖盘
2238,11:28:37,63.6,6360,1,卖盘
2239,11:28:40,63.61,25444,4,中性盘
2240,11:28:43,63.6,718692,113,卖盘
2241,11:28:46,63.61,591487,93,卖盘
2242,11:28:50,63.6,438877,69,卖盘
2243,11:28:52,63.62,25448,4,买盘
2244,11:28:55,63.6,1132104,178,卖盘
2245,11:28:59,63.6,25442,4,卖盘
2246,11:29:01,63.6,553353,87,卖盘
2247,11:29:04,63.6,890403,140,卖盘
2248,11:29:07,63.62,311681,49,买盘
2249,11:29:10,63.62,769592,121,买盘
2250,11:29:13,63.62,50896,8,买盘
2251,11:29:16,63.62,12723,2,买盘
2252,11:29:19,63.61,50888,8,卖盘
2253,11:29:23,63.63,655271,103,买盘
2254,11:29:25,63.62,50911,8,中性盘
2255,11:29:28,63.6,324397,51,卖盘
2256,11:29:32,63.63,19089,3,中性盘
2257,11:29:34,63.64,19088,3,中性盘
2258,11:29:37,63.61,318052,50,卖盘
2259,11:29:40,63.62,12724,2,中性盘
2260,11:29:43,63.61,108166,17,卖盘
2261,11:29:46,63.65,210045,33,买盘
2262,11:29:49,63.67,878558,138,买盘
2263,11:29:58,63.66,76413,12,卖盘
2264,11:30:01,63.66,19098,3,卖盘
2265,13:00:01,63.68,19102,3,买盘
2266,13:00:05,63.68,732297,115,买盘
2267,13:00:07,63.68,968024,152,卖盘
2268,13:00:11,63.68,445739,70,卖盘
2269,13:00:13,63.69,706909,111,买盘
2270,13:00:16,63.68,706823,111,卖盘
2271,13:00:19,63.69,254729,40,买盘
2272,13:00:23,63.7,318461,50,买盘
2273,13:00:26,63.66,38202,6,卖盘
2274,13:00:28,63.6,3671884,577,卖盘
2275,13:00:31,63.58,2123918,334,卖盘
2276,13:00:34,63.58,902836,142,卖盘
2277,13:00:37,63.57,44498,7,中性盘
2278,13:00:41,63.55,190671,30,卖盘
2279,13:00:44,63.55,63550,10,卖盘
2280,13:00:47,63.54,25414,4,卖盘
2281,13:00:49,63.53,57178,9,卖盘
2282,13:00:52,63.54,108010,17,买盘
2283,13:00:59,63.55,629112,99,买盘
2284,13:01:01,63.56,533973,84,买盘
2285,13:01:04,63.58,851950,134,卖盘
2286,13:01:07,63.61,63603,10,买盘
2287,13:01:10,63.6,165379,26,卖盘
2288,13:01:13,63.6,178101,28,卖盘
2289,13:01:17,63.62,559686,88,买盘
2290,13:01:20,63.67,1425529,224,买盘
2291,13:01:22,63.67,63670,10,卖盘
2292,13:01:29,63.68,6368,1,买盘
2293,13:01:31,63.69,1509161,237,买盘
2294,13:01:34,63.68,19104,3,买盘
2295,13:01:37,63.68,331136,52,卖盘
2296,13:01:41,63.65,732384,115,卖盘
2297,13:01:43,63.66,191032,30,卖盘
2298,13:01:47,63.66,445620,70,买盘
2299,13:01:52,63.69,445830,70,卖盘
2300,13:01:56,63.72,1484267,233,买盘
2301,13:01:58,63.71,254823,40,卖盘
2302,13:02:01,63.71,6371,1,买盘
2303,13:02:04,63.71,6371,1,买盘
2304,13:02:10,63.74,1070347,168,买盘
2305,13:02:13,63.75,280500,44,卖盘
2306,13:02:17,63.75,25500,4,卖盘
2307,13:02:19,63.71,38226,6,卖盘
2308,13:02:23,63.75,12750,2,买盘
2309,13:02:25,63.75,12751,2,中性盘
2310,13:02:29,63.72,280466,44,卖盘
2311,13:02:31,63.77,89278,14,买盘
2312,13:02:35,63.78,57374,9,买盘
2313,13:02:37,63.78,12755,2,买盘
2314,13:02:40,63.79,44649,7,买盘
2315,13:02:43,63.77,1275402,200,卖盘
2316,13:02:46,63.81,38269,6,买盘
2317,13:02:49,63.79,184967,29,中性盘
2318,13:02:52,63.8,76544,12,买盘
2319,13:02:55,63.8,204153,32,买盘
2320,13:02:58,63.8,586960,92,买盘
2321,13:03:01,63.79,51033,8,卖盘
2322,13:03:04,63.79,121178,19,中性盘
2323,13:03:07,63.77,108425,17,卖盘
2324,13:03:10,63.79,31895,5,卖盘
2325,13:03:14,63.79,191321,30,买盘
2326,13:03:17,63.77,357150,56,卖盘
2327,13:03:20,63.8,816501,128,买盘
2328,13:03:22,63.8,76560,12,卖盘
2329,13:03:28,63.8,6380,1,卖盘
2330,13:03:32,63.81,963444,151,买盘
2331,13:03:35,63.81,102096,16,卖盘
2332,13:03:37,63.81,19143,3,卖盘
2333,13:03:40,63.82,25528,4,买盘
2334,13:03:43,63.81,1084777,170,卖盘
2335,13:03:46,63.8,114840,18,卖盘
2336,13:03:49,63.8,6380,1,卖盘
2337,13:03:52,63.8,44660,7,卖盘
2338,13:03:55,63.78,19135,3,卖盘
2339,13:03:58,63.81,185046,29,买盘
2340,13:04:04,63.8,114848,18,卖盘
2341,13:04:07,63.81,6381,1,买盘
2342,13:04:10,63.84,944422,148,买盘
2343,13:04:13,63.85,229828,36,买盘
2344,13:04:16,63.81,676392,106,卖盘
2345,13:04:22,63.81,6381,1,卖盘
2346,13:04:25,63.83,165930,26,买盘
2347,13:04:28,63.82,280808,44,卖盘
2348,13:04:31,63.82,395670,62,卖盘
2349,13:04:34,63.82,134022,21,买盘
2350,13:04:37,63.82,82966,13,买盘
2351,13:04:40,63.81,76572,12,卖盘
2352,13:04:43,63.82,1416824,222,买盘
2353,13:04:46,63.81,31905,5,卖盘
2354,13:04:49,63.78,1983633,311,卖盘
2355,13:04:52,63.8,6380,1,卖盘
2356,13:04:55,63.8,76562,12,卖盘
2357,13:04:58,63.8,529608,83,卖盘
2358,13:05:01,63.83,1442583,226,买盘
2359,13:05:04,63.83,121279,19,买盘
2360,13:05:07,63.84,31920,5,买盘
2361,13:05:10,63.82,25531,4,中性盘
2362,13:05:13,63.82,44674,7,买盘
2363,13:05:16,63.84,599917,94,买盘
2364,13:05:20,63.84,25534,4,买盘
2365,13:05:23,63.82,970130,152,卖盘
2366,13:05:26,63.84,25536,4,中性盘
2367,13:05:31,63.84,38294,6,买盘
2368,13:05:34,63.84,51070,8,买盘
2369,13:05:37,63.85,1072673,168,买盘
2370,13:05:41,63.84,651062,102,卖盘
2371,13:05:43,63.84,6384,1,卖盘
2372,13:05:47,63.84,19152,3,卖盘
2373,13:05:49,63.84,19152,3,卖盘
2374,13:05:52,63.84,625773,98,卖盘
2375,13:05:55,63.84,70224,11,卖盘
2376,13:05:58,63.83,134062,21,卖盘
2377,13:06:01,63.82,44674,7,卖盘
2378,13:06:04,63.85,695919,109,买盘
2379,13:06:07,63.82,12765,2,卖盘
2380,13:06:17,63.84,970255,152,买盘
2381,13:06:23,63.82,593581,93,卖盘
2382,13:06:25,63.84,670273,105,买盘
2383,13:06:29,63.84,12768,2,买盘
2384,13:06:31,63.84,370272,58,买盘
2385,13:06:35,63.86,1123513,176,买盘
2386,13:06:41,63.84,12768,2,卖盘
2387,13:06:44,63.84,31920,5,买盘
2388,13:06:49,63.82,31914,5,卖盘
2389,13:06:52,63.82,19146,3,卖盘
2390,13:06:56,63.82,12764,2,卖盘
2391,13:06:58,63.82,89341,14,卖盘
2392,13:07:01,63.77,1339834,210,卖盘
2393,13:07:05,63.77,1027476,161,卖盘
2394,13:07:10,63.77,19131,3,卖盘
2395,13:07:13,63.77,12754,2,卖盘
2396,13:07:16,63.76,146667,23,卖盘
2397,13:07:19,63.77,38261,6,买盘
2398,13:07:22,63.77,344358,54,买盘
2399,13:07:29,63.78,963051,151,买盘
2400,13:07:31,63.79,280676,44,买盘
2401,13:07:34,63.79,25516,4,买盘
2402,13:07:37,63.81,306251,48,买盘
2403,13:07:40,63.81,1142169,179,买盘
2404,13:07:43,63.85,2055135,322,买盘
2405,13:07:46,63.84,6384,1,卖盘
2406,13:07:49,63.86,242625,38,买盘
2407,13:07:52,63.81,1282747,201,卖盘
2408,13:07:55,63.85,25540,4,买盘
2409,13:07:58,63.85,146855,23,买盘
2410,13:08:01,63.81,491630,77,卖盘
2411,13:08:04,63.84,6384,1,买盘
2412,13:08:07,63.83,6383,1,中性盘
2413,13:08:13,63.83,25532,4,卖盘
2414,13:08:20,63.81,127647,20,卖盘
2415,13:08:26,63.8,159500,25,卖盘
2416,13:08:28,63.84,1710709,268,买盘
2417,13:08:31,63.81,6381,1,买盘
2418,13:08:34,63.8,331764,52,卖盘
2419,13:08:40,63.81,370098,58,卖盘
2420,13:08:43,63.83,255317,40,买盘
2421,13:08:46,63.83,708513,111,卖盘
2422,13:08:50,63.84,331927,52,买盘
2423,13:08:53,63.85,2196060,344,买盘
2424,13:08:55,63.84,31920,5,卖盘
2425,13:08:58,63.84,121297,19,卖盘
2426,13:09:01,63.84,159600,25,买盘
2427,13:09:04,63.85,1347110,211,买盘
2428,13:09:07,63.85,12770,2,卖盘
2429,13:09:13,63.85,76620,12,卖盘
2430,13:09:17,63.85,31925,5,买盘
2431,13:09:20,63.84,906559,142,卖盘
2432,13:09:22,63.85,1257815,197,买盘
2433,13:09:25,63.85,197934,31,卖盘
2434,13:09:28,63.84,6384,1,卖盘
2435,13:09:31,63.84,293664,46,卖盘
2436,13:09:35,63.85,1296122,203,买盘
2437,13:09:37,63.84,31920,5,买盘
2438,13:09:40,63.83,57453,9,卖盘
2439,13:09:43,63.83,1270271,199,卖盘
2440,13:09:47,63.82,6382,1,卖盘
2441,13:09:49,63.82,210606,33,卖盘
2442,13:09:52,63.82,650964,102,中性盘
2443,13:09:55,63.8,880585,138,卖盘
2444,13:09:59,63.82,810382,127,买盘
2445,13:10:02,63.8,57420,9,卖盘
2446,13:10:04,63.8,12760,2,买盘
2447,13:10:07,63.8,19139,3,买盘
2448,13:10:10,63.8,1001660,157,买盘
2449,13:10:13,63.8,31900,5,卖盘
2450,13:10:16,63.8,414700,65,卖盘
2451,13:10:19,63.79,165855,26,卖盘
2452,13:10:22,63.79,31895,5,卖盘
2453,13:10:25,63.78,1422600,223,卖盘
2454,13:10:28,63.78,63780,10,卖盘
2455,13:10:31,63.77,2168164,340,卖盘
2456,13:10:34,63.8,1243812,195,买盘
2457,13:10:37,63.72,197541,31,卖盘
2458,13:10:40,63.77,38262,6,中性盘
2459,13:10:43,63.78,31886,5,买盘
2460,13:10:46,63.77,31886,5,中性盘
2461,13:10:50,63.76,12754,2,卖盘
2462,13:10:53,63.78,146693,23,买盘
2463,13:10:55,63.76,6376,1,中性盘
2464,13:10:58,63.75,25500,4,卖盘
2465,13:11:01,63.76,19128,3,买盘
2466,13:11:04,63.75,89250,14,卖盘
2467,13:11:07,63.75,38250,6,卖盘
2468,13:11:10,63.74,899006,141,卖盘
2469,13:11:14,63.73,121096,19,卖盘
2470,13:11:17,63.72,114704,18,卖盘
2471,13:11:20,63.71,38226,6,卖盘
2472,13:11:22,63.72,108317,17,中性盘
2473,13:11:25,63.72,12744,2,中性盘
2474,13:11:31,63.7,203840,32,卖盘
2475,13:11:34,63.68,681587,107,卖盘
2476,13:11:37,63.68,19104,3,卖盘
2477,13:11:40,63.68,31840,5,买盘
2478,13:11:44,63.68,6368,1,买盘
2479,13:11:50,63.67,254658,40,卖盘
2480,13:11:56,63.68,267398,42,买盘
2481,13:11:58,63.67,445770,70,卖盘
2482,13:12:01,63.65,12732,2,卖盘
2483,13:12:04,63.65,6365,1,中性盘
2484,13:12:07,63.66,6366,1,中性盘
2485,13:12:10,63.67,50936,8,买盘
2486,13:12:20,63.67,44569,7,卖盘
2487,13:12:28,63.68,38208,6,买盘
2488,13:12:31,63.72,57327,9,买盘
2489,13:12:35,63.67,503092,79,卖盘
2490,13:12:37,63.73,38238,6,买盘
2491,13:12:40,63.74,38244,6,买盘
2492,13:12:44,63.74,25496,4,买盘
2493,13:12:50,63.75,12750,2,买盘
2494,13:12:52,63.75,31873,5,买盘
2495,13:12:56,63.75,337711,53,卖盘
2496,13:12:58,63.75,25500,4,买盘
2497,13:13:01,63.75,38250,6,买盘
2498,13:13:05,63.75,31875,5,卖盘
2499,13:13:08,63.73,44611,7,卖盘
2500,13:13:11,63.75,6375,1,买盘
2501,13:13:13,63.75,6375,1,卖盘
2502,13:13:16,63.76,63755,10,买盘
2503,13:13:20,63.74,63740,10,卖盘
2504,13:13:22,63.73,216692,34,卖盘
2505,13:13:25,63.71,6371,1,卖盘
2506,13:13:28,63.71,140197,22,卖盘
2507,13:13:31,63.71,57339,9,买盘
2508,13:13:37,63.72,12744,2,买盘
2509,13:13:40,63.72,6372,1,买盘
2510,13:13:43,63.72,19116,3,中性盘
2511,13:13:47,63.72,6372,1,中性盘
2512,13:13:52,63.72,25488,4,卖盘
2513,13:13:59,63.73,172051,27,买盘
2514,13:14:05,63.74,140220,22,买盘
2515,13:14:14,63.74,12748,2,买盘
2516,13:14:16,63.75,44616,7,买盘
2517,13:14:19,63.75,6375,1,买盘
2518,13:14:25,63.74,31870,5,买盘
2519,13:14:29,63.74,19122,3,买盘
2520,13:14:31,63.75,216751,34,买盘
2521,13:14:37,63.77,51016,8,买盘
2522,13:14:41,63.77,25508,4,卖盘
2523,13:14:49,63.78,31889,5,买盘
2524,13:14:55,63.79,51032,8,买盘
2525,13:14:58,63.79,44653,7,买盘
2526,13:15:01,63.79,31895,5,买盘
2527,13:15:04,63.78,38271,6,卖盘
2528,13:15:07,63.78,306166,48,卖盘
2529,13:15:10,63.75,318809,50,卖盘
2530,13:15:13,63.73,1038970,163,卖盘
2531,13:15:17,63.71,25486,4,卖盘
2532,13:15:19,63.71,63710,10,卖盘
2533,13:15:22,63.69,159236,25,卖盘
2534,13:15:25,63.67,184670,29,卖盘
2535,13:15:29,63.68,6368,1,买盘
2536,13:15:31,63.66,50928,8,卖盘
2537,13:15:34,63.67,19100,3,中性盘
2538,13:15:41,63.67,31835,5,卖盘
2539,13:15:43,63.67,12734,2,卖盘
2540,13:15:46,63.66,31831,5,卖盘
2541,13:15:49,63.66,89124,14,卖盘
2542,13:15:55,63.66,120956,19,卖盘
2543,13:15:58,63.66,25467,4,卖盘
2544,13:16:01,63.66,95490,15,卖盘
2545,13:16:04,63.66,50931,8,中性盘
2546,13:16:08,63.66,31830,5,买盘
2547,13:16:10,63.68,165522,26,买盘
2548,13:16:14,63.73,63723,10,买盘
2549,13:16:22,63.71,12741,2,买盘
2550,13:16:31,63.73,38238,6,买盘
2551,13:16:35,63.72,31863,5,卖盘
2552,13:16:40,63.72,19116,3,卖盘
2553,13:16:43,63.72,63721,10,卖盘
2554,13:16:46,63.73,101966,16,买盘
2555,13:16:52,63.76,70112,11,买盘
2556,13:16:55,63.76,57384,9,卖盘
2557,13:16:58,63.75,6375,1,买盘
2558,13:17:07,63.73,31869,5,卖盘
2559,13:17:10,63.71,477902,75,卖盘
2560,13:17:13,63.71,95582,15,卖盘
2561,13:17:16,63.7,821859,129,卖盘
2562,13:17:19,63.67,171917,27,卖盘
2563,13:17:22,63.7,38217,6,买盘
2564,13:17:26,63.67,19101,3,卖盘
2565,13:17:28,63.7,44584,7,买盘
2566,13:17:31,63.67,25468,4,卖盘
2567,13:17:34,63.67,12736,2,卖盘
2568,13:17:37,63.68,12736,2,中性盘
2569,13:17:40,63.68,6368,1,卖盘
2570,13:17:44,63.68,25472,4,卖盘
2571,13:17:46,63.67,12734,2,卖盘
2572,13:17:49,63.68,6368,1,买盘
2573,13:17:52,63.68,6368,1,买盘
2574,13:17:55,63.68,19104,3,卖盘
2575,13:17:58,63.68,6368,1,卖盘
2576,13:18:01,63.69,31845,5,买盘
2577,13:18:04,63.7,70071,11,卖盘
2578,13:18:16,63.71,127404,20,买盘
2579,13:18:19,63.72,57345,9,买盘
2580,13:18:23,63.73,6373,1,中性盘
2581,13:18:25,63.72,38234,6,卖盘
2582,13:18:28,63.72,31860,5,买盘
2583,13:18:32,63.74,44617,7,买盘
2584,13:18:34,63.72,108344,17,卖盘
2585,13:18:37,63.72,12745,2,卖盘
2586,13:18:40,63.74,12748,2,买盘
2587,13:18:43,63.76,19124,3,买盘
2588,13:18:49,63.72,197534,31,卖盘
2589,13:18:52,63.77,12754,2,买盘
2590,13:18:55,63.74,133854,21,卖盘
2591,13:18:58,63.74,191218,30,卖盘
2592,13:19:01,63.74,6374,1,中性盘
2593,13:19:04,63.74,713598,112,买盘
2594,13:19:07,63.74,12748,2,买盘
2595,13:19:13,63.71,19113,3,卖盘
2596,13:19:16,63.71,31856,5,卖盘
2597,13:19:19,63.72,12743,2,中性盘
2598,13:19:23,63.73,6373,1,买盘
2599,13:19:25,63.75,127483,20,买盘
2600,13:19:35,63.73,19119,3,买盘
2601,13:19:37,63.73,82861,13,卖盘
2602,13:19:40,63.73,63734,10,卖盘
2603,13:19:43,63.73,133833,21,买盘
2604,13:19:46,63.72,31860,5,卖盘
2605,13:19:55,63.73,31861,5,买盘
2606,13:19:59,63.72,12744,2,买盘
2607,13:20:01,63.72,235763,37,买盘
2608,13:20:05,63.72,19118,3,卖盘
2609,13:20:08,63.72,229405,36,卖盘
2610,13:20:11,63.71,547989,86,卖盘
2611,13:20:14,63.7,312144,49,卖盘
2612,13:20:16,63.69,127398,20,卖盘
2613,13:20:19,63.68,31842,5,卖盘
2614,13:20:22,63.68,280193,44,卖盘
2615,13:20:26,63.65,407435,64,卖盘
2616,13:20:28,63.64,311882,49,卖盘
2617,13:20:31,63.63,50904,8,卖盘
2618,13:20:35,63.64,82725,13,买盘
2619,13:20:37,63.63,152712,24,卖盘
2620,13:20:43,63.6,667889,105,卖盘
2621,13:20:46,63.61,1081749,170,中性盘
2622,13:20:49,63.63,44536,7,买盘
2623,13:20:52,63.63,69993,11,卖盘
2624,13:20:55,63.63,38178,6,卖盘
2625,13:20:58,63.64,19092,3,买盘
2626,13:21:01,63.64,44548,7,买盘
2627,13:21:05,63.63,146351,23,卖盘
2628,13:21:07,63.63,610931,96,买盘
2629,13:21:11,63.62,6362,1,卖盘
2630,13:21:13,63.62,31810,5,卖盘
2631,13:21:19,63.63,50904,8,卖盘
2632,13:21:22,63.62,114516,18,卖盘
2633,13:21:25,63.62,2641241,415,卖盘
2634,13:21:29,63.61,324460,51,卖盘
2635,13:21:32,63.62,38172,6,买盘
2636,13:21:35,63.62,6362,1,买盘
2637,13:21:37,63.62,57258,9,买盘
2638,13:21:41,63.65,1177182,185,买盘
2639,13:21:46,63.65,12727,2,买盘
2640,13:21:52,63.63,57267,9,卖盘
2641,13:21:56,63.63,25452,4,买盘
2642,13:21:58,63.63,197253,31,买盘
2643,13:22:01,63.63,19089,3,买盘
2644,13:22:04,63.63,515344,81,买盘
2645,13:22:07,63.63,133623,21,买盘
2646,13:22:10,63.63,12726,2,买盘
2647,13:22:13,63.62,127240,20,卖盘
2648,13:22:16,63.62,6362,1,买盘
2649,13:22:19,63.62,82706,13,买盘
2650,13:22:23,63.61,1349136,212,卖盘
2651,13:22:26,63.61,82693,13,买盘
2652,13:22:29,63.61,89054,14,买盘
2653,13:22:34,63.61,38166,6,买盘
2654,13:22:37,63.61,38165,6,买盘
2655,13:22:40,63.6,985828,155,卖盘
2656,13:22:44,63.61,235357,37,买盘
2657,13:22:46,63.64,483628,76,买盘
2658,13:22:49,63.64,12728,2,买盘
2659,13:22:52,63.62,12725,2,卖盘
2660,13:22:59,63.63,808081,127,买盘
2661,13:23:02,63.61,89054,14,卖盘
2662,13:23:07,63.61,190830,30,买盘
2663,13:23:13,63.61,190829,30,买盘
2664,13:23:17,63.63,960513,151,买盘
2665,13:23:20,63.6,311637,49,卖盘
2666,13:23:22,63.6,95400,15,买盘
2667,13:23:25,63.6,273479,43,买盘
2668,13:23:28,63.6,12720,2,卖盘
2669,13:23:31,63.63,57267,9,买盘
2670,13:23:34,63.61,31813,5,中性盘
2671,13:23:37,63.6,1075256,169,卖盘
2672,13:23:43,63.61,44532,7,卖盘
2673,13:23:52,63.62,127222,20,买盘
2674,13:23:55,63.62,19086,3,买盘
2675,13:23:58,63.61,388021,61,卖盘
2676,13:24:01,63.6,19082,3,卖盘
2677,13:24:04,63.61,12722,2,买盘
2678,13:24:07,63.61,171747,27,买盘
2679,13:24:10,63.61,31801,5,买盘
2680,13:24:13,63.61,114498,18,买盘
2681,13:24:22,63.61,343494,54,卖盘
2682,13:24:26,63.61,31805,5,买盘
2683,13:24:28,63.6,636001,100,卖盘
2684,13:24:32,63.6,44526,7,卖盘
2685,13:24:34,63.61,63610,10,买盘
2686,13:24:37,63.61,31805,5,买盘
2687,13:24:40,63.6,25440,4,卖盘
2688,13:24:43,63.61,38166,6,买盘
2689,13:24:46,63.61,349854,55,买盘
2690,13:24:49,63.61,25444,4,买盘
2691,13:24:52,63.61,31805,5,买盘
2692,13:24:56,63.61,6361,1,买盘
2693,13:24:59,63.61,6361,1,买盘
2694,13:25:01,63.61,6361,1,买盘
2695,13:25:04,63.61,330732,52,买盘
2696,13:25:10,63.59,464256,73,卖盘
2697,13:25:13,63.59,674154,106,卖盘
2698,13:25:19,63.59,305236,48,卖盘
2699,13:25:22,63.61,337106,53,买盘
2700,13:25:28,63.61,127220,20,卖盘
2701,13:25:31,63.62,222670,35,买盘
2702,13:25:34,63.61,1106917,174,卖盘
2703,13:25:37,63.61,31805,5,卖盘
2704,13:25:40,63.64,6364,1,买盘
2705,13:25:43,63.61,50889,8,卖盘
2706,13:25:49,63.62,31810,5,卖盘
2707,13:25:53,63.63,146349,23,买盘
2708,13:25:58,63.63,1596943,251,买盘
2709,13:26:02,63.64,203647,32,买盘
2710,13:26:04,63.63,139986,22,卖盘
2711,13:26:07,63.63,216342,34,买盘
2712,13:26:11,63.64,521770,82,买盘
2713,13:26:13,63.64,38184,6,买盘
2714,13:26:22,63.64,19092,3,卖盘
2715,13:26:26,63.65,63650,10,买盘
2716,13:26:28,63.65,114570,18,买盘
2717,13:26:31,63.64,534576,84,卖盘
2718,13:26:34,63.63,139988,22,卖盘
2719,13:26:46,63.64,19092,3,买盘
2720,13:26:50,63.64,82732,13,买盘
2721,13:26:53,63.64,63640,10,买盘
2722,13:26:56,63.64,6364,1,卖盘
2723,13:27:02,63.65,642864,101,买盘
2724,13:27:04,63.65,6365,1,买盘
2725,13:27:07,63.64,133644,21,卖盘
2726,13:27:10,63.64,31820,5,买盘
2727,13:27:13,63.64,311836,49,买盘
2728,13:27:16,63.64,814488,128,买盘
2729,13:27:19,63.65,299109,47,买盘
2730,13:27:23,63.63,216342,34,卖盘
2731,13:27:26,63.63,95445,15,买盘
2732,13:27:28,63.62,159071,25,卖盘
2733,13:27:32,63.63,178164,28,买盘
2734,13:27:34,63.65,572704,90,买盘
2735,13:27:37,63.65,6365,1,买盘
2736,13:27:40,63.65,19095,3,买盘
2737,13:27:44,63.65,120929,19,买盘
2738,13:27:46,63.66,89117,14,买盘
2739,13:27:49,63.63,19089,3,卖盘
2740,13:27:52,63.64,12729,2,卖盘
2741,13:27:56,63.63,31820,5,卖盘
2742,13:27:58,63.63,57267,9,卖盘
2743,13:28:01,63.64,31822,5,卖盘
2744,13:28:04,63.64,190919,30,买盘
2745,13:28:07,63.64,19092,3,买盘
2746,13:28:10,63.63,57268,9,卖盘
2747,13:28:13,63.64,6364,1,买盘
2748,13:28:16,63.64,44548,7,买盘
2749,13:28:19,63.64,82732,13,买盘
2750,13:28:22,63.64,330928,52,买盘
2751,13:28:26,63.63,63630,10,卖盘
2752,13:28:31,63.64,235468,37,买盘
2753,13:28:34,63.64,929444,146,卖盘
2754,13:28:37,63.65,12730,2,买盘
2755,13:28:40,63.64,451845,71,卖盘
2756,13:28:43,63.64,12728,2,买盘
2757,13:28:46,63.64,661856,104,买盘
2758,13:28:49,63.65,152737,24,买盘
2759,13:28:52,63.64,31820,5,卖盘
2760,13:28:58,63.65,120932,19,买盘
2761,13:29:01,63.65,38189,6,买盘
2762,13:29:04,63.64,133649,21,卖盘
2763,13:29:07,63.65,50917,8,买盘
2764,13:29:10,63.64,324564,51,卖盘
2765,13:29:13,63.65,292762,46,买盘
2766,13:29:16,63.65,12729,2,买盘
2767,13:29:19,63.64,12728,2,卖盘
2768,13:29:22,63.65,12729,2,买盘
2769,13:29:28,63.64,114556,18,卖盘
2770,13:29:31,63.65,197287,31,买盘
2771,13:29:34,63.65,572817,90,买盘
2772,13:29:40,63.65,343618,54,买盘
2773,13:29:43,63.65,216410,34,买盘
2774,13:29:49,63.66,19097,3,买盘
2775,13:29:52,63.67,235554,37,卖盘
2776,13:29:56,63.65,38190,6,卖盘
2777,13:29:58,63.66,388250,61,中性盘
2778,13:30:02,63.65,108221,17,卖盘
2779,13:30:05,63.65,57287,9,卖盘
2780,13:30:07,63.65,222795,35,卖盘
2781,13:30:10,63.65,63650,10,买盘
2782,13:30:17,63.63,324526,51,卖盘
2783,13:30:19,63.64,159103,25,中性盘
2784,13:30:23,63.64,6364,1,买盘
2785,13:30:26,63.63,566293,89,卖盘
2786,13:30:28,63.64,89092,14,买盘
2787,13:30:31,63.64,19092,3,买盘
2788,13:30:34,63.63,70003,11,卖盘
2789,13:30:37,63.64,25456,4,买盘
2790,13:30:40,63.63,439047,69,卖盘
2791,13:30:43,63.63,57264,9,买盘
2792,13:30:47,63.63,292661,46,买盘
2793,13:30:49,63.63,114530,18,买盘
2794,13:30:53,63.63,63635,10,卖盘
2795,13:30:56,63.63,292698,46,卖盘
2796,13:30:58,63.63,19089,3,卖盘
2797,13:31:01,63.62,369037,58,卖盘
2798,13:31:04,63.63,82728,13,卖盘
2799,13:31:07,63.64,159092,25,买盘
2800,13:31:10,63.63,432750,68,卖盘
2801,13:31:13,63.63,63629,10,买盘
2802,13:31:16,63.63,44536,7,买盘
2803,13:31:19,63.63,489951,77,买盘
2804,13:31:26,63.62,197244,31,卖盘
2805,13:31:28,63.63,38178,6,买盘
2806,13:31:34,63.63,6363,1,买盘
2807,13:31:37,63.63,12726,2,买盘
2808,13:31:40,63.63,216342,34,买盘
2809,13:31:43,63.62,6362,1,卖盘
2810,13:31:46,63.63,279972,44,买盘
2811,13:31:49,63.63,19089,3,买盘
2812,13:31:58,63.63,25453,4,卖盘
2813,13:32:04,63.63,63630,10,卖盘
2814,13:32:07,63.63,31812,5,买盘
2815,13:32:10,63.63,70003,11,卖盘
2816,13:32:13,63.64,25451,4,买盘
2817,13:32:16,63.63,19089,3,卖盘
2818,13:32:19,63.61,1221506,192,卖盘
2819,13:32:22,63.62,139943,22,买盘
2820,13:32:25,63.61,12723,2,卖盘
2821,13:32:29,63.61,139942,22,卖盘
2822,13:32:31,63.61,19085,3,卖盘
2823,13:32:34,63.62,114500,18,买盘
2824,13:32:37,63.62,165437,26,中性盘
2825,13:32:40,63.61,171758,27,卖盘
2826,13:32:43,63.61,286246,45,卖盘
2827,13:32:46,63.61,184469,29,卖盘
2828,13:32:49,63.61,381660,60,卖盘
2829,13:32:52,63.61,108148,17,卖盘
2830,13:32:56,63.61,57249,9,卖盘
2831,13:32:58,63.61,50893,8,卖盘
2832,13:33:02,63.6,826887,130,卖盘
2833,13:33:04,63.6,305291,48,卖盘
2834,13:33:07,63.61,648731,102,买盘
2835,13:33:10,63.6,203526,32,卖盘
2836,13:33:14,63.56,4299037,676,卖盘
2837,13:33:16,63.55,171611,27,卖盘
2838,13:33:19,63.56,190651,30,买盘
2839,13:33:22,63.55,489285,77,卖盘
2840,13:33:25,63.55,692687,109,买盘
2841,13:33:34,63.55,38130,6,卖盘
2842,13:33:37,63.55,127105,20,卖盘
2843,13:33:40,63.56,63558,10,买盘
2844,13:33:43,63.54,19062,3,卖盘
2845,13:33:46,63.54,69895,11,卖盘
2846,13:33:49,63.54,127080,20,卖盘
2847,13:33:52,63.54,38126,6,卖盘
2848,13:33:59,63.55,781638,123,买盘
2849,13:34:01,63.54,31771,5,卖盘
2850,13:34:04,63.55,25420,4,买盘
2851,13:34:07,63.55,50840,8,卖盘
2852,13:34:10,63.54,546522,86,卖盘
2853,13:34:13,63.55,76260,12,买盘
2854,13:34:16,63.55,63550,10,买盘
2855,13:34:19,63.54,50839,8,卖盘
2856,13:34:22,63.55,12710,2,买盘
2857,13:34:25,63.55,69897,11,买盘
2858,13:34:29,63.55,228780,36,买盘
2859,13:34:34,63.56,235136,37,买盘
2860,13:34:38,63.56,139832,22,买盘
2861,13:34:40,63.56,311409,49,卖盘
2862,13:34:43,63.56,44486,7,买盘
2863,13:34:47,63.56,521192,82,买盘
2864,13:34:52,63.56,12712,2,买盘
2865,13:34:55,63.55,38131,6,卖盘
2866,13:34:58,63.56,44491,7,买盘
2867,13:35:01,63.56,19067,3,买盘
2868,13:35:07,63.6,375114,59,买盘
2869,13:35:10,63.6,6360,1,买盘
2870,13:35:16,63.56,25424,4,卖盘
2871,13:35:19,63.57,158958,25,中性盘
2872,13:35:22,63.56,6356,1,卖盘
2873,13:35:25,63.56,12712,2,卖盘
2874,13:35:28,63.56,25424,4,卖盘
2875,13:35:32,63.57,25427,4,买盘
2876,13:35:34,63.57,44493,7,买盘
2877,13:35:40,63.57,673842,106,买盘
2878,13:35:43,63.58,57218,9,买盘
2879,13:35:49,63.58,6358,1,买盘
2880,13:35:58,63.6,6360,1,买盘
2881,13:36:01,63.61,254437,40,买盘
2882,13:36:04,63.6,6360,1,买盘
2883,13:36:07,63.57,1106191,174,卖盘
2884,13:36:10,63.62,521301,82,买盘
2885,13:36:16,63.59,127184,20,卖盘
2886,13:36:22,63.59,38154,6,中性盘
2887,13:36:25,63.58,95370,15,卖盘
2888,13:36:28,63.6,69959,11,买盘
2889,13:36:32,63.6,38161,6,卖盘
2890,13:36:37,63.6,19080,3,中性盘
2891,13:36:46,63.6,19080,3,买盘
2892,13:36:49,63.6,25440,4,买盘
2893,13:36:52,63.6,82680,13,买盘
2894,13:37:01,63.61,114491,18,买盘
2895,13:37:04,63.6,63600,10,卖盘
2896,13:37:11,63.62,6362,1,买盘
2897,13:37:13,63.61,63619,10,卖盘
2898,13:37:16,63.63,69997,11,买盘
2899,13:37:19,63.65,57278,9,买盘
2900,13:37:22,63.63,6363,1,中性盘
2901,13:37:25,63.61,63614,10,卖盘
2902,13:37:29,63.61,6361,1,卖盘
2903,13:37:31,63.63,25452,4,买盘
2904,13:37:34,63.64,6364,1,中性盘
2905,13:37:38,63.65,76380,12,买盘
2906,13:37:40,63.65,6365,1,买盘
2907,13:37:44,63.65,63647,10,买盘
2908,13:37:47,63.65,12731,2,卖盘
2909,13:37:49,63.69,63678,10,买盘
2910,13:37:52,63.65,190951,30,卖盘
2911,13:37:55,63.65,197320,31,卖盘
2912,13:37:58,63.65,44555,7,买盘
2913,13:38:01,63.66,95490,15,卖盘
2914,13:38:04,63.66,140058,22,卖盘
2915,13:38:07,63.66,101856,16,卖盘
2916,13:38:10,63.67,165530,26,买盘
2917,13:38:16,63.68,38208,6,买盘
2918,13:38:19,63.7,63693,10,买盘
2919,13:38:22,63.69,57321,9,买盘
2920,13:38:26,63.77,121136,19,买盘
2921,13:38:31,63.76,63759,10,买盘
2922,13:38:34,63.7,203846,32,卖盘
2923,13:38:43,63.76,6376,1,卖盘
2924,13:38:46,63.78,57398,9,买盘
2925,13:38:52,63.75,427142,67,卖盘
2926,13:38:55,63.73,25494,4,卖盘
2927,13:38:58,63.75,38248,6,买盘
2928,13:39:04,63.75,70126,11,卖盘
2929,13:39:07,63.74,25503,4,卖盘
2930,13:39:10,63.77,102032,16,买盘
2931,13:39:17,63.78,95670,15,买盘
2932,13:39:19,63.79,255118,40,买盘
2933,13:39:22,63.79,140335,22,买盘
2934,13:39:25,63.79,19137,3,卖盘
2935,13:39:28,63.78,6378,1,中性盘
2936,13:39:31,63.78,6378,1,买盘
2937,13:39:35,63.79,76545,12,买盘
2938,13:39:37,63.75,471784,74,卖盘
2939,13:39:41,63.75,223120,35,买盘
2940,13:39:43,63.72,6372,1,卖盘
2941,13:39:46,63.75,19123,3,买盘
2942,13:39:52,63.75,25498,4,买盘
2943,13:39:55,63.75,25499,4,买盘
2944,13:39:58,63.74,12749,2,卖盘
2945,13:40:02,63.75,38249,6,买盘
2946,13:40:04,63.75,127496,20,买盘
2947,13:40:08,63.75,57375,9,买盘
2948,13:40:16,63.75,713994,112,买盘
2949,13:40:19,63.76,6376,1,买盘
2950,13:40:22,63.76,63758,10,买盘
2951,13:40:25,63.76,25504,4,买盘
2952,13:40:28,63.75,108375,17,卖盘
2953,13:40:32,63.75,471764,74,卖盘
2954,13:40:34,63.75,63750,10,卖盘
2955,13:40:37,63.74,38249,6,卖盘
2956,13:40:40,63.76,63759,10,买盘
2957,13:40:43,63.75,19125,3,卖盘
2958,13:40:49,63.75,242243,38,买盘
2959,13:40:52,63.74,38245,6,卖盘
2960,13:40:55,63.74,44618,7,卖盘
2961,13:40:58,63.75,44620,7,买盘
2962,13:41:05,63.74,25496,4,卖盘
2963,13:41:07,63.74,293202,46,买盘
2964,13:41:10,63.74,82851,13,买盘
2965,13:41:14,63.74,57366,9,买盘
2966,13:41:16,63.74,6374,1,买盘
2967,13:41:19,63.73,484423,76,卖盘
2968,13:41:22,63.74,12748,2,买盘
2969,13:41:25,63.73,267674,42,卖盘
2970,13:41:28,63.72,694759,109,卖盘
2971,13:41:32,63.73,31865,5,买盘
2972,13:41:34,63.73,12746,2,买盘
2973,13:41:37,63.74,248582,39,买盘
2974,13:41:40,63.75,911509,143,买盘
2975,13:41:43,63.76,6376,1,买盘
2976,13:41:47,63.76,6376,1,买盘
2977,13:41:49,63.76,6376,1,卖盘
2978,13:41:52,63.78,6378,1,买盘
2979,13:41:55,63.8,76558,12,买盘
2980,13:41:58,63.8,76560,12,买盘
2981,13:42:01,63.79,12757,2,买盘
2982,13:42:04,63.8,38274,6,买盘
2983,13:42:07,63.82,76576,12,买盘
2984,13:42:10,63.81,6381,1,中性盘
2985,13:42:13,63.76,70159,11,卖盘
2986,13:42:16,63.76,229592,36,卖盘
2987,13:42:19,63.76,6376,1,卖盘
2988,13:42:26,63.77,6377,1,卖盘
2989,13:42:28,63.77,57399,9,买盘
2990,13:42:35,63.77,12754,2,买盘
2991,13:42:40,63.77,121163,19,买盘
2992,13:42:43,63.77,6377,1,买盘
2993,13:42:46,63.77,31885,5,买盘
2994,13:42:49,63.78,6378,1,买盘
2995,13:42:52,63.78,6378,1,买盘
2996,13:43:01,63.77,51016,8,卖盘
2997,13:43:04,63.73,2154967,338,卖盘
2998,13:43:07,63.72,89208,14,卖盘
2999,13:43:10,63.74,133822,21,买盘
3000,13:43:13,63.71,70081,11,卖盘
3001,13:43:16,63.71,57339,9,卖盘
3002,13:43:19,63.71,44597,7,卖盘
3003,13:43:22,63.72,70086,11,买盘
3004,13:43:25,63.71,38226,6,卖盘
3005,13:43:28,63.71,12742,2,卖盘
3006,13:43:31,63.7,38220,6,卖盘
3007,13:43:34,63.7,184741,29,卖盘
3008,13:43:38,63.69,1025534,161,卖盘
3009,13:43:40,63.65,6365,1,卖盘
3010,13:43:43,63.65,63649,10,卖盘
3011,13:43:46,63.64,50912,8,卖盘
3012,13:43:52,63.63,165448,26,卖盘
3013,13:43:55,63.64,76368,12,买盘
3014,13:43:59,63.63,279973,44,卖盘
3015,13:44:01,63.62,133602,21,卖盘
3016,13:44:04,63.61,6361,1,卖盘
3017,13:44:07,63.62,152663,24,买盘
3018,13:44:13,63.59,273485,43,卖盘
3019,13:44:16,63.59,197105,31,中性盘
3020,13:44:20,63.57,76284,12,卖盘
3021,13:44:22,63.57,375018,59,卖盘
3022,13:44:25,63.56,197051,31,卖盘
3023,13:44:28,63.57,235198,37,买盘
3024,13:44:31,63.56,927979,146,卖盘
3025,13:44:34,63.56,63560,10,卖盘
3026,13:44:37,63.56,25424,4,买盘
3027,13:44:40,63.55,63550,10,卖盘
3028,13:44:47,63.55,63550,10,卖盘
3029,13:44:52,63.55,203360,32,卖盘
3030,13:44:55,63.55,101683,16,卖盘
3031,13:44:58,63.55,12711,2,卖盘
3032,13:45:04,63.54,393973,62,卖盘
3033,13:45:07,63.54,203330,32,卖盘
3034,13:45:10,63.53,438385,69,卖盘
3035,13:45:13,63.51,927446,146,卖盘
3036,13:45:17,63.51,501766,79,卖盘
3037,13:45:19,63.51,806471,127,买盘
3038,13:45:26,63.51,63510,10,卖盘
3039,13:45:28,63.5,1282917,202,卖盘
3040,13:45:31,63.51,222315,35,中性盘
3041,13:45:34,63.51,76202,12,买盘
3042,13:45:37,63.49,1301722,205,卖盘
3043,13:45:40,63.48,209506,33,卖盘
3044,13:45:43,63.48,114265,18,卖盘
3045,13:45:46,63.47,1021837,161,卖盘
3046,13:45:49,63.44,209386,33,卖盘
3047,13:45:52,63.44,63440,10,卖盘
3048,13:45:55,63.44,63440,10,卖盘
3049,13:45:58,63.43,44401,7,卖盘
3050,13:46:01,63.43,63433,10,卖盘
3051,13:46:04,63.44,253761,40,买盘
3052,13:46:07,63.44,145915,23,卖盘
3053,13:46:10,63.44,602773,95,卖盘
3054,13:46:13,63.44,120546,19,卖盘
3055,13:46:17,63.46,228419,36,买盘
3056,13:46:19,63.46,6346,1,买盘
3057,13:46:22,63.46,57113,9,买盘
3058,13:46:25,63.46,171341,27,买盘
3059,13:46:28,63.47,520484,82,买盘
3060,13:46:31,63.5,234948,37,买盘
3061,13:46:35,63.51,254070,40,中性盘
3062,13:46:37,63.53,6353,1,买盘
3063,13:46:40,63.53,76236,12,买盘
3064,13:46:43,63.51,222349,35,卖盘
3065,13:46:46,63.53,57171,9,买盘
3066,13:46:49,63.53,69883,11,卖盘
3067,13:46:52,63.52,171528,27,卖盘
3068,13:46:55,63.52,63520,10,卖盘
3069,13:46:58,63.52,25408,4,卖盘
3070,13:47:01,63.53,127050,20,买盘
3071,13:47:04,63.53,50824,8,买盘
3072,13:47:07,63.53,19059,3,买盘
3073,13:47:10,63.53,19059,3,买盘
3074,13:47:13,63.52,25410,4,卖盘
3075,13:47:16,63.52,57168,9,卖盘
3076,13:47:19,63.53,38117,6,买盘
3077,13:47:22,63.51,2470424,389,卖盘
3078,13:47:25,63.52,63512,10,买盘
3079,13:47:28,63.51,6351,1,卖盘
3080,13:47:31,63.51,31755,5,卖盘
3081,13:47:34,63.5,50807,8,卖盘
3082,13:47:40,63.52,25408,4,买盘
3083,13:47:43,63.51,12702,2,卖盘
3084,13:47:46,63.52,82572,13,买盘
3085,13:47:49,63.54,336662,53,买盘
3086,13:47:52,63.52,12704,2,卖盘
3087,13:47:55,63.54,19061,3,买盘
3088,13:47:58,63.53,63530,10,买盘
3089,13:48:01,63.53,38117,6,买盘
3090,13:48:04,63.53,38116,6,买盘
3091,13:48:07,63.53,127059,20,买盘
3092,13:48:10,63.53,127061,20,买盘
3093,13:48:19,63.53,12706,2,卖盘
3094,13:48:22,63.53,285885,45,卖盘
3095,13:48:28,63.52,44466,7,卖盘
3096,13:48:31,63.52,19057,3,卖盘
3097,13:48:37,63.53,120706,19,买盘
3098,13:48:40,63.52,6352,1,卖盘
3099,13:48:46,63.52,19056,3,卖盘
3100,13:48:49,63.52,25409,4,卖盘
3101,13:48:52,63.52,6352,1,卖盘
3102,13:48:55,63.52,127041,20,卖盘
3103,13:49:01,63.53,235054,37,买盘
3104,13:49:04,63.53,533663,84,买盘
3105,13:49:07,63.54,12708,2,卖盘
3106,13:49:10,63.54,285964,45,中性盘
3107,13:49:13,63.55,298693,47,买盘
3108,13:49:19,63.57,19071,3,买盘
3109,13:49:22,63.57,139854,22,买盘
3110,13:49:25,63.57,133498,21,买盘
3111,13:49:31,63.58,25431,4,买盘
3112,13:49:34,63.57,146230,23,卖盘
3113,13:49:37,63.58,108086,17,买盘
3114,13:49:40,63.58,19073,3,买盘
3115,13:49:44,63.57,12714,2,卖盘
3116,13:49:46,63.57,108075,17,卖盘
3117,13:49:49,63.57,63570,10,卖盘
3118,13:49:52,63.58,25428,4,买盘
3119,13:49:55,63.57,76273,12,中性盘
3120,13:49:58,63.57,76284,12,中性盘
3121,13:50:01,63.55,343217,54,卖盘
3122,13:50:04,63.54,235139,37,卖盘
3123,13:50:08,63.54,76248,12,卖盘
3124,13:50:10,63.54,63531,10,中性盘
3125,13:50:13,63.53,184237,29,卖盘
