,成交时间,成交价格,成交金额,成交量,性质
0,09:25:02,7.65,15430050,20170,卖盘
1,09:30:02,7.66,6765049,8835,买盘
2,09:30:05,7.66,4016347,5247,卖盘
3,09:30:08,7.65,2737823,3578,卖盘
4,09:30:11,7.66,4749020,6206,买盘
5,09:30:14,7.66,1957383,2558,买盘
6,09:30:17,7.66,2815172,3679,买盘
7,09:30:20,7.65,3735013,4881,卖盘
8,09:30:23,7.65,3154188,4127,买盘
9,09:30:26,7.65,3265695,4273,买盘
10,09:30:29,7.64,773131,1011,卖盘
11,09:30:32,7.65,1076990,1409,买盘
12,09:30:35,7.65,1101472,1441,买盘
13,09:30:38,7.66,3258820,4263,买盘
14,09:30:41,7.64,1514331,1982,卖盘
15,09:30:44,7.64,1659646,2174,买盘
16,09:30:47,7.64,863875,1131,买盘
17,09:30:50,7.64,676261,886,买盘
18,09:30:53,7.64,2082912,2729,买盘
19,09:30:56,7.64,989924,1297,买盘
20,09:30:59,7.64,1593707,2087,买盘
21,09:31:02,7.63,6715663,8801,卖盘
22,09:31:05,7.63,2642595,3466,中性盘
23,09:31:08,7.63,5432812,7124,买盘
24,09:31:11,7.63,1800607,2360,买盘
25,09:31:14,7.63,8827558,11582,卖盘
26,09:31:17,7.63,993957,1303,卖盘
27,09:31:20,7.62,456223,598,卖盘
28,09:31:23,7.62,437625,574,卖盘
29,09:31:26,7.63,1162363,1525,买盘
30,09:31:29,7.62,1716259,2252,卖盘
31,09:31:32,7.61,4442877,5835,卖盘
32,09:31:35,7.61,2247402,2950,卖盘
33,09:31:38,7.63,7361334,9650,买盘
34,09:31:41,7.62,5544315,7268,卖盘
35,09:31:44,7.62,2823124,3704,卖盘
36,09:31:47,7.62,1109106,1455,卖盘
37,09:31:50,7.63,1169508,1533,买盘
38,09:31:53,7.63,606585,795,卖盘
39,09:31:56,7.62,562756,738,卖盘
40,09:31:59,7.63,621998,815,买盘
41,09:32:02,7.62,701988,920,卖盘
42,09:32:05,7.63,786084,1030,买盘
43,09:32:08,7.63,1035389,1358,卖盘
44,09:32:11,7.63,1148794,1507,买盘
45,09:32:14,7.63,195971,257,买盘
46,09:32:17,7.62,3882609,5095,卖盘
47,09:32:20,7.63,775889,1018,买盘
48,09:32:23,7.62,5421930,7119,卖盘
49,09:32:26,7.62,479957,630,买盘
50,09:32:29,7.62,648995,852,买盘
51,09:32:32,7.61,4987131,6550,卖盘
52,09:32:35,7.61,1284391,1686,卖盘
53,09:32:38,7.61,4010416,5268,卖盘
54,09:32:41,7.62,704484,925,买盘
55,09:32:44,7.62,5574634,7325,买盘
56,09:32:47,7.61,3464065,4553,卖盘
57,09:32:50,7.61,2583206,3397,买盘
58,09:32:53,7.6,2840197,3736,卖盘
59,09:32:56,7.6,1162259,1528,卖盘
60,09:32:59,7.61,1908107,2509,买盘
61,09:33:02,7.6,4179444,5498,卖盘
62,09:33:05,7.61,1277733,1680,买盘
63,09:33:08,7.6,3333376,4381,卖盘
64,09:33:11,7.61,2158889,2837,买盘
65,09:33:14,7.61,667167,877,卖盘
66,09:33:17,7.61,798102,1049,卖盘
67,09:33:20,7.61,3945391,5181,买盘
68,09:33:23,7.62,1464003,1923,买盘
69,09:33:26,7.61,1099649,1445,卖盘
70,09:33:29,7.61,1187356,1560,卖盘
71,09:33:32,7.62,481185,632,买盘
72,09:33:35,7.62,4928093,6468,买盘
73,09:33:38,7.63,6721128,8809,买盘
74,09:33:41,7.62,418557,549,卖盘
75,09:33:44,7.62,279080,366,卖盘
76,09:33:47,7.62,708092,929,卖盘
77,09:33:50,7.62,234163,307,卖盘
78,09:33:53,7.63,327031,429,买盘
79,09:33:56,7.63,221804,291,买盘
80,09:33:59,7.63,413439,542,买盘
81,09:34:02,7.63,1188537,1558,买盘
82,09:34:05,7.63,1242129,1628,买盘
83,09:34:08,7.62,1668717,2188,卖盘
84,09:34:11,7.62,917439,1203,卖盘
85,09:34:14,7.62,432522,567,卖盘
86,09:34:17,7.62,510753,670,卖盘
87,09:34:20,7.62,1271348,1668,卖盘
88,09:34:23,7.62,834339,1094,卖盘
89,09:34:26,7.62,162385,213,卖盘
90,09:34:29,7.63,421758,553,买盘
91,09:34:32,7.62,375142,492,卖盘
92,09:34:35,7.62,883341,1159,卖盘
93,09:34:38,7.63,359109,471,买盘
94,09:34:41,7.62,198125,260,卖盘
95,09:34:44,7.62,336986,442,卖盘
96,09:34:47,7.62,11252298,14771,卖盘
97,09:34:50,7.61,16020919,21052,卖盘
98,09:34:53,7.6,1739511,2288,卖盘
99,09:34:56,7.61,2048515,2694,买盘
100,09:34:59,7.61,2230597,2933,买盘
101,09:35:02,7.6,1328108,1746,卖盘
102,09:35:05,7.6,27307173,35930,卖盘
103,09:35:08,7.6,20282476,26700,卖盘
104,09:35:11,7.6,5557747,7320,买盘
105,09:35:14,7.6,2211550,2913,买盘
106,09:35:17,7.59,3946193,5199,卖盘
107,09:35:20,7.59,2046278,2698,买盘
108,09:35:23,7.59,3894005,5136,买盘
109,09:35:26,7.58,9674945,12763,卖盘
110,09:35:29,7.58,9135258,12050,卖盘
111,09:35:32,7.57,4559653,6019,卖盘
112,09:35:35,7.57,1852942,2447,卖盘
113,09:35:38,7.57,6098807,8056,卖盘
114,09:35:41,7.57,3437152,4539,卖盘
115,09:35:44,7.57,7864351,10390,卖盘
116,09:35:47,7.57,3663479,4843,买盘
117,09:35:50,7.57,3491019,4616,买盘
118,09:35:53,7.57,10380412,13727,买盘
119,09:35:56,7.57,8711879,11523,买盘
120,09:35:59,7.57,8078765,10682,买盘
121,09:36:02,7.57,5985008,7915,买盘
122,09:36:05,7.57,2992322,3957,买盘
123,09:36:08,7.57,1740812,2301,买盘
124,09:36:11,7.58,13802061,18232,买盘
125,09:36:14,7.58,9504186,12538,买盘
126,09:36:17,7.58,2060431,2718,卖盘
127,09:36:20,7.58,3748268,4950,买盘
128,09:36:23,7.58,1899449,2506,买盘
129,09:36:26,7.58,5431830,7166,买盘
130,09:36:29,7.58,1185121,1562,卖盘
131,09:36:32,7.58,1066298,1405,卖盘
132,09:36:35,7.58,3651028,4816,卖盘
133,09:36:38,7.58,291935,385,卖盘
134,09:36:41,7.59,628060,828,买盘
135,09:36:44,7.58,451507,595,卖盘
136,09:36:47,7.59,3094860,4078,买盘
137,09:36:50,7.59,1502665,1981,买盘
138,09:36:53,7.59,840099,1107,买盘
139,09:36:56,7.59,752639,992,买盘
140,09:36:59,7.58,7765886,10241,卖盘
141,09:37:02,7.58,8178107,10788,卖盘
142,09:37:05,7.58,9086471,12000,卖盘
143,09:37:08,7.58,2958271,3906,买盘
144,09:37:11,7.58,2711421,3579,买盘
145,09:37:14,7.58,2251990,2973,买盘
146,09:37:17,7.58,1753277,2314,买盘
147,09:37:20,7.58,1457027,1923,买盘
148,09:37:23,7.58,2947861,3889,买盘
149,09:37:26,7.58,858792,1133,买盘
150,09:37:29,7.58,2780118,3668,买盘
151,09:37:32,7.58,1259744,1662,买盘
152,09:37:35,7.58,769031,1015,买盘
153,09:37:38,7.58,4124225,5441,买盘
154,09:37:41,7.59,344366,454,买盘
155,09:37:44,7.58,207695,274,卖盘
156,09:37:47,7.58,235229,310,卖盘
157,09:37:50,7.59,978706,1290,买盘
158,09:37:53,7.58,240321,317,卖盘
159,09:37:56,7.58,99357,131,卖盘
160,09:37:59,7.59,326256,430,买盘
161,09:38:02,7.58,555828,733,卖盘
162,09:38:05,7.59,407470,537,买盘
163,09:38:08,7.58,408669,539,卖盘
164,09:38:11,7.59,3325667,4387,买盘
165,09:38:14,7.58,426853,563,卖盘
166,09:38:17,7.59,1140988,1505,买盘
167,09:38:20,7.59,631641,833,买盘
168,09:38:23,7.58,838771,1106,卖盘
169,09:38:26,7.59,502070,662,买盘
170,09:38:29,7.59,192657,254,买盘
171,09:38:32,7.58,1855843,2448,卖盘
172,09:38:35,7.59,369482,487,买盘
173,09:38:38,7.59,721942,952,买盘
174,09:38:41,7.59,510270,673,买盘
175,09:38:44,7.59,300404,396,买盘
176,09:38:47,7.59,4981664,6564,买盘
177,09:38:50,7.59,360257,475,买盘
178,09:38:53,7.59,481190,634,买盘
179,09:38:56,7.59,571364,753,买盘
180,09:38:59,7.59,198702,262,买盘
181,09:39:02,7.59,1435061,1892,买盘
182,09:39:05,7.58,2979658,3930,卖盘
183,09:39:08,7.58,9123378,12036,卖盘
184,09:39:11,7.57,494922,653,卖盘
185,09:39:14,7.57,1100480,1452,卖盘
186,09:39:17,7.58,1789099,2363,买盘
187,09:39:20,7.57,259064,342,卖盘
188,09:39:23,7.58,1099460,1451,买盘
189,09:39:26,7.58,636459,840,买盘
190,09:39:29,7.57,764701,1009,卖盘
191,09:39:32,7.58,826288,1091,买盘
192,09:39:35,7.58,2788161,3682,买盘
193,09:39:38,7.58,449467,593,买盘
194,09:39:41,7.57,656129,866,卖盘
195,09:39:44,7.58,1593179,2102,买盘
196,09:39:47,7.58,823868,1087,买盘
197,09:39:50,7.58,1496169,1974,买盘
198,09:39:53,7.58,649582,857,买盘
199,09:39:56,7.58,597304,788,买盘
200,09:39:59,7.59,126621,167,买盘
201,09:40:02,7.58,84146,111,卖盘
202,09:40:05,7.59,378306,499,买盘
203,09:40:08,7.59,1248531,1647,买盘
204,09:40:11,7.58,244882,323,卖盘
205,09:40:14,7.59,196485,259,买盘
206,09:40:17,7.58,2565875,3385,卖盘
207,09:40:20,7.58,775062,1022,卖盘
208,09:40:23,7.58,506549,668,卖盘
209,09:40:26,7.59,435991,575,买盘
210,09:40:29,7.58,2341847,3090,卖盘
211,09:40:32,7.58,648654,856,买盘
212,09:40:35,7.58,755493,997,买盘
213,09:40:38,7.58,340997,450,买盘
214,09:40:41,7.57,463743,612,卖盘
215,09:40:44,7.57,351513,464,卖盘
216,09:40:47,7.57,13226474,17472,卖盘
217,09:40:50,7.58,2014456,2661,买盘
218,09:40:53,7.58,1938991,2561,买盘
219,09:40:56,7.57,925879,1223,卖盘
220,09:40:59,7.58,777713,1027,买盘
221,09:41:02,7.58,861611,1138,买盘
222,09:41:05,7.58,1517163,2004,买盘
223,09:41:08,7.58,5323385,7032,买盘
224,09:41:11,7.57,4113606,5434,卖盘
225,09:41:14,7.57,802552,1060,卖盘
226,09:41:17,7.58,3629939,4795,买盘
227,09:41:20,7.57,1079938,1426,卖盘
228,09:41:23,7.57,428687,566,卖盘
229,09:41:26,7.57,1822309,2407,卖盘
230,09:41:29,7.58,245379,324,买盘
231,09:41:32,7.58,187117,247,买盘
232,09:41:35,7.57,285558,377,卖盘
233,09:41:38,7.57,2563419,3386,卖盘
234,09:41:41,7.57,1819405,2403,卖盘
235,09:41:44,7.57,615547,813,卖盘
236,09:41:47,7.57,1560308,2061,卖盘
237,09:41:50,7.57,6613963,8737,卖盘
238,09:41:53,7.57,1333744,1762,买盘
239,09:41:56,7.57,771995,1020,买盘
240,09:41:59,7.56,1832034,2423,卖盘
241,09:42:02,7.57,1211829,1602,买盘
242,09:42:05,7.56,2595753,3432,卖盘
243,09:42:08,7.56,1127202,1490,卖盘
244,09:42:11,7.56,2540800,3357,卖盘
245,09:42:14,7.56,1087023,1437,卖盘
246,09:42:17,7.57,736185,973,买盘
247,09:42:20,7.57,607645,803,买盘
248,09:42:23,7.57,662172,875,买盘
249,09:42:26,7.56,1240353,1639,卖盘
250,09:42:29,7.56,843868,1115,卖盘
251,09:42:32,7.56,1112186,1470,卖盘
252,09:42:35,7.57,372224,492,买盘
253,09:42:38,7.56,515316,681,卖盘
254,09:42:41,7.57,402937,532,买盘
255,09:42:44,7.57,1040737,1375,买盘
256,09:42:47,7.57,11577977,15295,买盘
257,09:42:50,7.58,1184137,1564,买盘
258,09:42:53,7.58,820763,1084,买盘
259,09:42:56,7.58,421887,557,买盘
260,09:42:59,7.58,605389,799,买盘
261,09:43:02,7.58,505185,667,买盘
262,09:43:05,7.57,855949,1130,卖盘
263,09:43:08,7.57,453654,599,卖盘
264,09:43:11,7.57,604388,798,卖盘
265,09:43:14,7.57,4461325,5893,卖盘
266,09:43:17,7.57,474878,627,卖盘
267,09:43:20,7.58,257634,340,买盘
268,09:43:23,7.57,375706,496,卖盘
269,09:43:26,7.58,127253,168,买盘
270,09:43:29,7.58,431115,569,买盘
271,09:43:32,7.58,253856,335,买盘
272,09:43:35,7.57,9954016,13132,卖盘
273,09:43:38,7.58,831987,1098,买盘
274,09:43:41,7.57,494955,653,卖盘
275,09:43:44,7.58,291683,385,买盘
276,09:43:47,7.58,243955,322,买盘
277,09:43:50,7.57,141674,187,卖盘
278,09:43:53,7.57,824150,1088,卖盘
279,09:43:56,7.57,622895,822,卖盘
280,09:43:59,7.58,193904,256,买盘
281,09:44:02,7.57,1967458,2596,卖盘
282,09:44:05,7.57,1014721,1340,卖盘
283,09:44:08,7.58,1133003,1496,买盘
284,09:44:11,7.58,1031436,1362,买盘
285,09:44:14,7.57,939089,1239,卖盘
286,09:44:17,7.58,364379,481,买盘
287,09:44:20,7.58,1687491,2227,买盘
288,09:44:23,7.57,178367,235,卖盘
289,09:44:26,7.58,801171,1057,买盘
290,09:44:29,7.58,403185,532,中性盘
291,09:44:32,7.57,594651,785,卖盘
292,09:44:35,7.57,317358,419,卖盘
293,09:44:38,7.58,137843,182,买盘
294,09:44:41,7.58,782323,1033,买盘
295,09:44:44,7.58,259862,343,买盘
296,09:44:47,7.58,291733,385,买盘
297,09:44:50,7.58,761032,1004,买盘
298,09:44:53,7.58,886800,1170,买盘
299,09:44:56,7.58,397164,524,买盘
300,09:44:59,7.58,744148,982,买盘
301,09:45:02,7.57,998984,1318,卖盘
302,09:45:05,7.58,485592,641,买盘
303,09:45:08,7.58,321335,424,买盘
304,09:45:11,7.58,5873262,7758,买盘
305,09:45:14,7.57,249976,330,卖盘
306,09:45:17,7.57,181854,240,卖盘
307,09:45:20,7.58,1642586,2167,买盘
308,09:45:23,7.58,354698,468,买盘
309,09:45:26,7.58,407476,538,买盘
310,09:45:29,7.58,447161,590,买盘
311,09:45:32,7.57,1196364,1580,卖盘
312,09:45:35,7.57,1107186,1462,卖盘
313,09:45:38,7.57,1151827,1521,卖盘
314,09:45:41,7.58,588476,777,买盘
315,09:45:44,7.57,10147266,13404,卖盘
316,09:45:47,7.57,12474501,16479,卖盘
317,09:45:50,7.57,584391,772,买盘
318,09:45:53,7.57,336101,444,买盘
319,09:45:56,7.56,697632,922,卖盘
320,09:45:59,7.56,16792810,22212,卖盘
321,09:46:02,7.56,650636,860,卖盘
322,09:46:05,7.56,1173517,1552,卖盘
323,09:46:08,7.56,6461558,8547,卖盘
324,09:46:11,7.57,927456,1226,买盘
325,09:46:14,7.57,456010,603,买盘
326,09:46:17,7.57,567988,751,买盘
327,09:46:20,7.56,1432372,1894,卖盘
328,09:46:23,7.56,1543935,2042,卖盘
329,09:46:26,7.57,921124,1217,买盘
330,09:46:29,7.56,112731,149,卖盘
331,09:46:32,7.57,419136,554,买盘
332,09:46:35,7.57,279946,370,买盘
333,09:46:38,7.57,316989,419,买盘
334,09:46:41,7.57,538059,711,买盘
335,09:46:44,7.57,1638113,2164,买盘
336,09:46:47,7.57,771571,1020,买盘
337,09:46:50,7.56,3114565,4119,卖盘
338,09:46:53,7.56,315508,417,卖盘
339,09:46:56,7.57,332114,439,买盘
340,09:46:59,7.57,1815106,2398,买盘
341,09:47:02,7.56,3818214,5046,卖盘
342,09:47:05,7.57,769129,1017,买盘
343,09:47:08,7.56,2928227,3873,卖盘
344,09:47:11,7.56,7574606,10019,卖盘
345,09:47:14,7.56,50808467,67207,卖盘
346,09:47:17,7.56,649158,859,买盘
347,09:47:20,7.55,546451,723,卖盘
348,09:47:23,7.56,1537168,2034,买盘
349,09:47:26,7.56,2404806,3184,买盘
350,09:47:29,7.56,1341040,1775,买盘
351,09:47:32,7.56,2882469,3813,买盘
352,09:47:35,7.55,496404,657,卖盘
353,09:47:38,7.56,482954,639,买盘
354,09:47:41,7.56,426314,564,买盘
355,09:47:44,7.55,1284287,1699,卖盘
356,09:47:47,7.55,419968,556,卖盘
357,09:47:50,7.56,1284601,1701,买盘
358,09:47:53,7.56,972784,1288,买盘
359,09:47:56,7.55,788393,1044,卖盘
360,09:47:59,7.56,925262,1225,买盘
361,09:48:02,7.56,1287445,1705,买盘
362,09:48:05,7.56,5504208,7290,买盘
363,09:48:08,7.56,1363837,1806,买盘
364,09:48:11,7.55,560817,742,卖盘
365,09:48:14,7.55,5751933,7618,卖盘
366,09:48:17,7.56,1256680,1664,买盘
367,09:48:20,7.55,848233,1123,卖盘
368,09:48:23,7.55,523310,693,卖盘
369,09:48:26,7.56,689875,913,买盘
370,09:48:29,7.56,561163,743,买盘
371,09:48:32,7.55,294002,389,卖盘
372,09:48:35,7.55,495561,656,卖盘
373,09:48:38,7.56,958208,1269,买盘
374,09:48:41,7.55,981793,1300,卖盘
375,09:48:44,7.56,2703787,3581,买盘
376,09:48:47,7.56,793905,1051,买盘
377,09:48:50,7.56,1881871,2492,买盘
378,09:48:53,7.56,206264,273,买盘
379,09:48:56,7.55,553040,732,卖盘
380,09:48:59,7.56,671474,889,买盘
381,09:49:02,7.56,742543,983,买盘
382,09:49:05,7.56,604334,800,买盘
383,09:49:08,7.55,1101854,1459,卖盘
384,09:49:11,7.55,1087738,1440,卖盘
385,09:49:14,7.55,450305,596,卖盘
386,09:49:17,7.56,358292,474,买盘
387,09:49:20,7.56,1049471,1389,买盘
388,09:49:23,7.56,479835,635,买盘
389,09:49:26,7.55,276478,366,卖盘
390,09:49:29,7.56,1525139,2019,买盘
391,09:49:32,7.56,440544,583,买盘
392,09:49:35,7.56,4151619,5492,买盘
393,09:49:38,7.56,542709,718,买盘
394,09:49:41,7.55,871450,1153,卖盘
395,09:49:44,7.55,762012,1008,卖盘
396,09:49:47,7.56,1118227,1480,买盘
397,09:49:50,7.55,5392317,7141,卖盘
398,09:49:53,7.56,640048,847,买盘
399,09:49:56,7.56,737620,976,买盘
400,09:49:59,7.56,1782161,2358,买盘
401,09:50:02,7.55,953490,1262,卖盘
402,09:50:05,7.56,1236664,1636,买盘
403,09:50:08,7.56,5024050,6646,买盘
404,09:50:11,7.57,2376248,3143,买盘
405,09:50:14,7.56,2185271,2891,卖盘
406,09:50:17,7.56,958382,1268,买盘
407,09:50:20,7.56,551869,730,买盘
408,09:50:23,7.56,850297,1125,买盘
409,09:50:26,7.56,952791,1261,买盘
410,09:50:29,7.55,830800,1099,卖盘
411,09:50:32,7.55,982669,1300,卖盘
412,09:50:35,7.55,1652336,2188,卖盘
413,09:50:38,7.56,468223,620,买盘
414,09:50:41,7.56,874407,1158,买盘
415,09:50:44,7.56,173838,230,买盘
416,09:50:47,7.55,2994052,3965,卖盘
417,09:50:50,7.56,1538620,2037,买盘
418,09:50:53,7.56,779611,1032,买盘
419,09:50:56,7.56,481189,637,买盘
420,09:50:59,7.55,750370,993,卖盘
421,09:51:02,7.55,934131,1236,卖盘
422,09:51:05,7.56,387545,513,买盘
423,09:51:08,7.55,1960057,2595,卖盘
424,09:51:11,7.55,1684113,2230,卖盘
425,09:51:14,7.56,2129176,2820,买盘
426,09:51:17,7.55,4593153,6083,卖盘
427,09:51:20,7.56,1320769,1749,买盘
428,09:51:23,7.56,802240,1062,买盘
429,09:51:26,7.55,1756930,2326,卖盘
430,09:51:29,7.55,2114146,2800,卖盘
431,09:51:32,7.55,2355740,3120,卖盘
432,09:51:35,7.55,84408875,111826,卖盘
433,09:51:38,7.54,6064263,8042,卖盘
434,09:51:41,7.54,5097918,6755,卖盘
435,09:51:44,7.55,1665730,2209,买盘
436,09:51:47,7.54,2293818,3042,卖盘
437,09:51:50,7.55,8800383,11671,买盘
438,09:51:53,7.55,3870582,5133,买盘
439,09:51:56,7.54,1628024,2159,卖盘
440,09:51:59,7.54,1841335,2442,卖盘
441,09:52:02,7.54,2845659,3778,买盘
442,09:52:05,7.54,1856312,2464,买盘
443,09:52:08,7.54,2813638,3734,买盘
444,09:52:11,7.54,716892,951,买盘
445,09:52:14,7.54,1101541,1461,买盘
446,09:52:17,7.54,486917,646,买盘
447,09:52:20,7.54,1343265,1782,买盘
448,09:52:23,7.54,1958799,2598,买盘
449,09:52:26,7.54,1096317,1454,买盘
450,09:52:29,7.54,4407904,5846,卖盘
451,09:52:32,7.54,5540373,7357,买盘
452,09:52:35,7.54,1659266,2203,买盘
453,09:52:38,7.54,1712368,2273,买盘
454,09:52:41,7.54,2136057,2834,买盘
455,09:52:44,7.54,1023086,1358,买盘
456,09:52:47,7.54,6235897,8281,买盘
457,09:52:50,7.54,1066055,1415,买盘
458,09:52:53,7.54,820304,1089,买盘
459,09:52:56,7.54,970436,1288,买盘
460,09:52:59,7.54,513314,681,买盘
461,09:53:02,7.54,2004223,2661,买盘
462,09:53:05,7.54,283229,376,买盘
463,09:53:08,7.54,764803,1015,买盘
464,09:53:11,7.54,406144,539,买盘
465,09:53:14,7.54,1120999,1487,买盘
466,09:53:17,7.54,508797,675,买盘
467,09:53:20,7.54,903597,1199,买盘
468,09:53:23,7.54,939652,1247,买盘
469,09:53:26,7.54,722934,959,买盘
470,09:53:29,7.53,778607,1033,卖盘
471,09:53:32,7.53,1226562,1627,卖盘
472,09:53:35,7.53,523123,694,卖盘
473,09:53:38,7.54,391165,519,买盘
474,09:53:41,7.53,360992,479,卖盘
475,09:53:44,7.53,661765,878,卖盘
476,09:53:47,7.53,8169613,10849,卖盘
477,09:53:50,7.53,870039,1155,卖盘
478,09:53:53,7.53,742626,986,卖盘
479,09:53:56,7.54,996385,1323,买盘
480,09:53:59,7.54,1430032,1899,买盘
481,09:54:02,7.53,1056359,1402,卖盘
482,09:54:05,7.53,758699,1007,卖盘
483,09:54:08,7.53,2138849,2839,卖盘
484,09:54:11,7.53,1614047,2143,卖盘
485,09:54:14,7.54,904731,1201,买盘
486,09:54:17,7.53,287790,382,卖盘
487,09:54:20,7.53,883907,1173,卖盘
488,09:54:23,7.54,666889,885,买盘
489,09:54:26,7.54,347323,461,买盘
490,09:54:29,7.54,480952,638,买盘
491,09:54:32,7.54,1395666,1853,买盘
492,09:54:35,7.54,256193,340,买盘
493,09:54:38,7.54,658795,874,买盘
494,09:54:41,7.54,1416084,1879,买盘
495,09:54:44,7.54,603827,801,买盘
496,09:54:47,7.54,1680434,2229,买盘
497,09:54:50,7.54,2336061,3101,买盘
498,09:54:53,7.54,2298023,3048,买盘
499,09:54:56,7.54,535283,710,买盘
500,09:54:59,7.54,483179,641,买盘
501,09:55:02,7.54,12337491,16362,买盘
502,09:55:05,7.55,565238,749,买盘
503,09:55:08,7.54,113968,151,卖盘
504,09:55:11,7.55,134353,178,买盘
505,09:55:14,7.55,1833038,2428,买盘
506,09:55:17,7.55,393317,521,买盘
507,09:55:20,7.54,384226,509,卖盘
508,09:55:23,7.55,1988534,2634,买盘
509,09:55:26,7.55,852867,1130,买盘
510,09:55:29,7.55,275531,365,买盘
511,09:55:32,7.55,912607,1209,买盘
512,09:55:35,7.54,1040612,1378,卖盘
513,09:55:38,7.55,1341473,1777,买盘
514,09:55:41,7.55,967772,1282,买盘
515,09:55:44,7.55,962336,1275,买盘
516,09:55:47,7.55,1380198,1828,买盘
517,09:55:50,7.56,1017127,1347,买盘
518,09:55:53,7.55,254479,337,卖盘
519,09:55:56,7.55,1038684,1375,卖盘
520,09:55:59,7.56,802188,1062,买盘
521,09:56:02,7.55,1796569,2380,卖盘
522,09:56:05,7.54,1425270,1888,卖盘
523,09:56:08,7.55,507059,672,买盘
524,09:56:11,7.54,1027521,1362,卖盘
525,09:56:14,7.55,310255,411,买盘
526,09:56:17,7.55,541799,718,买盘
527,09:56:20,7.55,342683,454,买盘
528,09:56:23,7.54,319291,423,卖盘
529,09:56:26,7.55,303422,402,买盘
530,09:56:29,7.55,191690,254,买盘
531,09:56:32,7.55,508657,674,买盘
532,09:56:35,7.55,907157,1202,买盘
533,09:56:38,7.55,576420,764,买盘
534,09:56:41,7.55,324572,430,买盘
535,09:56:44,7.55,457253,606,买盘
536,09:56:47,7.55,401629,532,买盘
537,09:56:50,7.54,389420,516,卖盘
538,09:56:53,7.55,168314,223,买盘
539,09:56:56,7.55,481306,638,买盘
540,09:56:59,7.55,142574,189,买盘
541,09:57:02,7.55,1073999,1424,买盘
542,09:57:05,7.54,1182815,1567,卖盘
543,09:57:08,7.54,165309,219,卖盘
544,09:57:11,7.55,340335,451,买盘
545,09:57:14,7.55,537832,713,买盘
546,09:57:17,7.54,451230,598,卖盘
547,09:57:20,7.55,447220,593,买盘
548,09:57:23,7.55,428370,568,买盘
549,09:57:26,7.55,1122649,1488,买盘
550,09:57:29,7.55,4271099,5663,买盘
551,09:57:32,7.55,1166135,1546,买盘
552,09:57:35,7.55,439332,582,买盘
553,09:57:38,7.55,264837,351,买盘
554,09:57:41,7.55,1723430,2283,买盘
555,09:57:44,7.55,1614684,2141,买盘
556,09:57:47,7.55,713142,945,买盘
557,09:57:50,7.55,653765,866,买盘
558,09:57:53,7.55,379695,503,买盘
559,09:57:56,7.55,301207,399,买盘
560,09:57:59,7.54,403072,534,卖盘
561,09:58:02,7.55,652999,865,买盘
562,09:58:05,7.55,503576,667,买盘
563,09:58:08,7.55,911180,1207,买盘
564,09:58:11,7.55,301216,399,买盘
565,09:58:14,7.55,271043,359,买盘
566,09:58:17,7.55,2243764,2972,买盘
567,09:58:20,7.54,572800,759,卖盘
568,09:58:23,7.55,575267,762,买盘
569,09:58:26,7.54,1896234,2512,卖盘
570,09:58:29,7.55,569881,755,买盘
571,09:58:32,7.55,785878,1041,买盘
572,09:58:35,7.55,1486503,1969,买盘
573,09:58:38,7.54,1923713,2548,卖盘
574,09:58:41,7.56,847117,1122,买盘
575,09:58:44,7.55,621398,823,卖盘
576,09:58:47,7.55,323948,429,卖盘
577,09:58:50,7.55,493865,654,卖盘
578,09:58:53,7.56,716553,949,买盘
579,09:58:56,7.56,185027,245,买盘
580,09:58:59,7.55,637495,844,卖盘
581,09:59:02,7.55,310376,411,卖盘
582,09:59:05,7.56,252255,334,买盘
583,09:59:08,7.56,1197968,1585,买盘
584,09:59:11,7.56,225918,299,买盘
585,09:59:14,7.56,429189,568,买盘
586,09:59:17,7.56,333393,441,买盘
587,09:59:20,7.56,216126,286,买盘
588,09:59:23,7.56,142075,188,买盘
589,09:59:26,7.55,1110179,1470,卖盘
590,09:59:29,7.56,135252,179,买盘
591,09:59:32,7.56,111111,147,买盘
592,09:59:35,7.56,300665,398,买盘
593,09:59:38,7.56,120903,160,买盘
594,09:59:41,7.55,267498,354,卖盘
595,09:59:44,7.56,490989,650,买盘
596,09:59:47,7.55,118640,157,卖盘
597,09:59:50,7.56,811903,1075,买盘
598,09:59:53,7.56,136766,181,买盘
599,09:59:56,7.56,305110,404,买盘
600,09:59:59,7.55,284823,377,卖盘
601,10:00:02,7.56,319465,423,买盘
602,10:00:05,7.55,172275,228,卖盘
603,10:00:08,7.56,269852,357,买盘
604,10:00:11,7.56,307578,407,买盘
605,10:00:14,7.56,3257785,4310,买盘
606,10:00:17,7.56,221364,293,买盘
607,10:00:20,7.56,716090,948,买盘
608,10:00:23,7.55,1211884,1605,卖盘
609,10:00:26,7.55,1247506,1652,卖盘
610,10:00:29,7.55,1179829,1562,卖盘
611,10:00:32,7.55,1183842,1567,卖盘
612,10:00:35,7.55,724433,959,卖盘
613,10:00:38,7.56,525618,696,买盘
614,10:00:41,7.55,292347,387,卖盘
615,10:00:44,7.56,214529,284,买盘
616,10:00:47,7.55,539192,714,卖盘
617,10:00:50,7.55,1540763,2039,卖盘
618,10:00:53,7.56,164676,218,买盘
619,10:00:56,7.56,408625,541,买盘
620,10:00:59,7.55,234309,310,卖盘
621,10:01:02,7.56,140532,186,买盘
622,10:01:05,7.56,458390,607,买盘
623,10:01:08,7.55,775530,1027,卖盘
624,10:01:11,7.56,231240,306,买盘
625,10:01:14,7.56,275060,364,买盘
626,10:01:17,7.56,223729,296,买盘
627,10:01:20,7.56,231284,306,买盘
628,10:01:23,7.55,170680,226,卖盘
629,10:01:26,7.55,526164,696,卖盘
630,10:01:29,7.56,148873,197,买盘
631,10:01:32,7.56,1902558,2517,买盘
632,10:01:35,7.56,337126,446,买盘
633,10:01:38,7.56,532175,704,买盘
634,10:01:41,7.56,348506,461,买盘
635,10:01:44,7.56,259246,343,买盘
636,10:01:47,7.56,272874,361,买盘
637,10:01:50,7.56,233603,309,买盘
638,10:01:53,7.55,238737,316,卖盘
639,10:01:56,7.56,435844,577,买盘
640,10:01:59,7.56,283246,375,买盘
641,10:02:02,7.55,531803,704,卖盘
642,10:02:05,7.55,197212,261,卖盘
643,10:02:08,7.56,963836,1275,买盘
644,10:02:11,7.56,105823,140,买盘
645,10:02:14,7.55,107349,142,卖盘
646,10:02:17,7.56,35522,47,买盘
647,10:02:20,7.56,253215,335,买盘
648,10:02:23,7.56,220560,292,买盘
649,10:02:26,7.56,1788798,2369,买盘
650,10:02:29,7.56,134545,178,买盘
651,10:02:32,7.56,280347,371,买盘
652,10:02:35,7.56,313703,415,买盘
653,10:02:38,7.56,247120,327,买盘
654,10:02:41,7.56,628947,832,买盘
655,10:02:44,7.56,1487732,1968,买盘
656,10:02:47,7.56,504968,668,买盘
657,10:02:50,7.56,183665,243,买盘
658,10:02:53,7.56,1385716,1833,买盘
659,10:02:56,7.56,1327489,1756,买盘
660,10:02:59,7.56,452839,599,买盘
661,10:03:02,7.56,321969,426,买盘
662,10:03:05,7.56,238832,316,买盘
663,10:03:08,7.56,807408,1068,买盘
664,10:03:11,7.56,2144696,2837,买盘
665,10:03:14,7.57,219252,290,买盘
666,10:03:17,7.56,1041883,1378,卖盘
667,10:03:20,7.57,672205,889,买盘
668,10:03:23,7.56,789175,1044,卖盘
669,10:03:26,7.56,642565,850,买盘
670,10:03:29,7.56,953604,1262,买盘
671,10:03:32,7.56,350781,464,买盘
672,10:03:35,7.56,853067,1129,买盘
673,10:03:38,7.56,623700,825,买盘
674,10:03:41,7.56,750967,994,买盘
675,10:03:44,7.55,476258,630,卖盘
676,10:03:47,7.55,931338,1232,卖盘
677,10:03:50,7.56,495820,656,买盘
678,10:03:53,7.56,366488,485,买盘
679,10:03:56,7.56,318773,422,买盘
680,10:03:59,7.56,194276,257,买盘
681,10:04:02,7.55,894148,1184,卖盘
682,10:04:05,7.56,180681,239,买盘
683,10:04:08,7.56,265211,351,买盘
684,10:04:11,7.56,330102,437,买盘
685,10:04:14,7.56,415034,549,买盘
686,10:04:17,7.56,900355,1192,买盘
687,10:04:20,7.56,524262,694,买盘
688,10:04:23,7.56,177605,235,买盘
689,10:04:26,7.56,113293,150,买盘
690,10:04:29,7.56,225210,298,买盘
691,10:04:32,7.56,421061,557,买盘
692,10:04:35,7.56,662981,877,买盘
693,10:04:38,7.56,1034130,1368,买盘
694,10:04:41,7.56,420903,557,买盘
695,10:04:44,7.56,117173,155,买盘
696,10:04:47,7.55,548351,726,卖盘
697,10:04:50,7.56,293317,388,买盘
698,10:04:53,7.56,4061006,5372,买盘
699,10:04:56,7.55,146658,194,卖盘
700,10:04:59,7.56,752481,996,买盘
701,10:05:02,7.56,534897,708,买盘
702,10:05:05,7.56,296255,392,买盘
703,10:05:08,7.56,175936,233,买盘
704,10:05:11,7.56,146561,194,买盘
705,10:05:14,7.56,354263,469,买盘
706,10:05:17,7.56,139036,184,买盘
707,10:05:20,7.56,887764,1175,买盘
708,10:05:23,7.56,854923,1131,买盘
709,10:05:26,7.56,220725,292,买盘
710,10:05:29,7.56,13522888,17888,买盘
711,10:05:32,7.56,272911,361,买盘
712,10:05:35,7.56,354420,469,买盘
713,10:05:38,7.56,532459,705,买盘
714,10:05:41,7.56,250076,331,买盘
715,10:05:44,7.56,744648,985,买盘
716,10:05:47,7.56,435163,576,买盘
717,10:05:50,7.56,329603,436,买盘
718,10:05:53,7.56,767874,1016,买盘
719,10:05:56,7.56,66528,88,买盘
720,10:05:59,7.56,354472,469,买盘
721,10:06:02,7.56,624948,827,买盘
722,10:06:05,7.56,196557,260,买盘
723,10:06:08,7.56,756001,1000,买盘
724,10:06:11,7.56,840672,1112,卖盘
725,10:06:14,7.56,201852,267,买盘
726,10:06:17,7.56,845209,1118,买盘
727,10:06:20,7.56,413519,547,卖盘
728,10:06:23,7.56,318227,421,买盘
729,10:06:26,7.56,632149,836,买盘
730,10:06:29,7.56,64311,85,卖盘
731,10:06:32,7.56,102888,136,卖盘
732,10:06:35,7.57,542072,717,买盘
733,10:06:38,7.56,63516,84,卖盘
734,10:06:41,7.57,178651,236,买盘
735,10:06:44,7.57,114987,152,买盘
736,10:06:47,7.56,55204,73,卖盘
737,10:06:50,7.57,490536,648,买盘
738,10:06:53,7.57,191478,253,买盘
739,10:06:56,7.57,205142,271,买盘
740,10:06:59,7.56,2610550,3453,卖盘
741,10:07:02,7.57,207374,274,买盘
742,10:07:05,7.57,273082,361,买盘
743,10:07:08,7.57,104451,138,买盘
744,10:07:11,7.57,162718,215,买盘
745,10:07:14,7.57,133947,177,买盘
746,10:07:17,7.57,113490,150,买盘
747,10:07:20,7.57,523047,691,买盘
748,10:07:23,7.57,314150,415,买盘
749,10:07:26,7.57,62798,83,买盘
750,10:07:29,7.57,176249,233,买盘
751,10:07:32,7.57,218767,289,买盘
752,10:07:35,7.57,110474,146,买盘
753,10:07:38,7.57,140802,186,买盘
754,10:07:41,7.56,8419153,11122,卖盘
755,10:07:44,7.57,578348,764,买盘
756,10:07:47,7.57,346703,458,买盘
757,10:07:50,7.57,612403,809,买盘
758,10:07:53,7.56,1074156,1419,卖盘
759,10:07:56,7.58,118854,157,买盘
760,10:07:59,7.57,538176,711,卖盘
761,10:08:02,7.57,946622,1251,买盘
762,10:08:05,7.57,496593,656,卖盘
763,10:08:08,7.58,90049,119,买盘
764,10:08:11,7.57,246676,326,卖盘
765,10:08:14,7.58,243109,321,买盘
766,10:08:17,7.58,309597,409,买盘
767,10:08:20,7.58,87902,116,买盘
768,10:08:23,7.58,266513,352,买盘
769,10:08:26,7.57,126468,167,卖盘
770,10:08:29,7.57,313752,414,卖盘
771,10:08:32,7.58,308259,407,买盘
772,10:08:35,7.57,179564,237,卖盘
773,10:08:38,7.57,230141,304,卖盘
774,10:08:41,7.58,83380,110,买盘
775,10:08:44,7.58,225663,298,买盘
776,10:08:47,7.57,137926,182,卖盘
777,10:08:50,7.58,547904,723,买盘
778,10:08:53,7.58,40144,53,买盘
779,10:08:56,7.58,74230,98,买盘
780,10:08:59,7.58,704044,929,买盘
781,10:09:02,7.58,7245923,9560,买盘
782,10:09:05,7.58,667859,882,买盘
783,10:09:08,7.57,7497367,9891,卖盘
784,10:09:11,7.58,123539,163,买盘
785,10:09:14,7.58,880536,1162,买盘
786,10:09:17,7.58,510494,674,买盘
787,10:09:20,7.58,223581,295,买盘
788,10:09:23,7.57,357752,472,卖盘
789,10:09:26,7.58,177366,234,买盘
790,10:09:29,7.58,598888,791,买盘
791,10:09:32,7.58,326673,431,买盘
792,10:09:35,7.57,251514,332,卖盘
793,10:09:38,7.58,124274,164,买盘
794,10:09:41,7.58,82610,109,买盘
795,10:09:44,7.58,848169,1119,买盘
796,10:09:47,7.57,96961,128,卖盘
797,10:09:50,7.58,154632,204,买盘
798,10:09:53,7.58,187867,248,买盘
799,10:09:56,7.57,10283852,13585,卖盘
800,10:09:59,7.57,831284,1099,买盘
801,10:10:02,7.57,254149,336,买盘
802,10:10:05,7.57,441292,583,买盘
803,10:10:08,7.57,99876,132,买盘
804,10:10:11,7.57,192264,254,买盘
805,10:10:14,7.57,340564,450,买盘
806,10:10:17,7.57,189961,251,买盘
807,10:10:20,7.57,1158110,1530,买盘
808,10:10:23,7.57,1294376,1710,买盘
809,10:10:26,7.57,116549,154,买盘
810,10:10:29,7.57,207408,274,买盘
811,10:10:32,7.56,200512,265,卖盘
812,10:10:35,7.56,696433,920,卖盘
813,10:10:38,7.57,931863,1231,买盘
814,10:10:41,7.56,175586,232,卖盘
815,10:10:44,7.56,411007,543,卖盘
816,10:10:47,7.57,178605,236,买盘
817,10:10:50,7.57,181619,240,买盘
818,10:10:53,7.56,2127861,2811,卖盘
819,10:10:56,7.57,141502,187,买盘
820,10:10:59,7.57,168053,222,买盘
821,10:11:02,7.57,245996,325,买盘
822,10:11:05,7.57,156699,207,买盘
823,10:11:08,7.56,169565,224,卖盘
824,10:11:11,7.57,149098,197,买盘
825,10:11:14,7.57,115752,153,买盘
826,10:11:17,7.56,370144,489,卖盘
827,10:11:20,7.57,118773,157,买盘
828,10:11:23,7.57,410541,543,买盘
829,10:11:26,7.56,277476,367,卖盘
830,10:11:29,7.57,582982,771,买盘
831,10:11:32,7.57,444763,588,买盘
832,10:11:35,7.57,859168,1135,买盘
833,10:11:38,7.56,334567,442,卖盘
834,10:11:41,7.57,326267,431,买盘
835,10:11:44,7.57,77895,103,买盘
836,10:11:47,7.57,57518,76,买盘
837,10:11:50,7.57,298738,395,买盘
838,10:11:53,7.57,37812,50,买盘
839,10:11:56,7.57,161120,213,买盘
840,10:11:59,7.57,111242,147,买盘
841,10:12:02,7.56,617151,816,卖盘
842,10:12:05,7.57,706181,933,买盘
843,10:12:08,7.56,132435,175,卖盘
844,10:12:11,7.57,88569,117,买盘
845,10:12:14,7.57,167191,221,买盘
846,10:12:17,7.57,122589,162,买盘
847,10:12:20,7.57,55261,73,买盘
848,10:12:23,7.57,107381,142,买盘
849,10:12:26,7.56,92308,122,卖盘
850,10:12:29,7.57,127873,169,买盘
851,10:12:32,7.57,963618,1273,买盘
852,10:12:35,7.56,27233,36,卖盘
853,10:12:38,7.57,156657,207,买盘
854,10:12:41,7.56,57526,76,卖盘
855,10:12:44,7.57,453394,599,买盘
856,10:12:47,7.57,12102,16,买盘
857,10:12:50,7.57,261875,346,买盘
858,10:12:53,7.57,27983,37,买盘
859,10:12:56,7.57,164163,217,买盘
860,10:12:59,7.57,794082,1049,买盘
861,10:13:02,7.57,559057,739,买盘
862,10:13:05,7.57,62795,83,买盘
863,10:13:08,7.57,213308,282,买盘
864,10:13:11,7.57,269413,356,买盘
865,10:13:14,7.57,79485,105,买盘
866,10:13:17,7.56,227097,300,卖盘
867,10:13:20,7.58,422413,558,买盘
868,10:13:23,7.57,195307,258,卖盘
869,10:13:26,7.58,115072,152,买盘
870,10:13:29,7.58,371014,490,买盘
871,10:13:32,7.58,221283,292,买盘
872,10:13:35,7.58,59091,78,买盘
873,10:13:38,7.57,35616,47,卖盘
874,10:13:41,7.58,466120,615,买盘
875,10:13:44,7.57,374765,495,卖盘
876,10:13:47,7.58,57597,76,买盘
877,10:13:50,7.58,92439,122,买盘
878,10:13:53,7.58,36384,48,买盘
879,10:13:56,7.58,321898,425,买盘
880,10:13:59,7.58,117462,155,买盘
881,10:14:02,7.58,500572,661,买盘
882,10:14:05,7.58,143894,190,买盘
883,10:14:08,7.58,92385,122,买盘
884,10:14:11,7.58,91688,121,买盘
885,10:14:14,7.58,296234,391,买盘
886,10:14:17,7.58,181118,239,买盘
887,10:14:20,7.58,197048,260,买盘
888,10:14:23,7.57,112150,148,卖盘
889,10:14:26,7.58,57551,76,买盘
890,10:14:29,7.58,134835,178,买盘
891,10:14:32,7.58,222094,293,买盘
892,10:14:35,7.58,139351,184,买盘
893,10:14:38,7.57,823109,1086,卖盘
894,10:14:41,7.58,172053,227,买盘
895,10:14:44,7.58,74251,98,买盘
896,10:14:47,7.58,234833,310,买盘
897,10:14:50,7.57,119716,158,卖盘
898,10:14:53,7.58,43186,57,买盘
899,10:14:56,7.58,295444,390,买盘
900,10:14:59,7.58,107562,142,买盘
901,10:15:02,7.58,338706,447,买盘
902,10:15:05,7.57,159845,211,卖盘
903,10:15:08,7.58,110668,146,买盘
904,10:15:11,7.58,156033,206,买盘
905,10:15:14,7.58,355500,469,买盘
906,10:15:17,7.57,143212,189,卖盘
907,10:15:20,7.58,288538,381,买盘
908,10:15:23,7.57,12883,17,卖盘
909,10:15:26,7.58,90143,119,买盘
910,10:15:29,7.58,38634,51,买盘
911,10:15:32,7.57,359237,474,卖盘
912,10:15:35,7.58,99252,131,买盘
913,10:15:38,7.58,47754,63,买盘
914,10:15:41,7.58,158382,209,买盘
915,10:15:44,7.58,887549,1171,买盘
916,10:15:47,7.58,97734,129,买盘
917,10:15:50,7.58,559356,738,买盘
918,10:15:53,7.58,13644,18,买盘
919,10:15:56,7.58,172007,227,买盘
920,10:15:59,7.58,81864,108,买盘
921,10:16:02,7.58,305309,403,买盘
922,10:16:05,7.58,77256,102,买盘
923,10:16:08,7.58,54532,72,买盘
924,10:16:11,7.57,155355,205,卖盘
925,10:16:14,7.58,218286,288,买盘
926,10:16:17,7.58,109796,145,买盘
927,10:16:20,7.58,162211,214,买盘
928,10:16:23,7.58,488069,644,买盘
929,10:16:26,7.58,1105131,1458,买盘
930,10:16:29,7.58,469165,619,买盘
931,10:16:32,7.58,607871,802,买盘
932,10:16:35,7.58,550275,726,买盘
933,10:16:38,7.58,1379521,1820,买盘
934,10:16:41,7.58,192522,254,买盘
935,10:16:44,7.58,357017,471,买盘
936,10:16:47,7.58,132616,175,买盘
937,10:16:50,7.58,176540,233,买盘
938,10:16:53,7.58,291795,385,买盘
939,10:16:56,7.58,51535,68,买盘
940,10:16:59,7.58,154574,204,买盘
941,10:17:02,7.58,431168,569,买盘
942,10:17:05,7.58,207692,274,买盘
943,10:17:08,7.58,100016,132,买盘
944,10:17:11,7.58,379737,501,买盘
945,10:17:14,7.58,98532,130,买盘
946,10:17:17,7.58,320617,423,买盘
947,10:17:20,7.58,281946,372,买盘
948,10:17:23,7.58,1709260,2255,买盘
949,10:17:26,7.58,188611,249,买盘
950,10:17:29,7.58,421410,556,买盘
951,10:17:32,7.58,253172,334,买盘
952,10:17:35,7.58,18943,25,买盘
953,10:17:38,7.58,37872,50,买盘
954,10:17:41,7.58,198557,262,买盘
955,10:17:44,7.57,257653,340,卖盘
956,10:17:47,7.58,41690,55,买盘
957,10:17:50,7.58,147800,195,买盘
958,10:17:53,7.58,140954,186,买盘
959,10:17:56,7.58,65127,86,买盘
960,10:17:59,7.58,201575,266,买盘
961,10:18:02,7.58,596546,787,买盘
962,10:18:05,7.58,112918,149,买盘
963,10:18:08,7.58,184194,243,买盘
964,10:18:11,7.57,274387,362,卖盘
965,10:18:14,7.57,1070444,1413,卖盘
966,10:18:17,7.58,348680,460,买盘
967,10:18:20,7.58,247100,326,买盘
968,10:18:23,7.58,1784210,2355,买盘
969,10:18:26,7.57,290688,384,卖盘
970,10:18:29,7.57,238696,315,卖盘
971,10:18:32,7.57,128758,170,卖盘
972,10:18:35,7.57,208319,275,卖盘
973,10:18:38,7.58,9845,13,买盘
974,10:18:41,7.58,174206,230,买盘
975,10:18:44,7.58,93970,124,买盘
976,10:18:47,7.57,169645,224,卖盘
977,10:18:50,7.57,107613,142,卖盘
978,10:18:53,7.57,265181,350,卖盘
979,10:18:56,7.58,742326,980,买盘
980,10:18:59,7.57,102982,136,卖盘
981,10:19:02,7.57,687508,908,卖盘
982,10:19:05,7.58,92456,122,买盘
983,10:19:08,7.58,136402,180,买盘
984,10:19:11,7.58,771502,1019,买盘
985,10:19:14,7.58,98460,130,买盘
986,10:19:17,7.58,126498,167,买盘
987,10:19:20,7.58,864090,1140,买盘
988,10:19:23,7.58,153116,202,买盘
989,10:19:26,7.58,68215,90,买盘
990,10:19:29,7.57,39374,52,卖盘
991,10:19:32,7.57,188710,249,卖盘
992,10:19:35,7.58,9096,12,买盘
993,10:19:38,7.58,84044,111,买盘
994,10:19:41,7.57,372935,492,卖盘
995,10:19:44,7.58,48512,64,买盘
996,10:19:47,7.57,182553,241,卖盘
997,10:19:50,7.58,233425,308,买盘
998,10:19:53,7.58,681245,899,买盘
999,10:19:56,7.57,219802,290,卖盘
1000,10:19:59,7.58,151577,200,买盘
1001,10:20:02,7.58,269065,355,买盘
1002,10:20:05,7.58,727678,960,买盘
1003,10:20:08,7.58,414591,547,买盘
1004,10:20:11,7.58,238011,314,买盘
1005,10:20:14,7.58,285747,377,买盘
1006,10:20:17,7.57,36380,48,卖盘
1007,10:20:20,7.58,209879,277,买盘
1008,10:20:23,7.58,941336,1242,买盘
1009,10:20:26,7.58,48479,64,买盘
1010,10:20:29,7.58,197834,261,买盘
1011,10:20:32,7.58,126580,167,买盘
1012,10:20:35,7.58,25014,33,买盘
1013,10:20:38,7.58,605496,799,买盘
1014,10:20:41,7.58,72763,96,买盘
1015,10:20:44,7.58,118923,157,买盘
1016,10:20:47,7.58,4548,6,买盘
1017,10:20:50,7.58,450931,595,买盘
1018,10:20:53,7.58,148448,196,买盘
1019,10:20:56,7.58,170447,225,买盘
1020,10:20:59,7.58,118238,156,买盘
1021,10:21:02,7.58,90918,120,买盘
1022,10:21:05,7.57,150039,198,卖盘
1023,10:21:08,7.58,123552,163,买盘
1024,10:21:11,7.58,131101,173,买盘
1025,10:21:14,7.58,143143,189,买盘
1026,10:21:17,7.58,109904,145,买盘
1027,10:21:20,7.58,150014,198,买盘
1028,10:21:23,7.58,51498,68,买盘
1029,10:21:26,7.58,1148272,1515,买盘
1030,10:21:29,7.58,560904,740,买盘
1031,10:21:32,7.58,194028,256,买盘
1032,10:21:35,7.57,130230,172,卖盘
1033,10:21:38,7.58,40932,54,买盘
1034,10:21:41,7.58,172787,228,买盘
1035,10:21:44,7.58,172777,228,买盘
1036,10:21:47,7.57,28011,37,卖盘
1037,10:21:50,7.57,134129,177,卖盘
1038,10:21:53,7.57,125818,166,卖盘
1039,10:21:56,7.58,71972,95,买盘
1040,10:21:59,7.57,111415,147,卖盘
1041,10:22:02,7.57,150736,199,卖盘
1042,10:22:05,7.57,159167,210,卖盘
1043,10:22:08,7.57,109877,145,卖盘
1044,10:22:11,7.58,103078,136,买盘
1045,10:22:14,7.57,34068,45,卖盘
1046,10:22:17,7.58,134098,177,买盘
1047,10:22:20,7.58,172667,228,买盘
1048,10:22:23,7.57,154569,204,卖盘
1049,10:22:26,7.57,226460,299,卖盘
1050,10:22:29,7.58,160650,212,买盘
1051,10:22:32,7.58,353216,466,买盘
1052,10:22:35,7.58,1030846,1360,买盘
1053,10:22:38,7.58,223610,295,买盘
1054,10:22:41,7.58,1281748,1691,买盘
1055,10:22:44,7.58,637467,841,买盘
1056,10:22:47,7.59,365371,482,买盘
1057,10:22:50,7.58,280607,370,卖盘
1058,10:22:53,7.59,182861,241,买盘
1059,10:22:56,7.59,37183,49,买盘
1060,10:22:59,7.58,297389,392,卖盘
1061,10:23:02,7.58,142616,188,卖盘
1062,10:23:05,7.58,432208,570,卖盘
1063,10:23:08,7.58,423099,558,卖盘
1064,10:23:11,7.58,725521,957,卖盘
1065,10:23:14,7.58,657320,867,卖盘
1066,10:23:17,7.58,222094,293,买盘
1067,10:23:20,7.58,176614,233,买盘
1068,10:23:23,7.58,259975,343,买盘
1069,10:23:26,7.58,659460,870,买盘
1070,10:23:29,7.58,191774,253,卖盘
1071,10:23:32,7.58,336552,444,卖盘
1072,10:23:35,7.58,762548,1006,买盘
1073,10:23:38,7.59,147956,195,买盘
1074,10:23:41,7.59,184362,243,买盘
1075,10:23:44,7.58,77355,102,卖盘
1076,10:23:47,7.59,160904,212,买盘
1077,10:23:50,7.59,163157,215,买盘
1078,10:23:53,7.58,229784,303,卖盘
1079,10:23:56,7.59,43241,57,买盘
1080,10:23:59,7.58,151000,199,卖盘
1081,10:24:02,7.58,109982,145,卖盘
1082,10:24:05,7.59,11385,15,买盘
1083,10:24:08,7.58,510758,673,卖盘
1084,10:24:11,7.58,78144,103,卖盘
1085,10:24:14,7.58,65221,86,卖盘
1086,10:24:17,7.58,199359,263,卖盘
1087,10:24:20,7.59,188204,248,买盘
1088,10:24:23,7.58,31846,42,卖盘
1089,10:24:26,7.59,156231,206,买盘
1090,10:24:29,7.58,265579,350,卖盘
1091,10:24:32,7.59,81972,108,买盘
1092,10:24:35,7.58,132710,175,卖盘
1093,10:24:38,7.58,37160,49,卖盘
1094,10:24:41,7.58,145632,192,卖盘
1095,10:24:44,7.59,49279,65,买盘
1096,10:24:47,7.59,11385,15,买盘
1097,10:24:50,7.59,118319,156,买盘
1098,10:24:53,7.58,179070,236,卖盘
1099,10:24:56,7.59,52321,69,买盘
1100,10:24:59,7.58,131945,174,卖盘
1101,10:25:02,7.58,507974,670,卖盘
1102,10:25:05,7.59,351951,464,买盘
1103,10:25:08,7.59,132758,175,买盘
1104,10:25:11,7.59,171511,226,买盘
1105,10:25:14,7.58,323204,426,卖盘
1106,10:25:17,7.59,82705,109,买盘
1107,10:25:20,7.59,56925,75,买盘
1108,10:25:23,7.59,106920,141,买盘
1109,10:25:26,7.59,340024,448,买盘
1110,10:25:29,7.59,31848,42,买盘
1111,10:25:32,7.59,109272,144,买盘
1112,10:25:35,7.59,28806,38,买盘
1113,10:25:38,7.58,62952,83,卖盘
1114,10:25:41,7.59,1608586,2122,买盘
1115,10:25:44,7.58,38682,51,卖盘
1116,10:25:47,7.58,267047,352,卖盘
1117,10:25:50,7.59,95603,126,买盘
1118,10:25:53,7.58,28069,37,卖盘
1119,10:25:56,7.58,58375,77,卖盘
1120,10:25:59,7.58,84224,111,卖盘
1121,10:26:02,7.59,207043,273,买盘
1122,10:26:05,7.59,160836,212,买盘
1123,10:26:08,7.58,368480,486,卖盘
1124,10:26:11,7.58,8573352,11311,卖盘
1125,10:26:14,7.58,746831,986,买盘
1126,10:26:17,7.58,120498,159,买盘
1127,10:26:20,7.58,51544,68,买盘
1128,10:26:23,7.58,518457,684,买盘
1129,10:26:26,7.57,472890,624,卖盘
1130,10:26:29,7.58,154627,204,买盘
1131,10:26:32,7.58,54576,72,买盘
1132,10:26:35,7.58,761790,1005,买盘
1133,10:26:38,7.58,256896,339,买盘
1134,10:26:41,7.57,112889,149,卖盘
1135,10:26:44,7.58,364594,481,买盘
1136,10:26:47,7.58,100056,132,买盘
1137,10:26:50,7.58,185530,245,买盘
1138,10:26:53,7.58,47731,63,买盘
1139,10:26:56,7.58,19700,26,买盘
1140,10:26:59,7.58,54548,72,买盘
1141,10:27:02,7.58,472886,624,买盘
1142,10:27:05,7.58,1223412,1614,买盘
1143,10:27:08,7.58,221591,292,卖盘
1144,10:27:11,7.58,329946,435,卖盘
1145,10:27:14,7.58,264643,349,卖盘
1146,10:27:17,7.59,204755,270,买盘
1147,10:27:20,7.59,259301,342,买盘
1148,10:27:23,7.58,81168,107,卖盘
1149,10:27:26,7.58,39437,52,卖盘
1150,10:27:29,7.58,175987,232,卖盘
1151,10:27:32,7.59,179882,237,买盘
1152,10:27:35,7.58,233488,308,卖盘
1153,10:27:38,7.59,122161,161,买盘
1154,10:27:41,7.59,411051,542,买盘
1155,10:27:44,7.59,45522,60,买盘
1156,10:27:47,7.59,229764,303,买盘
1157,10:27:50,7.59,210829,278,买盘
1158,10:27:53,7.58,122796,162,卖盘
1159,10:27:56,7.59,107682,142,买盘
1160,10:27:59,7.58,87928,116,卖盘
1161,10:28:02,7.58,576538,761,买盘
1162,10:28:05,7.58,93990,124,买盘
1163,10:28:08,7.58,134031,177,买盘
1164,10:28:11,7.58,125023,165,买盘
1165,10:28:14,7.58,870942,1149,买盘
1166,10:28:17,7.58,301484,398,买盘
1167,10:28:20,7.58,106120,140,买盘
1168,10:28:23,7.58,80347,106,买盘
1169,10:28:26,7.58,454771,600,买盘
1170,10:28:29,7.58,308506,407,买盘
1171,10:28:32,7.58,125037,165,买盘
1172,10:28:35,7.57,159888,211,卖盘
1173,10:28:38,7.58,576033,760,买盘
1174,10:28:41,7.58,228863,302,买盘
1175,10:28:44,7.57,169788,224,卖盘
1176,10:28:47,7.58,58301,77,买盘
1177,10:28:50,7.58,187225,247,买盘
1178,10:28:53,7.58,50026,66,买盘
1179,10:28:56,7.58,119656,158,买盘
1180,10:28:59,7.58,81106,107,买盘
1181,10:29:02,7.57,290073,383,卖盘
1182,10:29:05,7.58,93133,123,买盘
1183,10:29:08,7.58,227312,300,买盘
1184,10:29:11,7.58,399278,527,买盘
1185,10:29:14,7.58,103771,137,买盘
1186,10:29:17,7.57,138597,183,卖盘
1187,10:29:20,7.58,69736,92,买盘
1188,10:29:23,7.57,4120704,5442,卖盘
1189,10:29:26,7.57,12876,17,卖盘
1190,10:29:29,7.58,64393,85,买盘
1191,10:29:32,7.58,275153,363,买盘
1192,10:29:35,7.58,327456,432,买盘
1193,10:29:38,7.58,155285,205,买盘
1194,10:29:41,7.58,200033,264,买盘
1195,10:29:44,7.58,178084,235,买盘
1196,10:29:47,7.58,117421,155,买盘
1197,10:29:50,7.58,122037,161,买盘
1198,10:29:53,7.58,68945,91,买盘
1199,10:29:56,7.57,321326,424,卖盘
1200,10:29:59,7.58,610144,805,买盘
1201,10:30:02,7.57,302274,399,卖盘
1202,10:30:05,7.58,104604,138,买盘
1203,10:30:08,7.58,372868,492,买盘
1204,10:30:11,7.57,357671,472,卖盘
1205,10:30:14,7.58,266022,351,买盘
1206,10:30:17,7.58,231174,305,买盘
1207,10:30:20,7.57,201597,266,卖盘
1208,10:30:23,7.57,169718,224,卖盘
1209,10:30:26,7.58,233288,308,买盘
1210,10:30:29,7.57,917089,1210,卖盘
1211,10:30:32,7.57,117404,155,卖盘
1212,10:30:35,7.58,166593,220,买盘
1213,10:30:38,7.58,100701,133,买盘
1214,10:30:41,7.57,97744,129,卖盘
1215,10:30:44,7.57,78019,103,卖盘
1216,10:30:47,7.57,65883,87,卖盘
1217,10:30:50,7.58,319047,421,买盘
1218,10:30:53,7.57,108271,143,卖盘
1219,10:30:56,7.57,308099,407,卖盘
1220,10:30:59,7.58,342392,452,买盘
1221,10:31:02,7.57,303751,401,卖盘
1222,10:31:05,7.57,86316,114,卖盘
1223,10:31:08,7.57,476254,629,卖盘
1224,10:31:11,7.57,330998,437,卖盘
1225,10:31:14,7.57,128692,170,卖盘
1226,10:31:17,7.57,2038128,2692,卖盘
1227,10:31:20,7.58,225750,298,买盘
1228,10:31:23,7.58,244573,323,买盘
1229,10:31:26,7.58,238482,315,买盘
1230,10:31:29,7.57,299049,395,卖盘
1231,10:31:32,7.58,112136,148,买盘
1232,10:31:35,7.58,445649,588,买盘
1233,10:31:38,7.57,53010,70,卖盘
1234,10:31:41,7.58,78065,103,买盘
1235,10:31:44,7.58,26520,35,买盘
1236,10:31:47,7.57,114310,151,卖盘
1237,10:31:50,7.58,361440,477,买盘
1238,10:31:53,7.57,114360,151,卖盘
1239,10:31:56,7.57,59117,78,卖盘
1240,10:31:59,7.58,121991,161,买盘
1241,10:32:02,7.57,205982,272,卖盘
1242,10:32:05,7.57,614878,812,卖盘
1243,10:32:08,7.58,582265,769,买盘
1244,10:32:11,7.58,216632,286,买盘
1245,10:32:14,7.58,228802,302,买盘
1246,10:32:17,7.58,355988,470,买盘
1247,10:32:20,7.58,259872,343,买盘
1248,10:32:23,7.58,257698,340,买盘
1249,10:32:26,7.58,159007,210,买盘
1250,10:32:29,7.57,236422,312,卖盘
1251,10:32:32,7.57,221244,292,卖盘
1252,10:32:35,7.57,160512,212,卖盘
1253,10:32:38,7.57,349848,462,卖盘
1254,10:32:41,7.57,149243,197,卖盘
1255,10:32:44,7.58,1124072,1483,买盘
1256,10:32:47,7.57,300627,397,卖盘
1257,10:32:50,7.57,202344,267,卖盘
1258,10:32:53,7.57,85554,113,卖盘
1259,10:32:56,7.57,38648,51,卖盘
1260,10:32:59,7.58,144741,191,买盘
1261,10:33:02,7.58,321131,424,买盘
1262,10:33:05,7.57,336321,444,卖盘
1263,10:33:08,7.58,149983,198,买盘
1264,10:33:11,7.58,76558,101,买盘
1265,10:33:14,7.57,296854,392,卖盘
1266,10:33:17,7.58,1297254,1712,买盘
1267,10:33:20,7.58,324416,428,买盘
1268,10:33:23,7.58,399781,528,买盘
1269,10:33:26,7.58,568746,751,买盘
1270,10:33:29,7.58,272689,360,买盘
1271,10:33:32,7.57,915312,1209,卖盘
1272,10:33:35,7.57,271015,358,卖盘
1273,10:33:38,7.58,595966,787,买盘
1274,10:33:41,7.57,298329,394,卖盘
1275,10:33:44,7.58,1358872,1795,买盘
1276,10:33:47,7.57,471716,623,卖盘
1277,10:33:50,7.57,526994,696,卖盘
1278,10:33:53,7.57,472368,624,卖盘
1279,10:33:56,7.57,89326,118,卖盘
1280,10:33:59,7.57,37103,49,卖盘
1281,10:34:02,7.58,357386,472,买盘
1282,10:34:05,7.57,274053,362,卖盘
1283,10:34:08,7.58,106073,140,买盘
1284,10:34:11,7.57,116655,154,卖盘
1285,10:34:14,7.57,96222,127,卖盘
1286,10:34:17,7.58,45440,60,买盘
1287,10:34:20,7.58,629270,831,买盘
1288,10:34:23,7.57,173378,229,卖盘
1289,10:34:26,7.57,74945,99,卖盘
1290,10:34:29,7.57,941128,1243,卖盘
1291,10:34:32,7.57,443074,585,卖盘
1292,10:34:35,7.57,125664,166,卖盘
1293,10:34:38,7.57,176480,233,卖盘
1294,10:34:41,7.57,435385,575,卖盘
1295,10:34:44,7.57,201363,266,卖盘
1296,10:34:47,7.58,1210913,1598,买盘
1297,10:34:50,7.58,365034,482,买盘
1298,10:34:53,7.57,108251,143,卖盘
1299,10:34:56,7.58,192329,254,买盘
1300,10:34:59,7.58,904657,1195,买盘
1301,10:35:02,7.58,425621,562,买盘
1302,10:35:05,7.57,252113,333,卖盘
1303,10:35:08,7.57,92366,122,卖盘
1304,10:35:11,7.57,98487,130,卖盘
1305,10:35:14,7.58,2589717,3421,买盘
1306,10:35:17,7.58,722444,954,买盘
1307,10:35:20,7.58,344014,454,买盘
1308,10:35:23,7.57,114322,151,卖盘
1309,10:35:26,7.57,4876615,6442,卖盘
1310,10:35:29,7.57,1917577,2533,卖盘
1311,10:35:32,7.57,1260482,1665,卖盘
1312,10:35:35,7.57,1069644,1413,卖盘
1313,10:35:38,7.58,239302,316,买盘
1314,10:35:41,7.57,343752,454,卖盘
1315,10:35:44,7.57,315947,417,卖盘
1316,10:35:47,7.58,106784,141,买盘
1317,10:35:50,7.58,594984,785,买盘
1318,10:35:53,7.58,155959,206,买盘
1319,10:35:56,7.58,765372,1011,买盘
1320,10:35:59,7.57,328002,433,卖盘
1321,10:36:02,7.57,102285,135,卖盘
1322,10:36:05,7.57,122752,162,卖盘
1323,10:36:08,7.57,224889,297,卖盘
1324,10:36:11,7.57,162840,215,卖盘
1325,10:36:14,7.57,3855427,5093,卖盘
1326,10:36:17,7.57,25738,34,卖盘
1327,10:36:20,7.57,4044011,5342,卖盘
1328,10:36:23,7.57,713884,943,卖盘
1329,10:36:26,7.57,99934,132,卖盘
1330,10:36:29,7.57,834064,1101,卖盘
1331,10:36:32,7.57,659247,870,卖盘
1332,10:36:35,7.58,395504,522,买盘
1333,10:36:38,7.57,121879,161,卖盘
1334,10:36:41,7.57,274222,362,卖盘
1335,10:36:44,7.58,197738,261,买盘
1336,10:36:47,7.58,81055,107,买盘
1337,10:36:50,7.57,433924,573,卖盘
1338,10:36:53,7.58,12885,17,买盘
1339,10:36:56,7.58,375799,496,买盘
1340,10:36:59,7.58,221895,293,买盘
1341,10:37:02,7.58,452392,597,买盘
1342,10:37:05,7.58,219664,290,买盘
1343,10:37:08,7.57,125663,166,卖盘
1344,10:37:11,7.58,1102093,1454,买盘
1345,10:37:14,7.58,264246,349,买盘
1346,10:37:17,7.58,322546,426,买盘
1347,10:37:20,7.58,346839,458,买盘
1348,10:37:23,7.57,121893,161,卖盘
1349,10:37:26,7.57,36339,48,卖盘
1350,10:37:29,7.57,41642,55,卖盘
1351,10:37:32,7.58,96964,128,买盘
1352,10:37:35,7.57,106757,141,卖盘
1353,10:37:38,7.57,85591,113,卖盘
1354,10:37:41,7.58,205248,271,买盘
1355,10:37:44,7.58,88573,117,买盘
1356,10:37:47,7.57,325153,429,卖盘
1357,10:37:50,7.58,201509,266,买盘
1358,10:37:53,7.57,199872,264,卖盘
1359,10:37:56,7.58,56029,74,买盘
1360,10:37:59,7.58,102977,136,买盘
1361,10:38:02,7.57,279669,369,卖盘
1362,10:38:05,7.58,93883,124,买盘
1363,10:38:08,7.57,60602,80,卖盘
1364,10:38:11,7.58,121201,160,买盘
1365,10:38:14,7.58,190909,252,买盘
1366,10:38:17,7.58,244682,323,买盘
1367,10:38:20,7.58,147711,195,买盘
1368,10:38:23,7.57,37095,49,卖盘
1369,10:38:26,7.58,280874,371,买盘
1370,10:38:29,7.57,252890,334,卖盘
1371,10:38:32,7.58,182520,241,买盘
1372,10:38:35,7.57,62833,83,卖盘
1373,10:38:38,7.58,20440,27,买盘
1374,10:38:41,7.57,195475,258,卖盘
1375,10:38:44,7.57,125672,166,卖盘
1376,10:38:47,7.58,140188,185,买盘
1377,10:38:50,7.58,77316,102,买盘
1378,10:38:53,7.57,211365,279,卖盘
1379,10:38:56,7.58,206676,273,买盘
1380,10:38:59,7.57,52991,70,卖盘
1381,10:39:02,7.58,146976,194,买盘
1382,10:39:05,7.57,293001,387,卖盘
1383,10:39:08,7.57,102237,135,卖盘
1384,10:39:11,7.58,166610,220,买盘
1385,10:39:14,7.57,115076,152,卖盘
1386,10:39:17,7.57,81760,108,卖盘
1387,10:39:20,7.58,103057,136,买盘
1388,10:39:23,7.57,18171,24,卖盘
1389,10:39:26,7.58,101460,134,买盘
1390,10:39:29,7.58,40881,54,买盘
1391,10:39:32,7.57,203762,269,卖盘
1392,10:39:35,7.58,194713,257,买盘
1393,10:39:38,7.58,56794,75,买盘
1394,10:39:41,7.58,281920,372,买盘
1395,10:39:44,7.58,81766,108,买盘
1396,10:39:47,7.58,290174,383,买盘
1397,10:39:50,7.58,75013,99,买盘
1398,10:39:53,7.58,624452,824,买盘
1399,10:39:56,7.57,464466,613,卖盘
1400,10:39:59,7.58,343197,453,买盘
1401,10:40:02,7.58,328893,434,买盘
1402,10:40:05,7.58,1135391,1498,买盘
1403,10:40:08,7.58,484796,640,买盘
1404,10:40:11,7.58,345469,456,买盘
1405,10:40:14,7.58,140815,186,买盘
1406,10:40:17,7.58,100746,133,买盘
1407,10:40:20,7.58,122758,162,买盘
1408,10:40:23,7.58,351596,464,买盘
1409,10:40:26,7.58,1324055,1749,买盘
1410,10:40:29,7.57,419517,554,卖盘
1411,10:40:32,7.57,302869,400,卖盘
1412,10:40:35,7.57,503614,665,卖盘
1413,10:40:38,7.58,351490,464,买盘
1414,10:40:41,7.58,278063,367,买盘
1415,10:40:44,7.57,118092,156,卖盘
1416,10:40:47,7.57,341767,451,卖盘
1417,10:40:50,7.57,78045,103,卖盘
1418,10:40:53,7.58,437244,577,买盘
1419,10:40:56,7.58,98413,130,买盘
1420,10:40:59,7.57,143985,190,卖盘
1421,10:41:02,7.58,492642,650,买盘
1422,10:41:05,7.58,268007,354,买盘
1423,10:41:08,7.57,138579,183,卖盘
1424,10:41:11,7.57,204504,270,卖盘
1425,10:41:14,7.58,52234,69,买盘
1426,10:41:17,7.57,411824,544,卖盘
1427,10:41:20,7.58,196196,259,买盘
1428,10:41:23,7.58,4547,6,买盘
1429,10:41:26,7.58,134094,177,买盘
1430,10:41:29,7.58,59847,79,买盘
1431,10:41:32,7.58,96979,128,买盘
1432,10:41:35,7.57,243093,321,卖盘
1433,10:41:38,7.58,87093,115,买盘
1434,10:41:41,7.57,224357,296,卖盘
1435,10:41:44,7.58,156798,207,买盘
1436,10:41:47,7.58,255379,337,买盘
1437,10:41:50,7.58,142404,188,买盘
1438,10:41:53,7.58,301595,398,买盘
1439,10:41:56,7.58,589645,778,买盘
1440,10:41:59,7.58,177231,234,买盘
1441,10:42:02,7.58,43922,58,买盘
1442,10:42:05,7.58,53810,71,买盘
1443,10:42:08,7.57,235680,311,卖盘
1444,10:42:11,7.58,149251,197,买盘
1445,10:42:14,7.58,40147,53,买盘
1446,10:42:17,7.58,86333,114,买盘
1447,10:42:20,7.58,926251,1222,买盘
1448,10:42:23,7.58,262030,346,买盘
1449,10:42:26,7.58,76514,101,买盘
1450,10:42:29,7.58,90163,119,买盘
1451,10:42:32,7.57,229629,303,卖盘
1452,10:42:35,7.57,552521,729,卖盘
1453,10:42:38,7.57,209082,276,卖盘
1454,10:42:41,7.58,300867,397,买盘
1455,10:42:44,7.58,110564,146,买盘
1456,10:42:47,7.58,1043679,1377,买盘
1457,10:42:50,7.57,277182,366,卖盘
1458,10:42:53,7.58,228158,301,买盘
1459,10:42:56,7.58,152231,201,买盘
1460,10:42:59,7.58,97016,128,买盘
1461,10:43:02,7.57,99215,131,卖盘
1462,10:43:05,7.57,42425,56,卖盘
1463,10:43:08,7.58,163677,216,买盘
1464,10:43:11,7.58,221997,293,买盘
1465,10:43:14,7.58,2982571,3934,买盘
1466,10:43:17,7.59,351932,464,买盘
1467,10:43:20,7.58,485001,640,卖盘
1468,10:43:23,7.59,526071,694,买盘
1469,10:43:26,7.58,545986,720,卖盘
1470,10:43:29,7.58,340623,449,卖盘
1471,10:43:32,7.58,594632,785,卖盘
1472,10:43:35,7.58,330578,436,卖盘
1473,10:43:38,7.59,960967,1267,买盘
1474,10:43:41,7.58,307114,405,卖盘
1475,10:43:44,7.58,259531,342,卖盘
1476,10:43:47,7.59,262471,346,买盘
1477,10:43:50,7.59,255690,337,买盘
1478,10:43:53,7.59,499858,659,买盘
1479,10:43:56,7.59,458231,604,买盘
1480,10:43:59,7.58,201042,265,卖盘
1481,10:44:02,7.58,460326,607,卖盘
1482,10:44:05,7.58,211614,279,卖盘
1483,10:44:08,7.58,168432,222,卖盘
1484,10:44:11,7.58,131898,174,卖盘
1485,10:44:14,7.58,90971,120,卖盘
1486,10:44:17,7.58,97024,128,卖盘
1487,10:44:20,7.59,295015,389,买盘
1488,10:44:23,7.58,112963,149,卖盘
1489,10:44:26,7.59,203401,268,买盘
1490,10:44:29,7.58,114468,151,卖盘
1491,10:44:32,7.58,142505,188,卖盘
1492,10:44:35,7.58,188024,248,卖盘
1493,10:44:38,7.58,366889,484,卖盘
1494,10:44:41,7.58,410884,542,卖盘
1495,10:44:44,7.59,364785,481,买盘
1496,10:44:47,7.58,1066507,1407,卖盘
1497,10:44:50,7.58,571005,753,卖盘
1498,10:44:53,7.58,730730,964,卖盘
1499,10:44:56,7.58,559126,737,卖盘
1500,10:44:59,7.59,524682,692,买盘
1501,10:45:02,7.58,319267,421,卖盘
1502,10:45:05,7.58,338831,447,卖盘
1503,10:45:08,7.58,268452,354,卖盘
1504,10:45:11,7.58,349485,461,卖盘
1505,10:45:14,7.58,280523,370,卖盘
1506,10:45:17,7.58,423352,558,卖盘
1507,10:45:20,7.59,416382,549,买盘
1508,10:45:23,7.58,63678,84,卖盘
1509,10:45:26,7.58,140127,185,卖盘
1510,10:45:29,7.58,510045,673,买盘
1511,10:45:32,7.58,270655,357,卖盘
1512,10:45:35,7.57,338741,447,卖盘
1513,10:45:38,7.57,287397,379,卖盘
1514,10:45:41,7.58,233381,308,买盘
1515,10:45:44,7.58,292712,386,卖盘
1516,10:45:47,7.58,318178,420,卖盘
1517,10:45:50,7.58,676867,893,买盘
1518,10:45:53,7.58,297718,393,中性盘
1519,10:45:56,7.57,232840,307,卖盘
1520,10:45:59,7.58,1069436,1411,买盘
1521,10:46:02,7.58,431956,570,买盘
1522,10:46:05,7.58,297287,392,卖盘
1523,10:46:08,7.58,340617,449,卖盘
1524,10:46:11,7.58,232120,306,卖盘
1525,10:46:14,7.58,93281,123,卖盘
1526,10:46:17,7.58,119811,158,卖盘
1527,10:46:20,7.58,90275,119,卖盘
1528,10:46:23,7.58,116778,154,卖盘
1529,10:46:26,7.59,36394,48,买盘
1530,10:46:29,7.59,1657801,2187,买盘
1531,10:46:32,7.58,1066653,1406,卖盘
1532,10:46:35,7.58,298662,394,卖盘
1533,10:46:38,7.59,216934,286,买盘
1534,10:46:41,7.58,307791,406,卖盘
1535,10:46:44,7.58,483043,637,卖盘
1536,10:46:47,7.58,159184,210,卖盘
1537,10:46:50,7.58,199479,263,卖盘
1538,10:46:53,7.58,129694,171,卖盘
1539,10:46:56,7.58,191968,253,卖盘
1540,10:46:59,7.58,144821,191,卖盘
1541,10:47:02,7.58,146371,193,卖盘
1542,10:47:05,7.58,209213,276,卖盘
1543,10:47:08,7.58,300275,396,卖盘
1544,10:47:11,7.58,194846,257,卖盘
1545,10:47:14,7.58,317108,418,卖盘
1546,10:47:17,7.58,207695,274,卖盘
1547,10:47:20,7.58,111501,147,卖盘
1548,10:47:23,7.58,122045,161,卖盘
1549,10:47:26,7.58,212302,280,卖盘
1550,10:47:29,7.59,145636,192,买盘
1551,10:47:32,7.58,210095,277,卖盘
1552,10:47:35,7.58,145543,192,卖盘
1553,10:47:38,7.58,292775,386,卖盘
1554,10:47:41,7.58,254827,336,卖盘
1555,10:47:44,7.58,229085,302,卖盘
1556,10:47:47,7.59,281329,371,买盘
1557,10:47:50,7.59,403758,532,买盘
1558,10:47:53,7.59,174350,230,买盘
1559,10:47:56,7.58,223338,294,卖盘
1560,10:47:59,7.59,120567,159,买盘
1561,10:48:02,7.58,288133,380,卖盘
1562,10:48:05,7.58,283667,374,卖盘
1563,10:48:08,7.58,326121,430,卖盘
1564,10:48:11,7.58,181970,240,卖盘
1565,10:48:14,7.59,299624,395,买盘
1566,10:48:17,7.58,171329,226,卖盘
1567,10:48:20,7.58,95576,126,卖盘
1568,10:48:23,7.58,14403,19,卖盘
1569,10:48:26,7.58,68987,91,卖盘
1570,10:48:29,7.58,87968,116,卖盘
1571,10:48:32,7.58,161578,213,卖盘
1572,10:48:35,7.58,134185,177,卖盘
1573,10:48:38,7.58,266235,351,卖盘
1574,10:48:41,7.58,177414,234,卖盘
1575,10:48:44,7.58,278331,367,卖盘
1576,10:48:47,7.58,268332,354,卖盘
1577,10:48:50,7.58,435569,574,卖盘
1578,10:48:53,7.58,134171,177,卖盘
1579,10:48:56,7.59,143445,189,买盘
1580,10:48:59,7.59,281486,371,买盘
1581,10:49:02,7.58,229768,303,卖盘
1582,10:49:05,7.58,169847,224,卖盘
1583,10:49:08,7.58,204011,269,卖盘
1584,10:49:11,7.58,166066,219,卖盘
1585,10:49:14,7.59,504869,666,买盘
1586,10:49:17,7.58,197097,260,卖盘
1587,10:49:20,7.58,112269,148,卖盘
1588,10:49:23,7.59,189667,250,买盘
1589,10:49:26,7.59,65966,87,买盘
1590,10:49:29,7.59,438939,579,买盘
1591,10:49:32,7.58,249506,329,卖盘
1592,10:49:35,7.59,1201338,1583,买盘
1593,10:49:38,7.58,9015078,11878,卖盘
1594,10:49:41,7.59,1002584,1321,买盘
1595,10:49:44,7.59,1154023,1521,买盘
1596,10:49:47,7.58,271408,358,卖盘
1597,10:49:50,7.59,3161959,4166,买盘
1598,10:49:53,7.59,869872,1147,卖盘
1599,10:49:56,7.6,550764,725,买盘
1600,10:49:59,7.6,536372,706,买盘
1601,10:50:02,7.6,565400,744,买盘
1602,10:50:05,7.59,394135,519,卖盘
1603,10:50:08,7.59,679115,894,卖盘
1604,10:50:11,7.59,342363,451,卖盘
1605,10:50:14,7.59,409280,539,卖盘
1606,10:50:17,7.59,927498,1222,卖盘
1607,10:50:20,7.59,454789,599,卖盘
1608,10:50:23,7.59,257372,339,卖盘
1609,10:50:26,7.6,376653,496,买盘
1610,10:50:29,7.59,390302,514,卖盘
1611,10:50:32,7.59,2310677,3044,卖盘
1612,10:50:35,7.59,2586844,3408,卖盘
1613,10:50:38,7.59,1044202,1375,卖盘
1614,10:50:41,7.59,651025,857,卖盘
1615,10:50:44,7.6,289978,382,买盘
1616,10:50:47,7.59,285535,376,卖盘
1617,10:50:50,7.59,334763,441,卖盘
1618,10:50:53,7.59,346130,456,卖盘
1619,10:50:56,7.59,260226,343,买盘
1620,10:50:59,7.59,358133,472,买盘
1621,10:51:02,7.58,323230,426,卖盘
1622,10:51:05,7.59,601560,793,买盘
1623,10:51:08,7.58,556102,733,卖盘
1624,10:51:11,7.58,242713,320,卖盘
1625,10:51:14,7.58,241307,318,卖盘
1626,10:51:17,7.58,181205,239,卖盘
1627,10:51:20,7.58,205573,271,卖盘
1628,10:51:23,7.59,106922,141,买盘
1629,10:51:26,7.59,44723,59,买盘
1630,10:51:29,7.58,185115,244,卖盘
1631,10:51:32,7.58,185860,245,卖盘
1632,10:51:35,7.58,304932,402,卖盘
1633,10:51:38,7.58,75800,100,卖盘
1634,10:51:41,7.58,210006,277,卖盘
1635,10:51:44,7.58,269332,355,卖盘
1636,10:51:47,7.58,106888,141,卖盘
1637,10:51:50,7.58,98580,130,卖盘
1638,10:51:53,7.59,90250,119,买盘
1639,10:51:56,7.59,51549,68,买盘
1640,10:51:59,7.58,111467,147,卖盘
1641,10:52:02,7.58,264826,349,卖盘
1642,10:52:05,7.58,351900,464,卖盘
1643,10:52:08,7.58,562220,741,卖盘
1644,10:52:11,7.58,218376,288,卖盘
1645,10:52:14,7.59,135026,178,买盘
1646,10:52:17,7.58,355802,469,卖盘
1647,10:52:20,7.58,212404,280,卖盘
1648,10:52:23,7.59,287547,379,买盘
1649,10:52:26,7.59,131225,173,买盘
1650,10:52:29,7.59,87217,115,买盘
1651,10:52:32,7.59,392291,517,买盘
1652,10:52:35,7.58,235970,311,卖盘
1653,10:52:38,7.58,252523,333,卖盘
1654,10:52:41,7.58,333839,440,卖盘
1655,10:52:44,7.59,584967,771,买盘
1656,10:52:47,7.6,5145152,6779,买盘
1657,10:52:50,7.6,736391,969,买盘
1658,10:52:53,7.59,198909,262,卖盘
1659,10:52:56,7.6,241530,318,买盘
1660,10:52:59,7.59,122245,161,卖盘
1661,10:53:02,7.59,310022,408,卖盘
1662,10:53:05,7.6,109329,144,买盘
1663,10:53:08,7.59,583454,768,卖盘
1664,10:53:11,7.59,233858,308,卖盘
1665,10:53:14,7.6,249216,328,买盘
1666,10:53:17,7.6,260549,343,买盘
1667,10:53:20,7.6,227133,299,买盘
1668,10:53:23,7.6,847258,1115,买盘
1669,10:53:26,7.6,440555,580,买盘
1670,10:53:29,7.6,276501,364,买盘
1671,10:53:32,7.59,188307,248,卖盘
1672,10:53:35,7.59,196678,259,卖盘
1673,10:53:38,7.6,839618,1106,买盘
1674,10:53:41,7.59,419904,553,卖盘
1675,10:53:44,7.59,283866,374,卖盘
1676,10:53:47,7.59,219352,289,卖盘
1677,10:53:50,7.59,147310,194,卖盘
1678,10:53:53,7.6,110087,145,买盘
1679,10:53:56,7.59,176229,232,卖盘
1680,10:53:59,7.59,174644,230,卖盘
1681,10:54:02,7.59,485496,639,卖盘
1682,10:54:05,7.59,455612,600,卖盘
1683,10:54:08,7.59,665586,876,卖盘
1684,10:54:11,7.59,269489,355,卖盘
1685,10:54:14,7.59,356856,470,卖盘
1686,10:54:17,7.6,233092,307,买盘
1687,10:54:20,7.59,185246,244,卖盘
1688,10:54:23,7.6,153350,202,买盘
1689,10:54:26,7.59,100965,133,卖盘
1690,10:54:29,7.59,206618,272,卖盘
1691,10:54:32,7.59,151045,199,卖盘
1692,10:54:35,7.59,217172,286,卖盘
1693,10:54:38,7.59,141203,186,卖盘
1694,10:54:41,7.59,261980,345,卖盘
1695,10:54:44,7.59,113851,150,卖盘
1696,10:54:47,7.6,230022,303,买盘
1697,10:54:50,7.6,257358,339,买盘
1698,10:54:53,7.6,157115,207,买盘
1699,10:54:56,7.6,93370,123,买盘
1700,10:54:59,7.59,214184,282,卖盘
1701,10:55:02,7.59,366192,482,卖盘
1702,10:55:05,7.59,312094,411,卖盘
1703,10:55:08,7.59,452875,596,卖盘
1704,10:55:11,7.59,340841,449,卖盘
1705,10:55:14,7.59,212686,280,卖盘
1706,10:55:17,7.59,202709,267,卖盘
1707,10:55:20,7.59,261940,345,卖盘
1708,10:55:23,7.59,140475,185,卖盘
1709,10:55:26,7.6,183793,242,买盘
1710,10:55:29,7.59,255223,336,卖盘
1711,10:55:32,7.59,226328,298,卖盘
1712,10:55:35,7.59,187558,247,卖盘
1713,10:55:38,7.59,163947,216,卖盘
1714,10:55:41,7.59,378301,498,卖盘
1715,10:55:44,7.59,169314,223,卖盘
1716,10:55:47,7.6,91844,121,买盘
1717,10:55:50,7.59,113130,149,卖盘
1718,10:55:53,7.59,94126,124,卖盘
1719,10:55:56,7.6,101710,134,买盘
1720,10:55:59,7.59,203467,268,卖盘
1721,10:56:02,7.59,182254,240,卖盘
1722,10:56:05,7.59,253601,334,卖盘
1723,10:56:08,7.59,520378,685,卖盘
1724,10:56:11,7.59,191315,252,卖盘
1725,10:56:14,7.59,379842,500,卖盘
1726,10:56:17,7.59,147254,194,卖盘
1727,10:56:20,7.59,330483,435,卖盘
1728,10:56:23,7.59,129050,170,卖盘
1729,10:56:26,7.59,237786,313,卖盘
1730,10:56:29,7.6,278801,367,买盘
1731,10:56:32,7.6,97196,128,买盘
1732,10:56:35,7.59,213382,281,卖盘
1733,10:56:38,7.59,215676,284,卖盘
1734,10:56:41,7.59,491195,647,卖盘
1735,10:56:44,7.59,164711,217,卖盘
1736,10:56:47,7.6,1262276,1663,买盘
1737,10:56:50,7.59,463234,610,卖盘
1738,10:56:53,7.59,103224,136,卖盘
1739,10:56:56,7.6,233057,307,买盘
1740,10:56:59,7.6,144975,191,买盘
1741,10:57:02,7.59,157172,207,卖盘
1742,10:57:05,7.59,267227,352,卖盘
1743,10:57:08,7.59,788601,1039,卖盘
1744,10:57:11,7.59,709706,935,卖盘
1745,10:57:14,7.59,810746,1068,卖盘
1746,10:57:17,7.59,342309,451,卖盘
1747,10:57:20,7.59,255825,337,卖盘
1748,10:57:23,7.59,714226,941,卖盘
1749,10:57:26,7.59,284625,375,卖盘
1750,10:57:29,7.6,160200,211,买盘
1751,10:57:32,7.59,102471,135,卖盘
1752,10:57:35,7.59,238364,314,卖盘
1753,10:57:38,7.59,176108,232,卖盘
1754,10:57:41,7.59,237706,313,卖盘
1755,10:57:44,7.59,110076,145,卖盘
1756,10:57:47,7.59,214807,283,卖盘
1757,10:57:50,7.59,158690,209,卖盘
1758,10:57:53,7.59,203491,268,卖盘
1759,10:57:56,7.59,112332,148,卖盘
1760,10:57:59,7.6,192178,253,买盘
1761,10:58:02,7.59,160909,212,卖盘
1762,10:58:05,7.59,129030,170,卖盘
1763,10:58:08,7.59,135117,178,卖盘
1764,10:58:11,7.59,154876,204,卖盘
1765,10:58:14,7.59,202754,267,卖盘
1766,10:58:17,7.59,474378,625,卖盘
1767,10:58:20,7.58,119804,158,卖盘
1768,10:58:23,7.58,160833,212,卖盘
1769,10:58:26,7.59,76592,101,买盘
1770,10:58:29,7.59,113024,149,买盘
1771,10:58:32,7.59,122799,162,买盘
1772,10:58:35,7.58,198691,262,卖盘
1773,10:58:38,7.58,134942,178,卖盘
1774,10:58:41,7.58,156213,206,卖盘
1775,10:58:44,7.58,112235,148,卖盘
1776,10:58:47,7.58,148588,196,卖盘
1777,10:58:50,7.58,97105,128,卖盘
1778,10:58:53,7.58,73526,97,卖盘
1779,10:58:56,7.59,297156,392,买盘
1780,10:58:59,7.58,181976,240,卖盘
1781,10:59:02,7.58,273018,360,卖盘
1782,10:59:05,7.58,149359,197,卖盘
1783,10:59:08,7.59,118356,156,买盘
1784,10:59:11,7.59,168412,222,买盘
1785,10:59:14,7.59,181188,239,买盘
1786,10:59:17,7.59,149331,197,买盘
1787,10:59:20,7.59,227671,300,买盘
1788,10:59:23,7.59,221519,292,买盘
1789,10:59:26,7.59,72797,96,买盘
1790,10:59:29,7.59,151039,199,买盘
1791,10:59:32,7.59,267086,352,买盘
1792,10:59:35,7.58,114540,151,卖盘
1793,10:59:38,7.59,106984,141,买盘
1794,10:59:41,7.59,107708,142,买盘
1795,10:59:44,7.58,241279,318,卖盘
1796,10:59:47,7.59,273886,361,买盘
1797,10:59:50,7.59,5367648,7072,买盘
1798,10:59:53,7.59,211847,279,卖盘
1799,10:59:56,7.59,1058297,1394,卖盘
1800,10:59:59,7.59,480614,633,卖盘
1801,11:00:02,7.59,236108,311,卖盘
1802,11:00:05,7.59,587714,774,卖盘
1803,11:00:08,7.59,417718,550,卖盘
1804,11:00:11,7.59,242370,319,卖盘
1805,11:00:14,7.59,129033,170,卖盘
1806,11:00:17,7.6,143510,189,买盘
1807,11:00:20,7.6,274062,361,买盘
1808,11:00:23,7.59,125248,165,卖盘
1809,11:00:26,7.59,233038,307,卖盘
1810,11:00:29,7.59,254305,335,卖盘
1811,11:00:32,7.59,250525,330,卖盘
1812,11:00:35,7.59,172294,227,卖盘
1813,11:00:38,7.59,148764,196,卖盘
1814,11:00:41,7.59,164743,217,卖盘
1815,11:00:44,7.6,218670,288,买盘
1816,11:00:47,7.59,3042832,4009,卖盘
1817,11:00:50,7.59,263309,347,买盘
1818,11:00:53,7.59,70506,93,买盘
1819,11:00:56,7.59,164615,217,买盘
1820,11:00:59,7.58,132695,175,卖盘
1821,11:01:02,7.59,31837,42,买盘
1822,11:01:05,7.59,73537,97,买盘
1823,11:01:08,7.58,83402,110,卖盘
1824,11:01:11,7.58,1552430,2048,卖盘
1825,11:01:14,7.59,34884,46,买盘
1826,11:01:17,7.58,90970,120,卖盘
1827,11:01:20,7.58,154694,204,卖盘
1828,11:01:23,7.59,80366,106,买盘
1829,11:01:26,7.59,829523,1093,买盘
1830,11:01:29,7.59,224454,296,买盘
1831,11:01:32,7.59,63718,84,买盘
1832,11:01:35,7.59,351111,463,买盘
1833,11:01:38,7.59,191169,252,买盘
1834,11:01:41,7.59,166980,220,买盘
1835,11:01:44,7.59,90217,119,买盘
1836,11:01:47,7.59,82653,109,买盘
1837,11:01:50,7.58,196491,259,卖盘
1838,11:01:53,7.58,83403,110,卖盘
1839,11:01:56,7.59,55337,73,买盘
1840,11:01:59,7.59,80408,106,买盘
1841,11:02:02,7.59,213029,281,买盘
1842,11:02:05,7.58,73532,97,卖盘
1843,11:02:08,7.58,94770,125,卖盘
1844,11:02:11,7.59,680048,897,买盘
1845,11:02:14,7.58,108397,143,卖盘
1846,11:02:17,7.59,237273,313,买盘
1847,11:02:20,7.59,200247,264,买盘
1848,11:02:23,7.59,266215,351,买盘
1849,11:02:26,7.59,220692,291,买盘
1850,11:02:29,7.59,230533,304,买盘
1851,11:02:32,7.58,125843,166,卖盘
1852,11:02:35,7.58,57611,76,卖盘
1853,11:02:38,7.59,267731,353,买盘
1854,11:02:41,7.58,349659,461,卖盘
1855,11:02:44,7.59,247867,327,买盘
1856,11:02:47,7.58,53066,70,卖盘
1857,11:02:50,7.58,160738,212,卖盘
1858,11:02:53,7.58,436708,576,卖盘
1859,11:02:56,7.58,466180,615,卖盘
1860,11:02:59,7.58,1026291,1353,卖盘
1861,11:03:02,7.58,1143131,1508,卖盘
1862,11:03:05,7.58,851524,1123,卖盘
1863,11:03:08,7.59,315364,416,买盘
1864,11:03:11,7.58,273047,360,卖盘
1865,11:03:14,7.58,159256,210,卖盘
1866,11:03:17,7.58,56105,74,卖盘
1867,11:03:20,7.58,376297,496,卖盘
1868,11:03:23,7.58,569765,751,卖盘
1869,11:03:26,7.59,213772,282,买盘
1870,11:03:29,7.59,448103,591,买盘
1871,11:03:32,7.58,172855,228,卖盘
1872,11:03:35,7.58,9138094,12056,卖盘
1873,11:03:38,7.58,882058,1164,买盘
1874,11:03:41,7.58,398344,526,买盘
1875,11:03:44,7.57,980976,1295,卖盘
1876,11:03:47,7.58,1516,2,买盘
1877,11:03:50,7.57,393817,520,卖盘
1878,11:03:53,7.57,236299,312,卖盘
1879,11:03:56,7.58,91620,121,买盘
1880,11:03:59,7.57,190809,252,卖盘
1881,11:04:02,7.57,366108,483,卖盘
1882,11:04:05,7.58,215021,284,买盘
1883,11:04:08,7.58,226468,299,买盘
1884,11:04:11,7.57,95421,126,卖盘
1885,11:04:14,7.58,159837,211,买盘
1886,11:04:17,7.57,287903,380,卖盘
1887,11:04:20,7.57,252248,333,卖盘
1888,11:04:23,7.57,44663,59,卖盘
1889,11:04:26,7.58,347714,459,买盘
1890,11:04:29,7.57,149174,197,卖盘
1891,11:04:32,7.57,78002,103,卖盘
1892,11:04:35,7.57,218112,288,卖盘
1893,11:04:38,7.57,106747,141,卖盘
1894,11:04:41,7.58,212823,281,买盘
1895,11:04:44,7.57,221809,293,卖盘
1896,11:04:47,7.57,119610,158,卖盘
1897,11:04:50,7.57,134812,178,卖盘
1898,11:04:53,7.57,140813,186,卖盘
1899,11:04:56,7.58,226370,299,买盘
1900,11:04:59,7.58,91637,121,买盘
1901,11:05:02,7.57,152918,202,卖盘
1902,11:05:05,7.57,182457,241,卖盘
1903,11:05:08,7.57,119606,158,卖盘
1904,11:05:11,7.58,105266,139,买盘
1905,11:05:14,7.57,233337,308,卖盘
1906,11:05:17,7.57,90083,119,卖盘
1907,11:05:20,7.58,247607,327,买盘
1908,11:05:23,7.58,156005,206,买盘
1909,11:05:26,7.58,109030,144,买盘
1910,11:05:29,7.58,116645,154,买盘
1911,11:05:32,7.57,475457,628,卖盘
1912,11:05:35,7.58,346231,457,买盘
1913,11:05:38,7.58,257593,340,买盘
1914,11:05:41,7.58,720730,951,买盘
1915,11:05:44,7.58,332533,439,买盘
1916,11:05:47,7.58,5289963,6979,买盘
1917,11:05:50,7.58,1153889,1523,买盘
1918,11:05:53,7.58,711407,939,买盘
1919,11:05:56,7.57,418757,553,卖盘
1920,11:05:59,7.58,162204,214,买盘
1921,11:06:02,7.58,212051,280,买盘
1922,11:06:05,7.58,855663,1129,买盘
1923,11:06:08,7.58,261265,345,买盘
1924,11:06:11,7.57,73468,97,卖盘
1925,11:06:14,7.58,321764,425,买盘
1926,11:06:17,7.58,388703,513,买盘
1927,11:06:20,7.57,382508,505,卖盘
1928,11:06:23,7.57,132475,175,卖盘
1929,11:06:26,7.58,835239,1102,买盘
1930,11:06:29,7.57,1109404,1464,卖盘
1931,11:06:32,7.58,403001,532,买盘
1932,11:06:35,7.57,8327,11,卖盘
1933,11:06:38,7.58,2104208,2776,买盘
1934,11:06:41,7.59,164585,217,买盘
1935,11:06:44,7.59,37180,49,买盘
1936,11:06:47,7.58,42455,56,卖盘
1937,11:06:50,7.59,115335,152,买盘
1938,11:06:53,7.58,1516,2,卖盘
1939,11:06:56,7.59,265619,350,买盘
1940,11:06:59,7.58,336131,443,卖盘
1941,11:07:02,7.59,243581,321,买盘
1942,11:07:05,7.58,95588,126,卖盘
1943,11:07:08,7.58,219139,289,卖盘
1944,11:07:11,7.59,43257,57,买盘
1945,11:07:14,7.59,68224,90,买盘
1946,11:07:17,7.58,25018,33,卖盘
1947,11:07:20,7.58,507142,669,卖盘
1948,11:07:23,7.59,204679,270,买盘
1949,11:07:26,7.59,1220427,1610,买盘
1950,11:07:29,7.59,99378,131,买盘
1951,11:07:32,7.58,160696,212,卖盘
1952,11:07:35,7.58,241044,318,卖盘
1953,11:07:38,7.58,649606,857,买盘
1954,11:07:41,7.59,110612,146,买盘
1955,11:07:44,7.58,297860,393,买盘
1956,11:07:47,7.57,71158,94,卖盘
1957,11:07:50,7.57,171244,226,卖盘
1958,11:07:53,7.57,66648,88,卖盘
1959,11:07:56,7.58,298546,394,买盘
1960,11:07:59,7.58,789792,1042,买盘
1961,11:08:02,7.58,81864,108,买盘
1962,11:08:05,7.58,49983,66,买盘
1963,11:08:08,7.58,256907,339,买盘
1964,11:08:11,7.58,104537,138,买盘
1965,11:08:14,7.58,81819,108,买盘
1966,11:08:17,7.57,37096,49,卖盘
1967,11:08:20,7.57,47731,63,卖盘
1968,11:08:23,7.58,163684,216,买盘
1969,11:08:26,7.58,22711,30,买盘
1970,11:08:29,7.58,88640,117,买盘
1971,11:08:32,7.57,34844,46,卖盘
1972,11:08:35,7.58,171947,227,买盘
1973,11:08:38,7.57,55287,73,卖盘
1974,11:08:41,7.57,33351,44,卖盘
1975,11:08:44,7.58,99976,132,买盘
1976,11:08:47,7.58,116708,154,买盘
1977,11:08:50,7.58,128836,170,买盘
1978,11:08:53,7.58,310580,410,买盘
1979,11:08:56,7.58,108394,143,买盘
1980,11:08:59,7.57,122711,162,卖盘
1981,11:09:02,7.57,201388,266,卖盘
1982,11:09:05,7.57,245525,324,卖盘
1983,11:09:08,7.58,269089,355,买盘
1984,11:09:11,7.57,168219,222,卖盘
1985,11:09:14,7.58,96266,127,买盘
1986,11:09:17,7.57,137878,182,卖盘
1987,11:09:20,7.57,205316,271,卖盘
1988,11:09:23,7.57,37107,49,卖盘
1989,11:09:26,7.58,811751,1071,买盘
1990,11:09:29,7.57,148537,196,卖盘
1991,11:09:32,7.58,294072,388,买盘
1992,11:09:35,7.57,431002,569,卖盘
1993,11:09:38,7.58,190258,251,买盘
1994,11:09:41,7.58,736776,972,买盘
1995,11:09:44,7.59,299578,395,买盘
1996,11:09:47,7.58,153220,202,中性盘
1997,11:09:50,7.58,172887,228,卖盘
1998,11:09:53,7.57,191702,253,卖盘
1999,11:09:56,7.58,56848,75,买盘
2000,11:09:59,7.58,126574,167,买盘
2001,11:10:02,7.58,187984,248,买盘
2002,11:10:05,7.59,34869,46,买盘
2003,11:10:08,7.58,674622,889,卖盘
2004,11:10:11,7.58,265430,350,卖盘
2005,11:10:14,7.58,690061,910,卖盘
2006,11:10:17,7.59,141796,187,买盘
2007,11:10:20,7.58,106165,140,卖盘
2008,11:10:23,7.58,47782,63,卖盘
2009,11:10:26,7.59,119834,158,买盘
2010,11:10:29,7.59,175141,231,买盘
2011,11:10:32,7.58,51560,68,卖盘
2012,11:10:35,7.59,191994,253,买盘
2013,11:10:38,7.58,56851,75,卖盘
2014,11:10:41,7.58,205458,271,卖盘
2015,11:10:44,7.59,51549,68,买盘
2016,11:10:47,7.58,57609,76,卖盘
2017,11:10:50,7.59,107019,141,买盘
2018,11:10:53,7.59,150951,199,买盘
2019,11:10:56,7.58,72799,96,卖盘
2020,11:10:59,7.59,163048,215,买盘
2021,11:11:02,7.58,132685,175,卖盘
2022,11:11:05,7.58,49270,65,卖盘
2023,11:11:08,7.59,714933,942,买盘
2024,11:11:11,7.58,92520,122,卖盘
2025,11:11:14,7.59,313402,413,买盘
2026,11:11:17,7.59,116812,154,买盘
2027,11:11:20,7.58,289629,382,卖盘
2028,11:11:23,7.58,179808,237,卖盘
2029,11:11:26,7.59,88781,117,买盘
2030,11:11:29,7.58,124415,164,卖盘
2031,11:11:32,7.58,67528,89,卖盘
2032,11:11:35,7.58,47000,62,卖盘
2033,11:11:38,7.58,78833,104,卖盘
2034,11:11:41,7.58,237294,313,卖盘
2035,11:11:44,7.58,50030,66,卖盘
2036,11:11:47,7.58,31093,41,卖盘
2037,11:11:50,7.58,234354,309,卖盘
2038,11:11:53,7.58,30325,40,卖盘
2039,11:11:56,7.59,128204,169,买盘
2040,11:11:59,7.58,188028,248,卖盘
2041,11:12:02,7.59,64477,85,买盘
2042,11:12:05,7.58,34117,45,卖盘
2043,11:12:08,7.58,736780,971,卖盘
2044,11:12:11,7.59,116834,154,买盘
2045,11:12:14,7.59,381645,503,买盘
2046,11:12:17,7.59,116737,154,买盘
2047,11:12:20,7.58,71292,94,卖盘
2048,11:12:23,7.59,356516,470,买盘
2049,11:12:26,7.59,58387,77,买盘
2050,11:12:29,7.59,41743,55,买盘
2051,11:12:32,7.59,81922,108,买盘
2052,11:12:35,7.58,68988,91,卖盘
2053,11:12:38,7.59,15939,21,买盘
2054,11:12:41,7.58,300510,396,卖盘
2055,11:12:44,7.58,50068,66,卖盘
2056,11:12:47,7.58,122882,162,卖盘
2057,11:12:50,7.58,61445,81,卖盘
2058,11:12:53,7.59,65995,87,买盘
2059,11:12:56,7.58,65208,86,卖盘
2060,11:12:59,7.58,206974,273,卖盘
2061,11:13:02,7.58,159331,210,卖盘
2062,11:13:05,7.58,34874,46,卖盘
2063,11:13:08,7.59,117620,155,买盘
2064,11:13:11,7.58,54616,72,卖盘
2065,11:13:14,7.58,72775,96,卖盘
2066,11:13:17,7.58,26530,35,卖盘
2067,11:13:20,7.58,410473,541,卖盘
2068,11:13:23,7.59,71303,94,买盘
2069,11:13:26,7.59,77319,102,买盘
2070,11:13:29,7.59,239602,316,买盘
2071,11:13:32,7.58,31082,41,卖盘
2072,11:13:35,7.58,65188,86,卖盘
2073,11:13:38,7.59,56166,74,买盘
2074,11:13:41,7.59,103909,137,买盘
2075,11:13:44,7.59,25806,34,买盘
2076,11:13:47,7.59,101650,134,买盘
2077,11:13:50,7.58,78146,103,卖盘
2078,11:13:53,7.58,62173,82,卖盘
2079,11:13:56,7.59,40175,53,买盘
2080,11:13:59,7.58,56860,75,卖盘
2081,11:14:02,7.59,132754,175,买盘
2082,11:14:05,7.58,243566,321,卖盘
2083,11:14:08,7.58,66751,88,卖盘
2084,11:14:11,7.58,115272,152,卖盘
2085,11:14:14,7.58,137198,181,卖盘
2086,11:14:17,7.59,128130,169,买盘
2087,11:14:20,7.58,84163,111,卖盘
2088,11:14:23,7.58,22002,29,卖盘
2089,11:14:26,7.59,53819,71,买盘
2090,11:14:29,7.58,335884,443,卖盘
2091,11:14:32,7.58,194055,256,卖盘
2092,11:14:35,7.58,84157,111,卖盘
2093,11:14:38,7.59,105489,139,买盘
2094,11:14:41,7.58,861386,1135,卖盘
2095,11:14:44,7.58,234283,309,卖盘
2096,11:14:47,7.59,62919,83,买盘
2097,11:14:50,7.58,64431,85,卖盘
2098,11:14:53,7.58,16676,22,卖盘
2099,11:14:56,7.59,157022,207,买盘
2100,11:14:59,7.58,195626,258,卖盘
2101,11:15:02,7.59,185912,245,买盘
2102,11:15:05,7.58,62915,83,卖盘
2103,11:15:08,7.58,3035,4,卖盘
2104,11:15:11,7.58,134166,177,卖盘
2105,11:15:14,7.58,66724,88,卖盘
2106,11:15:17,7.58,178240,235,卖盘
2107,11:15:20,7.58,101574,134,卖盘
2108,11:15:23,7.58,392054,517,卖盘
2109,11:15:26,7.58,241244,318,卖盘
2110,11:15:29,7.58,204005,269,卖盘
2111,11:15:32,7.58,172971,228,卖盘
2112,11:15:35,7.58,119092,157,卖盘
2113,11:15:38,7.58,65202,86,卖盘
2114,11:15:41,7.59,288936,381,买盘
2115,11:15:44,7.58,72055,95,卖盘
2116,11:15:47,7.59,254082,335,买盘
2117,11:15:50,7.58,235133,310,卖盘
2118,11:15:53,7.58,118287,156,卖盘
2119,11:15:56,7.59,131187,173,买盘
2120,11:15:59,7.58,112254,148,卖盘
2121,11:16:02,7.58,39441,52,卖盘
2122,11:16:05,7.59,34881,46,买盘
2123,11:16:08,7.59,78884,104,买盘
2124,11:16:11,7.59,102343,135,买盘
2125,11:16:14,7.58,381278,503,卖盘
2126,11:16:17,7.59,70568,93,买盘
2127,11:16:20,7.58,85655,113,卖盘
2128,11:16:23,7.58,103903,137,卖盘
2129,11:16:26,7.59,187355,247,买盘
2130,11:16:29,7.58,38678,51,卖盘
2131,11:16:32,7.58,86504,114,卖盘
2132,11:16:35,7.59,133428,176,买盘
2133,11:16:38,7.58,28052,37,卖盘
2134,11:16:41,7.58,88004,116,卖盘
2135,11:16:44,7.58,150842,199,卖盘
2136,11:16:47,7.58,169807,224,卖盘
2137,11:16:50,7.59,83587,110,买盘
2138,11:16:53,7.59,75845,100,买盘
2139,11:16:56,7.58,84987,112,卖盘
2140,11:16:59,7.59,154005,203,买盘
2141,11:17:02,7.58,26530,35,卖盘
2142,11:17:05,7.58,171327,226,卖盘
2143,11:17:08,7.59,262457,346,买盘
2144,11:17:11,7.58,737096,972,卖盘
2145,11:17:14,7.59,176712,233,买盘
2146,11:17:17,7.58,55334,73,卖盘
2147,11:17:20,7.58,111426,147,卖盘
2148,11:17:23,7.59,95528,126,买盘
2149,11:17:26,7.58,110708,146,卖盘
2150,11:17:29,7.59,135826,179,买盘
2151,11:17:32,7.58,335356,442,卖盘
2152,11:17:35,7.58,91810,121,卖盘
2153,11:17:38,7.58,118258,156,卖盘
2154,11:17:41,7.59,280479,370,买盘
2155,11:17:44,7.59,185821,245,买盘
2156,11:17:47,7.58,106170,140,卖盘
2157,11:17:50,7.59,126683,167,买盘
2158,11:17:53,7.59,88687,117,买盘
2159,11:17:56,7.58,125094,165,卖盘
2160,11:17:59,7.59,128137,169,买盘
2161,11:18:02,7.58,125070,165,卖盘
2162,11:18:05,7.58,742987,979,卖盘
2163,11:18:08,7.58,616312,813,卖盘
2164,11:18:11,7.58,266217,351,卖盘
2165,11:18:14,7.58,438164,578,卖盘
2166,11:18:17,7.59,106994,141,买盘
2167,11:18:20,7.58,51548,68,卖盘
2168,11:18:23,7.58,99337,131,卖盘
2169,11:18:26,7.58,145586,192,卖盘
2170,11:18:29,7.58,9901224,13063,卖盘
2171,11:18:32,7.57,1430919,1888,卖盘
2172,11:18:35,7.57,488042,644,卖盘
2173,11:18:38,7.58,811795,1071,买盘
2174,11:18:41,7.58,7755988,10232,买盘
2175,11:18:44,7.58,335034,442,买盘
2176,11:18:47,7.58,300926,397,卖盘
2177,11:18:50,7.58,147872,195,卖盘
2178,11:18:53,7.58,339778,448,卖盘
2179,11:18:56,7.58,81106,107,买盘
2180,11:18:59,7.58,9842,13,买盘
2181,11:19:02,7.58,65879,87,买盘
2182,11:19:05,7.57,108296,143,卖盘
2183,11:19:08,7.58,99168,131,买盘
2184,11:19:11,7.57,31041,41,卖盘
2185,11:19:14,7.58,74238,98,买盘
2186,11:19:17,7.57,91605,121,卖盘
2187,11:19:20,7.57,210631,278,卖盘
2188,11:19:23,7.58,82622,109,买盘
2189,11:19:26,7.58,137911,182,买盘
2190,11:19:29,7.58,96141,127,买盘
2191,11:19:32,7.57,120444,159,卖盘
2192,11:19:35,7.57,47704,63,卖盘
2193,11:19:38,7.57,66650,88,卖盘
2194,11:19:41,7.57,31037,41,卖盘
2195,11:19:44,7.58,830685,1096,买盘
2196,11:19:47,7.57,66623,88,卖盘
2197,11:19:50,7.57,25738,34,卖盘
2198,11:19:53,7.57,17411,23,卖盘
2199,11:19:56,7.58,179435,237,买盘
2200,11:19:59,7.58,404410,534,买盘
2201,11:20:02,7.58,171843,227,买盘
2202,11:20:05,7.57,149130,197,卖盘
2203,11:20:08,7.58,99936,132,买盘
2204,11:20:11,7.57,178662,236,卖盘
2205,11:20:14,7.58,114368,151,买盘
2206,11:20:17,7.57,182535,241,卖盘
2207,11:20:20,7.58,206763,273,买盘
2208,11:20:23,7.58,118135,156,买盘
2209,11:20:26,7.57,168972,223,卖盘
2210,11:20:29,7.57,128705,170,卖盘
2211,11:20:32,7.57,84028,111,卖盘
2212,11:20:35,7.57,113592,150,卖盘
2213,11:20:38,7.58,1121753,1480,买盘
2214,11:20:41,7.57,129476,171,卖盘
2215,11:20:44,7.57,24983,33,卖盘
2216,11:20:47,7.57,199091,263,卖盘
2217,11:20:50,7.57,96901,128,卖盘
2218,11:20:53,7.57,126507,167,卖盘
2219,11:20:56,7.57,133240,176,卖盘
2220,11:20:59,7.57,44683,59,卖盘
2221,11:21:02,7.57,130962,173,卖盘
2222,11:21:05,7.58,276411,365,买盘
2223,11:21:08,7.57,31801,42,卖盘
2224,11:21:11,7.57,69644,92,卖盘
2225,11:21:14,7.57,68887,91,卖盘
2226,11:21:17,7.57,19682,26,卖盘
2227,11:21:20,7.58,143891,190,买盘
2228,11:21:23,7.57,134781,178,卖盘
2229,11:21:26,7.57,100711,133,卖盘
2230,11:21:29,7.57,109009,144,卖盘
2231,11:21:32,7.57,22715,30,卖盘
2232,11:21:35,7.57,152261,201,卖盘
2233,11:21:38,7.57,21953,29,卖盘
2234,11:21:41,7.58,111344,147,买盘
2235,11:21:44,7.58,409937,541,买盘
2236,11:21:47,7.58,425554,562,买盘
2237,11:21:50,7.58,575976,760,买盘
2238,11:21:53,7.58,116697,154,买盘
2239,11:21:56,7.58,196206,259,买盘
2240,11:21:59,7.57,243211,321,卖盘
2241,11:22:02,7.57,124214,164,卖盘
2242,11:22:05,7.58,100761,133,买盘
2243,11:22:08,7.58,256089,338,买盘
2244,11:22:11,7.58,147753,195,买盘
2245,11:22:14,7.57,428700,566,卖盘
2246,11:22:17,7.58,758,1,买盘
2247,11:22:20,7.58,111344,147,买盘
2248,11:22:23,7.58,409193,540,买盘
2249,11:22:29,7.57,124966,165,卖盘
2250,11:22:32,7.58,141741,187,买盘
2251,11:22:35,7.58,302107,399,买盘
2252,11:22:38,7.58,164359,217,买盘
2253,11:22:41,7.57,88575,117,卖盘
2254,11:22:44,7.57,181079,239,卖盘
2255,11:22:47,7.57,77982,103,卖盘
2256,11:22:50,7.57,214442,283,卖盘
2257,11:22:53,7.57,101438,134,卖盘
2258,11:22:56,7.57,12879,17,卖盘
2259,11:22:59,7.57,237913,314,卖盘
2260,11:23:02,7.57,549712,726,卖盘
2261,11:23:05,7.57,512534,677,卖盘
2262,11:23:08,7.57,88576,117,卖盘
2263,11:23:11,7.57,154430,204,卖盘
2264,11:23:14,7.58,849601,1121,买盘
2265,11:23:17,7.58,67399,89,买盘
2266,11:23:20,7.57,107496,142,卖盘
2267,11:23:23,7.57,212193,280,卖盘
2268,11:23:26,7.57,99959,132,卖盘
2269,11:23:29,7.58,1005790,1327,买盘
2270,11:23:32,7.58,220474,291,买盘
2271,11:23:35,7.57,432263,571,卖盘
2272,11:23:38,7.57,66651,88,卖盘
2273,11:23:41,7.57,184858,244,卖盘
2274,11:23:44,7.57,31800,42,卖盘
2275,11:23:47,7.57,522330,690,卖盘
2276,11:23:50,7.57,106786,141,卖盘
2277,11:23:53,7.57,343290,453,卖盘
2278,11:23:56,7.57,54520,72,卖盘
2279,11:23:59,7.57,165783,219,卖盘
2280,11:24:02,7.57,83300,110,卖盘
2281,11:24:05,7.58,37864,50,买盘
2282,11:24:08,7.57,129447,171,卖盘
2283,11:24:11,7.57,396676,524,卖盘
2284,11:24:14,7.58,228703,302,买盘
2285,11:24:17,7.57,317940,420,卖盘
2286,11:24:20,7.58,226590,299,买盘
2287,11:24:23,7.58,172689,228,买盘
2288,11:24:26,7.58,52299,69,买盘
2289,11:24:29,7.57,137823,182,卖盘
2290,11:24:32,7.57,108275,143,卖盘
2291,11:24:35,7.58,38658,51,买盘
2292,11:24:38,7.57,143134,189,卖盘
2293,11:24:41,7.57,133994,177,卖盘
2294,11:24:44,7.57,669952,885,卖盘
2295,11:24:47,7.57,1998480,2640,卖盘
2296,11:24:50,7.57,484607,640,卖盘
2297,11:24:53,7.58,326277,431,买盘
2298,11:24:56,7.58,213579,282,买盘
2299,11:24:59,7.57,122639,162,卖盘
2300,11:25:02,7.57,149157,197,卖盘
2301,11:25:05,7.57,128715,170,卖盘
2302,11:25:08,7.57,1362922,1799,卖盘
2303,11:25:11,7.57,254352,336,卖盘
2304,11:25:14,7.58,103756,137,买盘
2305,11:25:17,7.58,108261,143,买盘
2306,11:25:20,7.57,113567,150,卖盘
2307,11:25:23,7.58,57582,76,买盘
2308,11:25:26,7.58,218930,289,买盘
2309,11:25:29,7.57,37875,50,卖盘
2310,11:25:32,7.57,196901,260,卖盘
2311,11:25:35,7.57,37093,49,卖盘
2312,11:25:38,7.58,73456,97,买盘
2313,11:25:41,7.58,192297,254,买盘
2314,11:25:44,7.57,99189,131,卖盘
2315,11:25:47,7.57,70454,93,卖盘
2316,11:25:50,7.57,152203,201,卖盘
2317,11:25:53,7.58,111330,147,买盘
2318,11:25:56,7.57,135503,179,卖盘
2319,11:25:59,7.57,119634,158,卖盘
2320,11:26:02,7.57,112815,149,卖盘
2321,11:26:05,7.58,192363,254,买盘
2322,11:26:08,7.57,663816,876,卖盘
2323,11:26:11,7.57,183286,242,卖盘
2324,11:26:14,7.57,99167,131,卖盘
2325,11:26:17,7.58,113554,150,买盘
2326,11:26:20,7.58,65113,86,买盘
2327,11:26:23,7.57,187762,248,卖盘
2328,11:26:26,7.57,571554,755,卖盘
2329,11:26:29,7.57,79561,105,卖盘
2330,11:26:32,7.57,367923,486,卖盘
2331,11:26:35,7.57,23469,31,卖盘
2332,11:26:38,7.57,158213,209,卖盘
2333,11:26:41,7.58,168830,223,买盘
2334,11:26:47,7.58,930573,1228,买盘
2335,11:26:50,7.57,131719,174,卖盘
2336,11:26:53,7.57,202119,267,卖盘
2337,11:26:56,7.57,108251,143,卖盘
2338,11:26:59,7.57,224080,296,卖盘
2339,11:27:02,7.57,405816,536,卖盘
2340,11:27:05,7.57,165787,219,卖盘
2341,11:27:08,7.57,166546,220,卖盘
2342,11:27:11,7.57,144597,191,卖盘
2343,11:27:14,7.58,18190,24,买盘
2344,11:27:17,7.58,151409,200,买盘
2345,11:27:20,7.57,395157,522,卖盘
2346,11:27:23,7.57,180923,239,卖盘
2347,11:27:26,7.57,357327,472,卖盘
2348,11:27:29,7.58,265725,351,买盘
2349,11:27:32,7.58,402779,532,买盘
2350,11:27:35,7.57,81006,107,卖盘
2351,11:27:38,7.58,149189,197,买盘
2352,11:27:41,7.57,242240,320,卖盘
2353,11:27:44,7.58,128736,170,买盘
2354,11:27:47,7.57,5380077,7107,卖盘
2355,11:27:50,7.56,13596714,17963,卖盘
2356,11:27:53,7.57,129396,171,买盘
2357,11:27:56,7.56,158831,210,卖盘
2358,11:27:59,7.56,75609,100,卖盘
2359,11:28:02,7.56,733323,970,卖盘
2360,11:28:05,7.56,47628,63,卖盘
2361,11:28:08,7.57,14365,19,买盘
2362,11:28:11,7.56,30999,41,卖盘
2363,11:28:14,7.57,32519,43,买盘
2364,11:28:17,7.57,74865,99,买盘
2365,11:28:20,7.56,154230,204,卖盘
2366,11:28:23,7.56,598757,792,卖盘
2367,11:28:26,7.57,38588,51,买盘
2368,11:28:29,7.57,108141,143,买盘
2369,11:28:32,7.57,162598,215,买盘
2370,11:28:35,7.56,18150,24,卖盘
2371,11:28:38,7.57,284588,376,买盘
2372,11:28:41,7.57,105190,139,买盘
2373,11:28:44,7.57,215483,285,买盘
2374,11:28:47,7.57,72639,96,买盘
2375,11:28:50,7.56,566299,749,卖盘
2376,11:28:53,7.57,116573,154,买盘
2377,11:28:56,7.56,81696,108,卖盘
2378,11:28:59,7.56,15884,21,卖盘
2379,11:29:02,7.56,501986,664,卖盘
2380,11:29:05,7.56,46152,61,卖盘
2381,11:29:08,7.57,5297,7,买盘
2382,11:29:11,7.57,1514,2,买盘
2383,11:29:14,7.56,40836,54,卖盘
2384,11:29:17,7.57,18911,25,买盘
2385,11:29:20,7.56,132415,175,卖盘
2386,11:29:23,7.57,40868,54,买盘
2387,11:29:26,7.56,8316,11,卖盘
2388,11:29:29,7.57,209653,277,买盘
2389,11:29:32,7.56,3909346,5171,卖盘
2390,11:29:35,7.57,9841,13,买盘
2391,11:29:38,7.57,51410,68,买盘
2392,11:29:41,7.56,33270,44,卖盘
2393,11:29:44,7.56,46139,61,卖盘
2394,11:29:47,7.56,75628,100,卖盘
2395,11:29:50,7.56,718203,950,卖盘
2396,11:29:53,7.57,129425,171,买盘
2397,11:29:56,7.56,964809,1276,卖盘
2398,11:29:59,7.57,15123,20,买盘
2399,11:30:02,7.56,6048,8,卖盘
2400,13:00:02,7.56,5911522,7810,卖盘
2401,13:00:05,7.57,5674015,7499,买盘
2402,13:00:08,7.57,5873321,7765,买盘
2403,13:00:11,7.56,3143231,4154,卖盘
2404,13:00:14,7.57,4853821,6414,买盘
2405,13:00:17,7.57,4132143,5459,买盘
2406,13:00:20,7.57,1107447,1463,买盘
2407,13:00:23,7.57,971939,1284,买盘
2408,13:00:26,7.57,1578146,2085,买盘
2409,13:00:29,7.57,2089964,2761,买盘
2410,13:00:32,7.56,124820,165,卖盘
2411,13:00:35,7.57,102855,136,买盘
2412,13:00:38,7.57,781848,1033,买盘
2413,13:00:41,7.57,149120,197,买盘
2414,13:00:44,7.57,118754,157,买盘
2415,13:00:47,7.57,520059,687,买盘
2416,13:00:50,7.57,110484,146,买盘
2417,13:00:53,7.56,81677,108,卖盘
2418,13:00:56,7.57,152907,202,买盘
2419,13:00:59,7.56,90008,119,卖盘
2420,13:01:02,7.56,2154738,2850,卖盘
2421,13:01:05,7.57,336865,445,买盘
2422,13:01:08,7.57,2191515,2895,买盘
2423,13:01:11,7.57,950773,1256,买盘
2424,13:01:14,7.57,114267,151,买盘
2425,13:01:17,7.57,2765281,3653,买盘
2426,13:01:20,7.57,7435917,9823,买盘
2427,13:01:23,7.57,4128975,5453,卖盘
2428,13:01:26,7.56,767548,1014,卖盘
2429,13:01:29,7.57,97631,129,买盘
2430,13:01:32,7.56,34810,46,卖盘
2431,13:01:35,7.57,410996,543,买盘
2432,13:01:38,7.57,59046,78,买盘
2433,13:01:41,7.57,1167194,1542,买盘
2434,13:01:44,7.57,83164,110,买盘
2435,13:01:47,7.56,74150,98,卖盘
2436,13:01:50,7.57,1188490,1570,买盘
2437,13:01:53,7.57,1949560,2576,买盘
2438,13:01:56,7.57,3683505,4866,买盘
2439,13:01:59,7.57,557029,735,卖盘
2440,13:02:02,7.57,722178,954,卖盘
2441,13:02:05,7.57,76518,101,卖盘
2442,13:02:08,7.57,6818,9,卖盘
2443,13:02:11,7.57,86381,114,卖盘
2444,13:02:14,7.57,31794,42,卖盘
2445,13:02:17,7.58,44709,59,买盘
2446,13:02:20,7.57,237155,313,卖盘
2447,13:02:23,7.57,800906,1058,卖盘
2448,13:02:26,7.57,65918,87,卖盘
2449,13:02:29,7.57,149131,197,卖盘
2450,13:02:32,7.58,60632,80,买盘
2451,13:02:35,7.57,580631,767,卖盘
2452,13:02:38,7.57,178471,236,买盘
2453,13:02:41,7.57,92291,122,买盘
2454,13:02:44,7.57,245266,324,买盘
2455,13:02:47,7.57,40878,54,买盘
2456,13:02:50,7.57,52990,70,买盘
2457,13:02:53,7.57,783481,1035,买盘
2458,13:02:56,7.57,81756,108,买盘
2459,13:02:59,7.57,244341,323,买盘
2460,13:03:02,7.57,105971,140,买盘
2461,13:03:05,7.57,140733,186,买盘
2462,13:03:08,7.57,127844,169,买盘
2463,13:03:11,7.57,96896,128,买盘
2464,13:03:14,7.57,26495,35,买盘
2465,13:03:17,7.57,294285,389,买盘
2466,13:03:20,7.57,29520,39,买盘
2467,13:03:23,7.56,96860,128,卖盘
2468,13:03:26,7.57,54472,72,买盘
2469,13:03:32,7.57,48432,64,买盘
2470,13:03:35,7.57,78728,104,买盘
2471,13:03:38,7.57,345192,456,买盘
2472,13:03:41,7.57,9841,13,买盘
2473,13:03:44,7.57,54467,72,买盘
2474,13:03:47,7.57,101415,134,买盘
2475,13:03:50,7.57,209478,277,买盘
2476,13:03:53,7.57,34065,45,买盘
2477,13:03:56,7.57,244260,323,买盘
2478,13:03:59,7.57,461770,610,买盘
2479,13:04:02,7.57,26486,35,买盘
2480,13:04:05,7.57,1131574,1495,买盘
2481,13:04:08,7.56,515412,681,卖盘
2482,13:04:11,7.57,651020,860,买盘
2483,13:04:14,7.57,15897,21,买盘
2484,13:04:17,7.57,22710,30,买盘
2485,13:04:20,7.57,17409,23,买盘
2486,13:04:23,7.56,136151,180,卖盘
2487,13:04:26,7.57,80979,107,买盘
2488,13:04:29,7.57,87005,115,买盘
2489,13:04:32,7.57,7570,10,买盘
2490,13:04:35,7.57,127154,168,买盘
2491,13:04:38,7.57,607870,803,买盘
2492,13:04:41,7.57,68848,91,买盘
2493,13:04:44,7.57,54485,72,买盘
2494,13:04:47,7.56,83966,111,卖盘
2495,13:04:50,7.56,62748,83,卖盘
2496,13:04:53,7.57,9832,13,买盘
2497,13:04:56,7.56,68076,90,卖盘
2498,13:04:59,7.57,121807,161,买盘
2499,13:05:02,7.56,123347,163,卖盘
2500,13:05:05,7.56,149731,198,卖盘
2501,13:05:08,7.57,266117,352,买盘
2502,13:05:11,7.57,14376,19,买盘
2503,13:05:14,7.57,25736,34,买盘
2504,13:05:17,7.57,743368,982,买盘
2505,13:05:20,7.57,852214,1126,买盘
2506,13:05:23,7.57,6707756,8861,买盘
2507,13:05:26,7.57,993276,1312,卖盘
2508,13:05:29,7.57,122630,162,卖盘
2509,13:05:32,7.57,268952,355,买盘
2510,13:05:35,7.57,105980,140,买盘
2511,13:05:38,7.57,340663,450,卖盘
2512,13:05:41,7.57,620484,819,卖盘
2513,13:05:44,7.57,483734,639,卖盘
2514,13:05:47,7.57,1015894,1342,卖盘
2515,13:05:50,7.57,1843295,2435,卖盘
2516,13:05:53,7.57,1512486,1998,买盘
2517,13:05:56,7.57,1858357,2455,买盘
2518,13:05:59,7.57,497980,658,买盘
2519,13:06:02,7.56,132449,175,卖盘
2520,13:06:05,7.57,467826,618,买盘
2521,13:06:08,7.57,96862,128,买盘
2522,13:06:11,7.57,71859,95,买盘
2523,13:06:14,7.57,72643,96,买盘
2524,13:06:17,7.56,37058,49,卖盘
2525,13:06:20,7.57,155057,205,买盘
2526,13:06:23,7.57,105877,140,买盘
2527,13:06:26,7.57,3319425,4385,买盘
2528,13:06:29,7.57,203587,269,买盘
2529,13:06:32,7.56,38598,51,卖盘
2530,13:06:35,7.57,744071,983,买盘
2531,13:06:38,7.57,541482,716,买盘
2532,13:06:41,7.57,34051,45,买盘
2533,13:06:44,7.57,103704,137,买盘
2534,13:06:47,7.57,60554,80,买盘
2535,13:06:50,7.57,71897,95,买盘
2536,13:06:53,7.57,160464,212,买盘
2537,13:06:56,7.56,46173,61,卖盘
2538,13:06:59,7.57,81691,108,买盘
2539,13:07:02,7.57,89218,118,买盘
2540,13:07:05,7.57,150499,199,买盘
2541,13:07:08,7.57,185415,245,买盘
2542,13:07:11,7.57,56009,74,买盘
2543,13:07:14,7.57,46918,62,买盘
2544,13:07:17,7.57,115721,153,买盘
2545,13:07:20,7.56,135498,179,卖盘
2546,13:07:23,7.57,145326,192,买盘
2547,13:07:26,7.57,254352,336,买盘
2548,13:07:29,7.57,92354,122,买盘
2549,13:07:32,7.57,80242,106,买盘
2550,13:07:35,7.58,1171124,1547,买盘
2551,13:07:38,7.57,828922,1095,卖盘
2552,13:07:41,7.57,676133,893,卖盘
2553,13:07:44,7.57,887971,1173,卖盘
2554,13:07:47,7.57,177988,235,卖盘
2555,13:07:50,7.57,142363,188,卖盘
2556,13:07:53,7.58,80308,106,买盘
2557,13:07:56,7.57,688125,909,卖盘
2558,13:07:59,7.58,131756,174,买盘
2559,13:08:02,7.57,165794,219,卖盘
2560,13:08:05,7.57,406509,537,卖盘
2561,13:08:08,7.58,255263,337,买盘
2562,13:08:11,7.57,159737,211,卖盘
2563,13:08:14,7.57,62844,83,卖盘
2564,13:08:17,7.57,548198,724,卖盘
2565,13:08:20,7.58,223316,295,买盘
2566,13:08:23,7.57,461013,609,卖盘
2567,13:08:26,7.57,456469,603,卖盘
2568,13:08:29,7.57,185463,245,卖盘
2569,13:08:32,7.56,592885,784,卖盘
2570,13:08:35,7.56,309231,409,卖盘
2571,13:08:38,7.57,213373,282,买盘
2572,13:08:41,7.56,186770,247,卖盘
2573,13:08:44,7.56,203393,269,卖盘
2574,13:08:47,7.56,221696,293,卖盘
2575,13:08:50,7.57,945783,1251,买盘
2576,13:08:53,7.57,791764,1046,买盘
2577,13:08:56,7.56,89228,118,卖盘
2578,13:08:59,7.56,98335,130,卖盘
2579,13:09:02,7.56,325274,430,卖盘
2580,13:09:05,7.57,174001,230,买盘
2581,13:09:08,7.56,133841,177,卖盘
2582,13:09:11,7.57,156524,207,买盘
2583,13:09:14,7.56,83162,110,卖盘
2584,13:09:17,7.57,146681,194,买盘
2585,13:09:20,7.56,161785,214,卖盘
2586,13:09:23,7.57,276962,366,买盘
2587,13:09:26,7.57,108113,143,买盘
2588,13:09:29,7.56,54450,72,卖盘
2589,13:09:32,7.56,225370,298,卖盘
2590,13:09:35,7.56,81658,108,卖盘
2591,13:09:38,7.57,29487,39,买盘
2592,13:09:41,7.57,262483,347,买盘
2593,13:09:44,7.56,156514,207,卖盘
2594,13:09:47,7.56,201136,266,卖盘
2595,13:09:50,7.56,126252,167,卖盘
2596,13:09:53,7.57,115023,152,买盘
2597,13:09:56,7.56,129276,171,卖盘
2598,13:09:59,7.57,115014,152,买盘
2599,13:10:02,7.56,549832,727,卖盘
2600,13:10:05,7.56,220903,292,卖盘
2601,13:10:08,7.56,74853,99,卖盘
2602,13:10:11,7.57,2324735,3075,买盘
2603,13:10:14,7.56,406003,537,卖盘
2604,13:10:17,7.56,222264,294,卖盘
2605,13:10:20,7.56,539786,714,卖盘
2606,13:10:23,7.56,67314,89,卖盘
2607,13:10:26,7.57,359860,476,买盘
2608,13:10:29,7.57,58982,78,买盘
2609,13:10:32,7.56,261770,346,卖盘
2610,13:10:35,7.56,5295,7,卖盘
2611,13:10:38,7.57,236704,313,买盘
2612,13:10:41,7.56,293537,388,卖盘
2613,13:10:44,7.57,172410,228,买盘
2614,13:10:47,7.56,108157,143,卖盘
2615,13:10:50,7.57,118693,157,买盘
2616,13:10:53,7.56,204250,270,卖盘
2617,13:10:56,7.57,37061,49,买盘
2618,13:10:59,7.57,71860,95,买盘
2619,13:11:02,7.56,347958,460,卖盘
2620,13:11:05,7.56,47644,63,卖盘
2621,13:11:08,7.57,99142,131,买盘
2622,13:11:11,7.57,204185,270,买盘
2623,13:11:14,7.56,41586,55,卖盘
2624,13:11:17,7.57,57484,76,买盘
2625,13:11:20,7.56,168599,223,卖盘
2626,13:11:23,7.56,185992,246,卖盘
2627,13:11:26,7.57,688772,911,买盘
2628,13:11:29,7.57,312295,413,买盘
2629,13:11:32,7.56,129291,171,卖盘
2630,13:11:35,7.56,97630,129,卖盘
2631,13:11:38,7.56,80158,106,卖盘
2632,13:11:41,7.56,334182,442,卖盘
2633,13:11:44,7.56,71104,94,卖盘
2634,13:11:47,7.57,68836,91,买盘
2635,13:11:50,7.56,193598,256,卖盘
2636,13:11:53,7.56,76392,101,卖盘
2637,13:11:56,7.56,31768,42,卖盘
2638,13:11:59,7.56,144436,191,卖盘
2639,13:12:02,7.56,711416,941,卖盘
2640,13:12:05,7.56,209453,277,卖盘
2641,13:12:08,7.57,263385,348,买盘
2642,13:12:11,7.56,186791,247,卖盘
2643,13:12:14,7.57,100604,133,买盘
2644,13:12:17,7.57,150544,199,买盘
2645,13:12:20,7.56,202691,268,卖盘
2646,13:12:23,7.57,207174,274,买盘
2647,13:12:26,7.57,55220,73,买盘
2648,13:12:29,7.56,52203,69,卖盘
2649,13:12:32,7.56,192125,254,卖盘
2650,13:12:35,7.56,77155,102,卖盘
2651,13:12:38,7.56,148177,196,卖盘
2652,13:12:41,7.57,138376,183,买盘
2653,13:12:44,7.56,148225,196,卖盘
2654,13:12:47,7.57,391346,517,买盘
2655,13:12:50,7.56,148198,196,卖盘
2656,13:12:53,7.56,69554,92,卖盘
2657,13:12:56,7.57,40076,53,买盘
2658,13:12:59,7.57,95357,126,买盘
2659,13:13:02,7.57,145177,192,买盘
2660,13:13:05,7.57,821286,1085,买盘
2661,13:13:08,7.56,370085,489,卖盘
2662,13:13:11,7.57,218586,289,买盘
2663,13:13:14,7.56,232872,308,卖盘
2664,13:13:17,7.56,156552,207,卖盘
2665,13:13:20,7.56,700089,926,卖盘
2666,13:13:23,7.56,71828,95,卖盘
2667,13:13:26,7.56,39315,52,卖盘
2668,13:13:29,7.57,100596,133,买盘
2669,13:13:32,7.57,232957,308,买盘
2670,13:13:35,7.56,1849865,2444,卖盘
2671,13:13:38,7.56,206415,273,卖盘
2672,13:13:41,7.56,139878,185,卖盘
2673,13:13:44,7.57,148991,197,买盘
2674,13:13:47,7.57,82479,109,买盘
2675,13:13:50,7.57,257831,341,买盘
2676,13:13:53,7.56,46144,61,卖盘
2677,13:13:56,7.57,96770,128,买盘
2678,13:13:59,7.56,26461,35,卖盘
2679,13:14:02,7.57,164116,217,买盘
2680,13:14:05,7.57,65813,87,买盘
2681,13:14:08,7.57,90725,120,买盘
2682,13:14:11,7.56,378777,501,卖盘
2683,13:14:14,7.56,89975,119,卖盘
2684,13:14:17,7.57,1112727,1470,买盘
2685,13:14:20,7.57,451483,597,买盘
2686,13:14:23,7.56,974929,1288,卖盘
2687,13:14:26,7.56,198104,262,卖盘
2688,13:14:29,7.57,88475,117,买盘
2689,13:14:32,7.56,208759,276,卖盘
2690,13:14:35,7.57,165708,219,买盘
2691,13:14:38,7.56,30248,40,卖盘
2692,13:14:41,7.56,1703269,2253,卖盘
2693,13:14:44,7.56,117992,156,卖盘
2694,13:14:47,7.57,171643,227,买盘
2695,13:14:50,7.56,132324,175,卖盘
2696,13:14:53,7.57,369306,488,买盘
2697,13:14:56,7.56,240411,318,卖盘
2698,13:14:59,7.57,72601,96,买盘
2699,13:15:02,7.57,164857,218,买盘
2700,13:15:05,7.56,70335,93,卖盘
2701,13:15:08,7.56,62016,82,卖盘
2702,13:15:11,7.57,274591,363,买盘
2703,13:15:14,7.57,236794,313,买盘
2704,13:15:17,7.56,695546,919,卖盘
2705,13:15:20,7.57,354049,468,买盘
2706,13:15:23,7.56,165649,219,卖盘
2707,13:15:26,7.56,450604,596,卖盘
2708,13:15:29,7.57,87012,115,买盘
2709,13:15:32,7.56,125500,166,卖盘
2710,13:15:35,7.56,129343,171,卖盘
2711,13:15:38,7.57,184665,244,买盘
2712,13:15:41,7.56,611615,809,卖盘
2713,13:15:44,7.57,943915,1247,买盘
2714,13:15:47,7.57,239131,316,买盘
2715,13:15:50,7.56,356127,471,卖盘
2716,13:15:53,7.57,175495,232,买盘
2717,13:15:56,7.56,69563,92,卖盘
2718,13:15:59,7.56,203579,269,卖盘
2719,13:16:02,7.56,145206,192,卖盘
2720,13:16:05,7.57,249520,330,买盘
2721,13:16:08,7.57,53683,71,买盘
2722,13:16:11,7.57,316984,419,买盘
2723,13:16:14,7.56,63524,84,卖盘
2724,13:16:17,7.56,1707100,2258,卖盘
2725,13:16:20,7.56,692512,916,卖盘
2726,13:16:23,7.57,51451,68,买盘
2727,13:16:26,7.56,93050,123,卖盘
2728,13:16:29,7.57,86226,114,买盘
2729,13:16:32,7.56,321334,425,卖盘
2730,13:16:35,7.56,838071,1108,卖盘
2731,13:16:38,7.57,161786,214,买盘
2732,13:16:41,7.57,233625,309,买盘
2733,13:16:44,7.56,123247,163,卖盘
2734,13:16:47,7.57,1236303,1635,买盘
2735,13:16:50,7.57,3763443,4978,买盘
2736,13:16:53,7.56,3823908,5058,卖盘
2737,13:16:56,7.57,3203943,4238,买盘
2738,13:16:59,7.56,6520648,8625,卖盘
2739,13:17:02,7.57,2421739,3203,买盘
2740,13:17:05,7.57,914374,1208,买盘
2741,13:17:08,7.57,105871,140,买盘
2742,13:17:11,7.57,337470,446,买盘
2743,13:17:14,7.57,48393,64,买盘
2744,13:17:17,7.56,38557,51,卖盘
2745,13:17:20,7.56,217095,287,卖盘
2746,13:17:23,7.57,138445,183,买盘
2747,13:17:26,7.56,179199,237,卖盘
2748,13:17:29,7.57,59009,78,买盘
2749,13:17:32,7.56,239810,317,卖盘
2750,13:17:35,7.56,124078,164,卖盘
2751,13:17:38,7.57,159642,211,买盘
2752,13:17:41,7.57,338220,447,买盘
2753,13:17:44,7.57,809938,1071,买盘
2754,13:17:47,7.56,90012,119,卖盘
2755,13:17:50,7.56,295630,391,卖盘
2756,13:17:53,7.57,72619,96,买盘
2757,13:17:56,7.57,146824,194,买盘
2758,13:17:59,7.56,65034,86,卖盘
2759,13:18:02,7.56,111136,147,卖盘
2760,13:18:05,7.56,635835,841,卖盘
2761,13:18:08,7.56,51441,68,卖盘
2762,13:18:11,7.56,104329,138,卖盘
2763,13:18:14,7.57,108151,143,买盘
2764,13:18:17,7.56,293355,388,卖盘
2765,13:18:20,7.57,373489,494,买盘
2766,13:18:23,7.57,347861,460,买盘
2767,13:18:26,7.56,125528,166,卖盘
2768,13:18:29,7.56,114207,151,卖盘
2769,13:18:32,7.56,658483,871,卖盘
2770,13:18:35,7.57,140628,186,买盘
2771,13:18:38,7.56,362952,480,卖盘
2772,13:18:41,7.56,214028,283,卖盘
2773,13:18:44,7.57,18146,24,买盘
2774,13:18:47,7.56,49909,66,卖盘
2775,13:18:50,7.56,530208,701,卖盘
2776,13:18:53,7.57,43095,57,买盘
2777,13:18:56,7.56,101311,134,卖盘
2778,13:18:59,7.56,90744,120,卖盘
2779,13:19:02,7.56,706107,934,卖盘
2780,13:19:05,7.56,231506,306,卖盘
2781,13:19:08,7.56,674365,892,卖盘
2782,13:19:11,7.56,124743,165,卖盘
2783,13:19:14,7.56,803753,1063,卖盘
2784,13:19:17,7.56,147457,195,卖盘
2785,13:19:20,7.56,1157493,1531,卖盘
2786,13:19:23,7.57,143650,190,买盘
2787,13:19:26,7.57,270771,358,买盘
2788,13:19:29,7.56,139133,184,卖盘
2789,13:19:32,7.56,1360818,1800,卖盘
2790,13:19:35,7.56,108868,144,卖盘
2791,13:19:38,7.57,543710,719,买盘
2792,13:19:41,7.57,174639,231,买盘
2793,13:19:44,7.57,214749,284,买盘
2794,13:19:47,7.56,379527,502,卖盘
2795,13:19:50,7.56,139149,184,卖盘
2796,13:19:53,7.56,95332,126,卖盘
2797,13:19:56,7.56,132435,175,卖盘
2798,13:19:59,7.56,707644,936,卖盘
2799,13:20:02,7.56,148954,197,卖盘
2800,13:20:05,7.56,99053,131,卖盘
2801,13:20:08,7.56,80138,106,卖盘
2802,13:20:11,7.56,188245,249,卖盘
2803,13:20:14,7.56,88468,117,卖盘
2804,13:20:17,7.57,104412,138,买盘
2805,13:20:20,7.56,192076,254,卖盘
2806,13:20:23,7.56,81658,108,卖盘
2807,13:20:26,7.56,248785,329,卖盘
2808,13:20:29,7.56,689794,912,卖盘
2809,13:20:32,7.56,316815,419,卖盘
2810,13:20:35,7.56,318290,421,卖盘
2811,13:20:38,7.56,89975,119,卖盘
2812,13:20:41,7.57,2704284,3577,买盘
2813,13:20:44,7.57,229082,303,买盘
2814,13:20:47,7.56,72592,96,卖盘
2815,13:20:50,7.57,244305,323,买盘
2816,13:20:53,7.56,340529,450,卖盘
2817,13:20:56,7.57,236636,313,买盘
2818,13:20:59,7.57,99834,132,买盘
2819,13:21:02,7.56,142891,189,卖盘
2820,13:21:05,7.56,1057409,1397,卖盘
2821,13:21:08,7.56,268666,355,卖盘
2822,13:21:11,7.57,632134,836,买盘
2823,13:21:14,7.56,236723,313,卖盘
2824,13:21:17,7.56,63530,84,卖盘
2825,13:21:20,7.57,291073,385,买盘
2826,13:21:23,7.57,170178,225,买盘
2827,13:21:26,7.56,83995,111,卖盘
2828,13:21:29,7.56,63538,84,卖盘
2829,13:21:32,7.56,167130,221,卖盘
2830,13:21:35,7.56,982803,1300,卖盘
2831,13:21:38,7.56,136120,180,卖盘
2832,13:21:41,7.57,139887,185,买盘
2833,13:21:44,7.57,134589,178,买盘
2834,13:21:47,7.57,118784,157,买盘
2835,13:21:50,7.56,377309,499,卖盘
2836,13:21:53,7.56,1491594,1973,卖盘
2837,13:21:56,7.57,148978,197,买盘
2838,13:21:59,7.56,47639,63,卖盘
2839,13:22:02,7.57,139130,184,买盘
2840,13:22:05,7.56,205719,272,卖盘
2841,13:22:08,7.56,968458,1281,卖盘
2842,13:22:11,7.56,169344,224,卖盘
2843,13:22:14,7.57,86230,114,买盘
2844,13:22:17,7.57,198876,263,买盘
2845,13:22:20,7.57,140654,186,买盘
2846,13:22:23,7.56,1236821,1636,卖盘
2847,13:22:26,7.57,69607,92,买盘
2848,13:22:29,7.57,79438,105,买盘
2849,13:22:32,7.56,846142,1118,卖盘
2850,13:22:35,7.56,698679,923,卖盘
2851,13:22:38,7.56,333715,441,卖盘
2852,13:22:41,7.57,1010399,1335,买盘
2853,13:22:44,7.57,211836,280,买盘
2854,13:22:47,7.57,288274,381,买盘
2855,13:22:50,7.57,127801,169,买盘
2856,13:22:53,7.57,148273,196,买盘
2857,13:22:56,7.57,61268,81,买盘
2858,13:22:59,7.56,27217,36,卖盘
2859,13:23:02,7.57,273887,362,买盘
2860,13:23:05,7.57,65811,87,买盘
2861,13:23:08,7.56,85444,113,卖盘
2862,13:23:11,7.56,577624,764,卖盘
2863,13:23:14,7.56,262463,347,卖盘
2864,13:23:17,7.57,64272,85,买盘
2865,13:23:20,7.57,176235,233,买盘
2866,13:23:23,7.56,39319,52,卖盘
2867,13:23:26,7.57,232334,307,买盘
2868,13:23:29,7.57,90739,120,买盘
2869,13:23:32,7.57,241932,320,买盘
2870,13:23:35,7.56,82443,109,卖盘
2871,13:23:38,7.57,83200,110,买盘
2872,13:23:41,7.57,158788,210,买盘
2873,13:23:44,7.57,248166,328,买盘
2874,13:23:47,7.56,321667,425,卖盘
2875,13:23:50,7.57,130055,172,买盘
2876,13:23:53,7.57,43871,58,买盘
2877,13:23:56,7.56,358355,474,卖盘
2878,13:23:59,7.56,1582594,2092,卖盘
2879,13:24:02,7.57,204195,270,买盘
2880,13:24:05,7.56,177085,234,卖盘
2881,13:24:08,7.56,65819,87,卖盘
2882,13:24:11,7.57,142173,188,买盘
2883,13:24:14,7.57,964372,1274,买盘
2884,13:24:17,7.57,127802,169,买盘
2885,13:24:20,7.57,181545,240,买盘
2886,13:24:23,7.57,24967,33,买盘
2887,13:24:26,7.56,3025,4,卖盘
2888,13:24:29,7.57,40848,54,买盘
2889,13:24:32,7.57,141377,187,买盘
2890,13:24:35,7.57,115708,153,买盘
2891,13:24:38,7.56,25711,34,卖盘
2892,13:24:41,7.56,139877,185,卖盘
2893,13:24:44,7.57,34797,46,买盘
2894,13:24:47,7.57,1205868,1595,买盘
2895,13:24:50,7.56,254793,337,卖盘
2896,13:24:53,7.56,177668,235,卖盘
2897,13:24:56,7.57,112716,149,买盘
2898,13:24:59,7.56,1498458,1982,卖盘
2899,13:25:02,7.56,594224,786,卖盘
2900,13:25:05,7.56,694778,919,卖盘
2901,13:25:08,7.57,243444,322,买盘
2902,13:25:11,7.56,757522,1002,卖盘
2903,13:25:14,7.56,92257,122,卖盘
2904,13:25:17,7.56,49181,65,卖盘
2905,13:25:20,7.56,132307,175,卖盘
2906,13:25:23,7.56,72648,96,卖盘
2907,13:25:26,7.56,189079,250,卖盘
2908,13:25:29,7.57,757,1,买盘
2909,13:25:32,7.57,114922,152,买盘
2910,13:25:35,7.57,65774,87,买盘
2911,13:25:38,7.57,61255,81,买盘
2912,13:25:41,7.56,166367,220,卖盘
2913,13:25:44,7.57,101400,134,买盘
2914,13:25:47,7.56,1574450,2081,卖盘
2915,13:25:50,7.56,96782,128,卖盘
2916,13:25:53,7.57,19681,26,买盘
2917,13:25:56,7.57,4542,6,买盘
2918,13:25:59,7.56,158770,210,卖盘
2919,13:26:02,7.57,107381,142,买盘
2920,13:26:05,7.57,2271,3,买盘
2921,13:26:08,7.57,11353,15,买盘
2922,13:26:11,7.56,107372,142,卖盘
2923,13:26:14,7.57,28009,37,买盘
2924,13:26:17,7.56,43108,57,卖盘
2925,13:26:20,7.57,129320,171,买盘
2926,13:26:23,7.56,197396,261,卖盘
2927,13:26:26,7.56,224626,297,卖盘
2928,13:26:29,7.56,1512,2,卖盘
2929,13:26:32,7.56,413618,547,卖盘
2930,13:26:35,7.57,106737,141,买盘
2931,13:26:38,7.56,1083897,1433,卖盘
2932,13:26:41,7.57,167155,221,买盘
2933,13:26:44,7.57,49956,66,买盘
2934,13:26:47,7.56,86955,115,卖盘
2935,13:26:50,7.56,552709,731,卖盘
2936,13:26:53,7.57,30266,40,买盘
2937,13:26:56,7.57,818259,1081,买盘
2938,13:26:59,7.57,12099,16,买盘
2939,13:27:02,7.56,123228,163,卖盘
2940,13:27:05,7.56,154281,204,卖盘
2941,13:27:08,7.57,30280,40,买盘
2942,13:27:11,7.56,96012,127,卖盘
2943,13:27:14,7.57,71143,94,买盘
2944,13:27:17,7.56,52185,69,卖盘
2945,13:27:20,7.57,170882,226,买盘
2946,13:27:23,7.56,26480,35,卖盘
2947,13:27:26,7.57,134681,178,买盘
2948,13:27:29,7.57,104414,138,买盘
2949,13:27:32,7.56,151978,201,卖盘
2950,13:27:35,7.56,56000,74,卖盘
2951,13:27:38,7.57,10591,14,买盘
2952,13:27:41,7.57,96014,127,买盘
2953,13:27:44,7.56,10596,14,卖盘
2954,13:27:47,7.56,108914,144,卖盘
2955,13:27:50,7.56,136876,181,卖盘
2956,13:27:53,7.57,6056,8,买盘
2957,13:27:56,7.56,50686,67,卖盘
2958,13:27:59,7.56,116434,154,卖盘
2959,13:28:02,7.57,117963,156,买盘
2960,13:28:05,7.57,35565,47,买盘
2961,13:28:08,7.57,109695,145,买盘
2962,13:28:11,7.56,251748,333,卖盘
2963,13:28:14,7.57,72644,96,买盘
2964,13:28:17,7.56,7606120,10061,卖盘
2965,13:28:20,7.56,201899,267,卖盘
2966,13:28:23,7.56,5360796,7091,卖盘
2967,13:28:26,7.56,946515,1252,卖盘
2968,13:28:29,7.57,484599,641,买盘
2969,13:28:32,7.56,291822,386,卖盘
2970,13:28:35,7.56,1538006,2033,卖盘
2971,13:28:38,7.57,32524,43,买盘
2972,13:28:41,7.57,123242,163,买盘
2973,13:28:44,7.57,197482,261,买盘
2974,13:28:47,7.56,124823,165,卖盘
2975,13:28:50,7.56,127774,169,卖盘
2976,13:28:53,7.56,65016,86,卖盘
2977,13:28:56,7.56,94609,125,卖盘
2978,13:28:59,7.57,196562,260,买盘
2979,13:29:02,7.56,232923,308,卖盘
2980,13:29:05,7.57,177092,234,买盘
2981,13:29:08,7.56,7561,10,卖盘
2982,13:29:11,7.57,124766,165,买盘
2983,13:29:14,7.56,17393,23,卖盘
2984,13:29:17,7.56,18156,24,卖盘
2985,13:29:20,7.56,164097,217,卖盘
2986,13:29:23,7.57,28003,37,买盘
2987,13:29:26,7.56,979026,1295,卖盘
2988,13:29:29,7.56,20434,27,卖盘
2989,13:29:32,7.56,213352,282,卖盘
2990,13:29:35,7.56,314665,416,卖盘
2991,13:29:38,7.56,106597,141,卖盘
2992,13:29:41,7.56,552639,731,卖盘
2993,13:29:44,7.56,801360,1060,卖盘
2994,13:29:47,7.56,92988,123,卖盘
2995,13:29:50,7.56,130050,172,卖盘
2996,13:29:53,7.57,34792,46,买盘
2997,13:29:56,7.56,690994,914,卖盘
2998,13:29:59,7.56,63535,84,卖盘
2999,13:30:02,7.57,956783,1264,买盘
3000,13:30:05,7.56,49155,65,卖盘
3001,13:30:08,7.57,22706,30,买盘
3002,13:30:11,7.57,90061,119,买盘
3003,13:30:14,7.56,11350,15,卖盘
3004,13:30:17,7.57,6049,8,买盘
3005,13:30:20,7.57,13618,18,买盘
3006,13:30:23,7.56,67313,89,卖盘
3007,13:30:26,7.57,182411,241,买盘
3008,13:30:29,7.57,269415,356,买盘
3009,13:30:32,7.57,84755,112,买盘
3010,13:30:35,7.56,288413,381,卖盘
3011,13:30:38,7.56,427199,565,卖盘
3012,13:30:41,7.57,340559,450,买盘
3013,13:30:44,7.56,349326,462,卖盘
3014,13:30:47,7.57,179242,237,买盘
3015,13:30:50,7.56,37810,50,卖盘
3016,13:30:53,7.56,96014,127,卖盘
3017,13:30:56,7.57,56018,74,买盘
3018,13:30:59,7.57,224534,297,买盘
3019,13:31:02,7.56,18147,24,卖盘
3020,13:31:05,7.57,186142,246,买盘
3021,13:31:08,7.56,671431,887,卖盘
3022,13:31:11,7.56,112756,149,卖盘
3023,13:31:14,7.57,1513,2,买盘
3024,13:31:17,7.57,209502,277,买盘
3025,13:31:20,7.56,42343,56,卖盘
3026,13:31:23,7.57,96868,128,买盘
3027,13:31:26,7.57,41619,55,买盘
3028,13:31:29,7.56,117951,156,卖盘
3029,13:31:32,7.57,447366,591,买盘
3030,13:31:35,7.56,264152,349,卖盘
3031,13:31:38,7.57,58268,77,买盘
3032,13:31:41,7.57,697868,922,买盘
3033,13:31:44,7.56,1071822,1416,卖盘
3034,13:31:47,7.56,53716,71,卖盘
3035,13:31:50,7.56,21924,29,卖盘
3036,13:31:53,7.56,173208,229,卖盘
3037,13:31:56,7.57,79432,105,买盘
3038,13:31:59,7.57,26478,35,买盘
3039,13:32:02,7.56,2009506,2658,卖盘
3040,13:32:05,7.57,145922,193,买盘
3041,13:32:08,7.57,35537,47,买盘
3042,13:32:11,7.57,44631,59,买盘
3043,13:32:14,7.57,20422,27,买盘
3044,13:32:17,7.56,114166,151,卖盘
3045,13:32:20,7.56,70348,93,卖盘
3046,13:32:23,7.56,155755,206,卖盘
3047,13:32:26,7.57,56017,74,买盘
3048,13:32:29,7.56,362132,479,卖盘
3049,13:32:32,7.57,208691,276,买盘
3050,13:32:35,7.56,23440,31,卖盘
3051,13:32:38,7.57,188489,249,买盘
3052,13:32:41,7.57,15878,21,买盘
3053,13:32:44,7.57,148324,196,买盘
3054,13:32:47,7.56,82443,109,卖盘
3055,13:32:50,7.56,175482,232,卖盘
3056,13:32:53,7.57,77196,102,买盘
3057,13:32:56,7.56,61266,81,卖盘
3058,13:32:59,7.57,105880,140,买盘
3059,13:33:02,7.56,88502,117,卖盘
3060,13:33:05,7.56,74844,99,卖盘
3061,13:33:08,7.56,103593,137,卖盘
3062,13:33:11,7.57,476804,630,买盘
3063,13:33:14,7.56,12097,16,卖盘
3064,13:33:17,7.57,158915,210,买盘
