,成交时间,成交价格,成交金额,成交量,性质
0,09:25:02,60.06,26606580,4430,买盘
1,09:30:02,60.02,870598,145,卖盘
2,09:30:05,60.0,1374157,229,卖盘
3,09:30:08,59.98,4872946,812,卖盘
4,09:30:11,59.97,2345415,391,卖盘
5,09:30:14,59.97,1151387,192,买盘
6,09:30:17,59.94,2524124,421,卖盘
7,09:30:20,59.95,6921361,1155,买盘
8,09:30:23,59.94,3798921,634,中性盘
9,09:30:26,59.9,8568043,1433,卖盘
10,09:30:29,59.85,2688162,449,卖盘
11,09:30:32,59.92,2928407,489,买盘
12,09:30:35,59.93,3666286,612,买盘
13,09:30:38,59.84,6218920,1038,卖盘
14,09:30:41,59.91,3855584,644,买盘
15,09:30:44,59.93,3215612,537,买盘
16,09:30:47,59.97,5983736,998,买盘
17,09:30:50,60.02,9517410,1586,买盘
18,09:30:53,60.03,7582120,1263,买盘
19,09:30:56,60.04,11545579,1923,买盘
20,09:30:59,60.03,3674982,612,卖盘
21,09:31:02,60.05,6609917,1101,中性盘
22,09:31:05,60.06,1591182,265,买盘
23,09:31:08,60.04,4790414,798,卖盘
24,09:31:11,60.0,1698152,283,卖盘
25,09:31:14,59.97,2492701,416,卖盘
26,09:31:17,59.97,3338853,557,买盘
27,09:31:20,59.97,1588600,265,卖盘
28,09:31:23,59.89,2169840,362,卖盘
29,09:31:26,59.99,689651,115,买盘
30,09:31:29,59.98,1427050,238,卖盘
31,09:31:32,59.93,1601738,267,中性盘
32,09:31:35,59.98,3419320,570,中性盘
33,09:31:38,60.1,17085194,2846,买盘
34,09:31:41,60.09,3032176,505,卖盘
35,09:31:44,60.05,4021384,670,卖盘
36,09:31:47,60.0,2190240,365,卖盘
37,09:31:50,60.03,2136790,356,中性盘
38,09:31:53,60.08,546483,91,买盘
39,09:31:56,60.08,3001197,500,买盘
40,09:31:59,60.06,1825775,304,中性盘
41,09:32:02,60.08,4305661,717,买盘
42,09:32:05,60.0,1638982,273,卖盘
43,09:32:08,60.06,1644603,274,买盘
44,09:32:11,60.04,1038360,173,中性盘
45,09:32:14,60.06,4575417,762,买盘
46,09:32:17,60.1,6399872,1065,买盘
47,09:32:20,60.12,1827078,304,买盘
48,09:32:23,60.06,2798721,466,卖盘
49,09:32:26,60.12,914804,152,中性盘
50,09:32:29,60.12,330574,55,买盘
51,09:32:32,60.06,672907,112,卖盘
52,09:32:35,60.11,1262282,210,买盘
53,09:32:38,60.07,949138,158,卖盘
54,09:32:41,60.08,1165254,194,买盘
55,09:32:44,60.09,1099436,183,买盘
56,09:32:47,60.11,1009541,168,买盘
57,09:32:50,60.09,1994918,332,卖盘
58,09:32:53,60.02,5051607,841,卖盘
59,09:32:56,60.02,2425205,404,卖盘
60,09:32:59,60.03,1896820,316,卖盘
61,09:33:02,60.08,1014603,169,买盘
62,09:33:05,60.08,2406556,401,买盘
63,09:33:08,60.02,1441001,240,卖盘
64,09:33:11,60.02,474337,79,卖盘
65,09:33:14,60.03,1050674,175,买盘
66,09:33:17,60.02,1002516,167,卖盘
67,09:33:20,60.05,1284956,214,买盘
68,09:33:23,60.03,1177124,196,卖盘
69,09:33:26,60.05,1338838,223,买盘
70,09:33:29,60.03,996832,166,卖盘
71,09:33:32,60.04,1477140,246,中性盘
72,09:33:35,60.05,2035463,339,买盘
73,09:33:38,60.05,1057162,176,卖盘
74,09:33:41,60.15,13110862,2181,买盘
75,09:33:44,60.17,1052992,175,买盘
76,09:33:47,60.18,2551733,424,买盘
77,09:33:50,60.18,6007313,998,卖盘
78,09:33:53,60.22,2040892,339,买盘
79,09:33:56,60.23,3071622,510,买盘
80,09:33:59,60.22,2987673,496,卖盘
81,09:34:02,60.18,3112049,517,卖盘
82,09:34:05,60.19,2551181,424,买盘
83,09:34:08,60.13,3518488,585,卖盘
84,09:34:11,60.11,788202,131,中性盘
85,09:34:14,60.12,1400713,233,中性盘
86,09:34:17,60.11,697500,116,卖盘
87,09:34:20,60.15,1665611,277,中性盘
88,09:34:23,60.16,1317453,219,买盘
89,09:34:26,60.16,1408114,234,卖盘
90,09:34:29,60.16,1155385,192,卖盘
91,09:34:32,60.16,716003,119,卖盘
92,09:34:35,60.18,2580836,429,买盘
93,09:34:38,60.18,668004,111,卖盘
94,09:34:41,60.19,3382593,562,买盘
95,09:34:44,60.19,3786399,629,卖盘
96,09:34:47,60.2,493727,82,买盘
97,09:34:50,60.22,3408673,566,买盘
98,09:34:53,60.24,993697,165,买盘
99,09:34:56,60.23,5686638,944,中性盘
100,09:34:59,60.22,1920817,319,中性盘
101,09:35:02,60.19,2866114,476,卖盘
102,09:35:05,60.21,2173417,361,买盘
103,09:35:08,60.2,2011321,334,卖盘
104,09:35:11,60.21,1812502,301,买盘
105,09:35:14,60.24,1307101,217,买盘
106,09:35:17,60.21,812973,135,卖盘
107,09:35:20,60.22,879357,146,买盘
108,09:35:23,60.22,716650,119,卖盘
109,09:35:26,60.22,1734275,288,卖盘
110,09:35:29,60.16,4219096,701,卖盘
111,09:35:32,60.12,5809157,966,卖盘
112,09:35:35,60.16,1629319,271,买盘
113,09:35:38,60.16,541397,90,买盘
114,09:35:41,60.16,2803589,466,卖盘
115,09:35:44,60.18,3008245,500,买盘
116,09:35:47,60.17,1258130,209,卖盘
117,09:35:50,60.16,3364654,559,卖盘
118,09:35:53,60.18,547796,91,中性盘
119,09:35:56,60.19,481591,80,中性盘
120,09:35:59,60.18,1228353,204,卖盘
121,09:36:02,60.2,2637046,438,买盘
122,09:36:05,60.23,2624989,436,中性盘
123,09:36:08,60.22,879204,146,买盘
124,09:36:11,60.24,1379099,229,买盘
125,09:36:14,60.24,1132133,188,买盘
126,09:36:17,60.21,3781238,628,卖盘
127,09:36:20,60.21,1312615,218,买盘
128,09:36:23,60.21,2088801,347,卖盘
129,09:36:26,60.22,836835,139,买盘
130,09:36:29,60.21,939189,156,中性盘
131,09:36:32,60.22,837057,139,买盘
132,09:36:35,60.24,3174028,527,买盘
133,09:36:38,60.24,1475675,245,买盘
134,09:36:41,60.22,885362,147,卖盘
135,09:36:44,60.22,4595884,763,买盘
136,09:36:47,60.22,987590,164,买盘
137,09:36:50,60.2,2317925,385,卖盘
138,09:36:53,60.21,1498768,249,买盘
139,09:36:56,60.18,866773,144,卖盘
140,09:36:59,60.19,1498496,249,买盘
141,09:37:02,60.19,692175,115,买盘
142,09:37:05,60.19,1035323,172,中性盘
143,09:37:08,60.17,1426385,237,卖盘
144,09:37:11,60.17,3074301,511,买盘
145,09:37:14,60.17,1113317,185,买盘
146,09:37:17,60.15,1082994,180,卖盘
147,09:37:20,60.18,3934478,654,买盘
148,09:37:23,60.15,908069,151,买盘
149,09:37:26,60.16,415113,69,卖盘
150,09:37:29,60.17,2249658,374,买盘
151,09:37:32,60.16,908409,151,卖盘
152,09:37:35,60.16,1203079,200,买盘
153,09:37:38,60.15,577417,96,中性盘
154,09:37:41,60.16,463204,77,买盘
155,09:37:44,60.17,1101111,183,买盘
156,09:37:47,60.18,704190,117,卖盘
157,09:37:50,60.19,1859767,309,买盘
158,09:37:53,60.2,1926416,320,买盘
159,09:37:56,60.2,1667876,277,卖盘
160,09:37:59,60.22,2331201,387,中性盘
161,09:38:02,60.25,831361,138,买盘
162,09:38:05,60.26,4952407,822,买盘
163,09:38:08,60.25,668833,111,卖盘
164,09:38:11,60.26,4838820,803,买盘
165,09:38:14,60.25,4578714,760,卖盘
166,09:38:17,60.25,1337610,222,买盘
167,09:38:20,60.25,831444,138,买盘
168,09:38:23,60.24,668597,111,卖盘
169,09:38:26,60.24,3066104,509,买盘
170,09:38:29,60.26,2024457,336,买盘
171,09:38:32,60.26,2433503,404,买盘
172,09:38:35,60.26,1108870,184,卖盘
173,09:38:38,60.22,8049912,1336,卖盘
174,09:38:41,60.23,2699392,448,买盘
175,09:38:44,60.26,2427597,403,买盘
176,09:38:47,60.17,8386533,1394,卖盘
177,09:38:50,60.22,5806068,964,买盘
178,09:38:53,60.17,619814,103,中性盘
179,09:38:56,60.19,427238,71,买盘
180,09:38:59,60.22,2931836,487,买盘
181,09:39:02,60.19,1396665,232,卖盘
182,09:39:05,60.19,1017222,169,卖盘
183,09:39:08,60.19,1890263,314,买盘
184,09:39:11,60.16,680223,113,卖盘
185,09:39:14,60.15,1498827,249,卖盘
186,09:39:17,60.22,1035532,172,买盘
187,09:39:20,60.15,595657,99,卖盘
188,09:39:23,60.15,1245271,207,卖盘
189,09:39:26,60.15,1058666,176,买盘
190,09:39:29,60.15,1094615,182,买盘
191,09:39:32,60.14,402977,67,中性盘
192,09:39:35,60.15,2790071,464,买盘
193,09:39:38,60.11,980256,163,卖盘
194,09:39:41,60.12,1905547,317,买盘
195,09:39:44,60.11,667274,111,卖盘
196,09:39:47,60.12,619272,103,买盘
197,09:39:50,60.12,474874,79,卖盘
198,09:39:53,60.12,1533437,255,买盘
199,09:39:56,60.15,649401,108,买盘
200,09:39:59,60.15,4112717,684,买盘
201,09:40:02,60.12,1539265,256,卖盘
202,09:40:05,60.13,1574991,262,买盘
203,09:40:08,60.09,979609,163,卖盘
204,09:40:11,60.11,937668,156,中性盘
205,09:40:14,60.11,589137,98,卖盘
206,09:40:17,60.11,354733,59,卖盘
207,09:40:20,60.1,1087789,181,卖盘
208,09:40:23,60.1,1274175,212,买盘
209,09:40:26,60.1,667132,111,买盘
210,09:40:29,60.09,1021682,170,卖盘
211,09:40:32,60.07,2229263,371,卖盘
212,09:40:35,60.05,1231319,205,卖盘
213,09:40:38,60.05,540449,90,卖盘
214,09:40:41,60.05,474364,79,买盘
215,09:40:44,60.05,930779,155,买盘
216,09:40:47,60.04,264186,44,卖盘
217,09:40:50,60.04,1897306,316,卖盘
218,09:40:53,60.04,744521,124,卖盘
219,09:40:56,60.02,5157070,859,卖盘
220,09:40:59,60.01,918194,153,卖盘
221,09:41:02,59.95,11099030,1850,卖盘
222,09:41:05,59.96,3567966,595,中性盘
223,09:41:08,59.97,599651,100,中性盘
224,09:41:11,59.97,353828,59,卖盘
225,09:41:14,59.97,1540781,257,卖盘
226,09:41:17,59.99,1157530,193,买盘
227,09:41:20,59.99,1049777,175,卖盘
228,09:41:23,59.99,467952,78,卖盘
229,09:41:26,59.98,755743,126,卖盘
230,09:41:29,59.97,1601312,267,卖盘
231,09:41:32,59.94,1397171,233,卖盘
232,09:41:35,59.94,1072972,179,卖盘
233,09:41:38,59.92,1042661,174,卖盘
234,09:41:41,59.93,1216240,203,买盘
235,09:41:44,59.9,1030592,172,卖盘
236,09:41:47,59.91,4869874,813,中性盘
237,09:41:50,59.89,227604,38,卖盘
238,09:41:53,59.93,5050586,843,买盘
239,09:41:56,59.94,3224756,538,买盘
240,09:41:59,59.94,1055022,176,买盘
241,09:42:02,59.98,2614302,436,买盘
242,09:42:05,59.97,1193496,199,卖盘
243,09:42:08,59.97,293902,49,卖盘
244,09:42:11,59.97,1834744,306,卖盘
245,09:42:14,59.95,1522585,254,卖盘
246,09:42:17,59.97,1150968,192,买盘
247,09:42:20,59.95,575536,96,买盘
248,09:42:23,59.96,1487220,248,中性盘
249,09:42:26,59.96,173885,29,卖盘
250,09:42:29,59.96,1996591,333,卖盘
251,09:42:32,59.95,1001101,167,中性盘
252,09:42:35,59.95,929092,155,买盘
253,09:42:38,59.95,707259,118,买盘
254,09:42:41,59.94,431551,72,卖盘
255,09:42:44,59.93,1078849,180,卖盘
256,09:42:47,59.93,892990,149,卖盘
257,09:42:50,59.93,2996550,500,卖盘
258,09:42:53,59.93,2684988,448,卖盘
259,09:42:56,59.92,497368,83,卖盘
260,09:42:59,59.93,892858,149,买盘
261,09:43:02,59.92,2131770,356,买盘
262,09:43:05,59.97,1120953,187,买盘
263,09:43:08,59.97,599787,100,卖盘
264,09:43:11,59.98,233929,39,中性盘
265,09:43:14,59.98,647801,108,卖盘
266,09:43:17,60.0,1955957,326,买盘
267,09:43:20,59.99,923814,154,卖盘
268,09:43:23,59.99,125991,21,卖盘
269,09:43:26,59.99,1055840,176,卖盘
270,09:43:29,59.99,833612,139,买盘
271,09:43:32,59.97,2369629,395,卖盘
272,09:43:35,59.98,2272984,379,卖盘
273,09:43:38,59.98,743756,124,卖盘
274,09:43:41,59.93,1613178,269,卖盘
275,09:43:44,59.97,305825,51,买盘
276,09:43:47,59.96,149911,25,卖盘
277,09:43:50,59.95,407681,68,卖盘
278,09:43:53,59.95,1001216,167,卖盘
279,09:43:56,59.94,952911,159,中性盘
280,09:43:59,59.94,3662455,611,买盘
281,09:44:02,59.93,377601,63,卖盘
282,09:44:05,59.94,2470563,412,买盘
283,09:44:08,59.94,7150790,1193,卖盘
284,09:44:11,59.93,389505,65,中性盘
285,09:44:14,59.93,982792,164,买盘
286,09:44:17,59.93,1138667,190,卖盘
287,09:44:20,59.92,916890,153,卖盘
288,09:44:23,59.9,1521673,254,卖盘
289,09:44:26,59.9,2402166,401,卖盘
290,09:44:29,59.88,862472,144,卖盘
291,09:44:32,59.88,538948,90,卖盘
292,09:44:35,59.87,868150,145,卖盘
293,09:44:38,59.95,4931155,823,买盘
294,09:44:41,59.93,923140,154,卖盘
295,09:44:44,59.93,617344,103,卖盘
296,09:44:47,59.93,7025369,1173,卖盘
297,09:44:50,59.93,227734,38,卖盘
298,09:44:53,59.93,221719,37,买盘
299,09:44:56,59.92,47931,8,中性盘
300,09:44:59,59.92,778878,130,买盘
301,09:45:02,59.9,353412,59,卖盘
302,09:45:05,59.9,688746,115,卖盘
303,09:45:08,59.92,1545713,258,买盘
304,09:45:11,59.92,1108661,185,卖盘
305,09:45:14,59.91,2175097,363,卖盘
306,09:45:17,59.9,395376,66,卖盘
307,09:45:20,59.9,646941,108,卖盘
308,09:45:23,59.9,515140,86,卖盘
309,09:45:26,59.9,1329574,222,买盘
310,09:45:29,59.89,682834,114,中性盘
311,09:45:32,59.89,2120045,354,卖盘
312,09:45:35,59.89,610917,102,卖盘
313,09:45:38,59.89,197652,33,卖盘
314,09:45:41,59.89,724704,121,卖盘
315,09:45:44,59.88,479104,80,卖盘
316,09:45:47,59.89,443123,74,买盘
317,09:45:50,59.89,538933,90,买盘
318,09:45:53,59.87,323335,54,卖盘
319,09:45:56,59.88,754481,126,买盘
320,09:45:59,59.88,1173721,196,卖盘
321,09:46:02,59.87,2203612,368,卖盘
322,09:46:05,59.85,1700085,284,卖盘
323,09:46:08,59.83,1161043,194,卖盘
324,09:46:11,59.84,3285325,549,买盘
325,09:46:14,59.83,394730,66,买盘
326,09:46:17,59.83,119652,20,买盘
327,09:46:20,59.83,1160344,194,买盘
328,09:46:23,59.81,1178374,197,卖盘
329,09:46:26,59.82,1196502,200,买盘
330,09:46:29,59.82,472615,79,卖盘
331,09:46:32,59.83,1369923,229,中性盘
332,09:46:35,59.82,1447573,242,卖盘
333,09:46:38,59.82,406813,68,买盘
334,09:46:41,59.85,766022,128,买盘
335,09:46:44,59.87,574525,96,买盘
336,09:46:47,59.84,1041102,174,卖盘
337,09:46:50,59.83,3499473,585,卖盘
338,09:46:53,59.83,724047,121,卖盘
339,09:46:56,59.83,634149,106,买盘
340,09:46:59,59.82,831521,139,卖盘
341,09:47:02,59.8,1309765,219,卖盘
342,09:47:05,59.8,807365,135,卖盘
343,09:47:08,59.81,837277,140,买盘
344,09:47:11,59.82,759680,127,买盘
345,09:47:14,59.85,2034275,340,买盘
346,09:47:17,59.88,1305078,218,买盘
347,09:47:20,59.87,2017582,337,中性盘
348,09:47:23,59.86,682514,114,卖盘
349,09:47:26,59.86,766157,128,卖盘
350,09:47:29,59.87,933751,156,买盘
351,09:47:32,59.88,4329817,723,买盘
352,09:47:35,59.89,1215529,203,买盘
353,09:47:38,59.88,634803,106,中性盘
354,09:47:41,59.89,179666,30,买盘
355,09:47:44,59.89,215583,36,买盘
356,09:47:47,59.88,155691,26,卖盘
357,09:47:50,59.89,509030,85,买盘
358,09:47:53,59.88,239530,40,卖盘
359,09:47:56,59.89,3023402,505,买盘
360,09:47:59,59.87,814411,136,卖盘
361,09:48:02,59.85,760066,127,卖盘
362,09:48:05,59.85,185539,31,卖盘
363,09:48:08,59.85,436920,73,卖盘
364,09:48:11,59.81,2429027,406,卖盘
365,09:48:14,59.81,753848,126,卖盘
366,09:48:17,59.82,1596998,267,中性盘
367,09:48:20,59.85,3744613,626,买盘
368,09:48:23,59.82,759726,127,卖盘
369,09:48:26,59.82,753824,126,卖盘
370,09:48:29,59.83,1824470,305,中性盘
371,09:48:32,59.82,1770626,296,卖盘
372,09:48:35,59.82,1711018,286,卖盘
373,09:48:38,59.82,1076999,180,买盘
374,09:48:41,59.82,813561,136,卖盘
375,09:48:44,59.84,628252,105,中性盘
376,09:48:47,59.82,526512,88,卖盘
377,09:48:50,59.82,1609290,269,卖盘
378,09:48:53,59.84,155552,26,中性盘
379,09:48:56,59.86,855769,143,买盘
380,09:48:59,59.89,2807411,469,买盘
381,09:49:02,59.89,2581417,431,卖盘
382,09:49:05,59.9,359354,60,买盘
383,09:49:08,59.9,407269,68,卖盘
384,09:49:11,59.93,346740,58,买盘
385,09:49:14,59.93,281675,47,买盘
386,09:49:17,59.94,3732726,623,中性盘
387,09:49:20,59.96,2049610,342,买盘
388,09:49:23,59.96,389687,65,买盘
389,09:49:26,59.96,1133223,189,卖盘
390,09:49:29,59.99,1421760,237,买盘
391,09:49:32,60.01,2957999,493,买盘
392,09:49:35,60.0,678075,113,卖盘
393,09:49:38,60.01,1122065,187,买盘
394,09:49:41,60.0,708060,118,卖盘
395,09:49:44,59.99,1505985,251,卖盘
396,09:49:47,60.0,2309462,385,买盘
397,09:49:50,59.99,191960,32,卖盘
398,09:49:53,59.96,347781,58,卖盘
399,09:49:56,59.94,233797,39,卖盘
400,09:49:59,59.94,305701,51,卖盘
401,09:50:02,59.93,2229449,372,卖盘
402,09:50:05,59.92,275605,46,买盘
403,09:50:08,59.91,539184,90,卖盘
404,09:50:11,59.91,131803,22,卖盘
405,09:50:14,59.9,5023219,838,卖盘
406,09:50:17,59.9,455246,76,卖盘
407,09:50:20,59.88,1503452,251,卖盘
408,09:50:23,59.85,7210486,1204,卖盘
409,09:50:26,59.84,676097,113,卖盘
410,09:50:29,59.81,1836410,307,卖盘
411,09:50:32,59.81,974903,163,卖盘
412,09:50:35,59.8,1118273,187,卖盘
413,09:50:38,59.8,831248,139,卖盘
414,09:50:41,59.8,568895,95,卖盘
415,09:50:44,59.8,1273752,213,卖盘
416,09:50:47,59.8,711676,119,卖盘
417,09:50:50,59.8,2553567,427,卖盘
418,09:50:53,59.81,520268,87,买盘
419,09:50:56,59.81,2045456,342,买盘
420,09:50:59,59.83,1220456,204,买盘
421,09:51:02,59.82,771654,129,买盘
422,09:51:05,59.81,293073,49,卖盘
423,09:51:08,59.85,3015696,504,买盘
424,09:51:11,59.82,167502,28,卖盘
425,09:51:14,59.85,1364256,228,买盘
426,09:51:17,59.82,1346100,225,卖盘
427,09:51:20,59.82,765702,128,卖盘
428,09:51:23,59.83,1579140,264,卖盘
429,09:51:26,59.82,1196392,200,买盘
430,09:51:29,59.82,370886,62,卖盘
431,09:51:32,59.82,999065,167,卖盘
432,09:51:35,59.83,640114,107,买盘
433,09:51:38,59.82,185462,31,卖盘
434,09:51:41,59.83,807619,135,买盘
435,09:51:44,59.83,77781,13,卖盘
436,09:51:47,59.86,323146,54,买盘
437,09:51:50,59.83,329099,55,卖盘
438,09:51:53,59.85,167550,28,买盘
439,09:51:56,59.85,113714,19,买盘
440,09:51:59,59.85,131670,22,买盘
441,09:52:02,59.85,406968,68,卖盘
442,09:52:05,59.84,1053375,176,卖盘
443,09:52:08,59.85,843757,141,买盘
444,09:52:11,59.84,1011314,169,卖盘
445,09:52:14,59.84,897549,150,卖盘
446,09:52:17,59.83,1370152,229,卖盘
447,09:52:20,59.82,1944155,325,卖盘
448,09:52:23,59.78,14081148,2355,卖盘
449,09:52:26,59.77,1738833,291,中性盘
450,09:52:29,59.78,2731716,457,买盘
451,09:52:32,59.78,992370,166,卖盘
452,09:52:35,59.78,1213534,203,卖盘
453,09:52:38,59.78,561929,94,卖盘
454,09:52:41,59.77,400490,67,卖盘
455,09:52:44,59.77,65747,11,卖盘
456,09:52:47,59.77,1105764,185,卖盘
457,09:52:50,59.77,699205,117,中性盘
458,09:52:53,59.79,2229824,373,买盘
459,09:52:56,59.79,328799,55,卖盘
460,09:52:59,59.79,1626116,272,卖盘
461,09:53:02,59.79,400615,67,卖盘
462,09:53:05,59.79,2816747,471,卖盘
463,09:53:08,59.79,1333396,223,卖盘
464,09:53:11,59.79,203321,34,卖盘
465,09:53:14,59.79,532161,89,卖盘
466,09:53:17,59.81,747591,125,买盘
467,09:53:20,59.82,2260820,378,买盘
468,09:53:23,59.8,16146167,2700,卖盘
469,09:53:26,59.81,520324,87,买盘
470,09:53:29,59.8,358814,60,卖盘
471,09:53:32,59.81,1758390,294,买盘
472,09:53:35,59.81,1543186,258,卖盘
473,09:53:38,59.82,1160328,194,中性盘
474,09:53:41,59.88,3500523,585,买盘
475,09:53:44,59.89,826432,138,买盘
476,09:53:47,59.89,1983006,331,卖盘
477,09:53:50,59.89,293561,49,卖盘
478,09:53:53,59.91,736849,123,买盘
479,09:53:56,59.91,635010,106,买盘
480,09:53:59,59.9,3803279,635,卖盘
481,09:54:02,59.87,197590,33,卖盘
482,09:54:05,59.86,969841,162,卖盘
483,09:54:08,59.85,646475,108,卖盘
484,09:54:11,59.85,819953,137,卖盘
485,09:54:14,59.85,754239,126,卖盘
486,09:54:17,59.88,2567579,429,买盘
487,09:54:20,59.86,401059,67,卖盘
488,09:54:23,59.84,323199,54,卖盘
489,09:54:26,59.86,185546,31,买盘
490,09:54:29,59.86,742289,124,买盘
491,09:54:32,59.86,544825,91,卖盘
492,09:54:35,59.87,23166679,3873,卖盘
493,09:54:38,59.88,1802744,301,买盘
494,09:54:41,59.87,2245459,375,卖盘
495,09:54:44,59.89,317381,53,买盘
496,09:54:47,59.91,371380,62,买盘
497,09:54:50,59.9,569095,95,卖盘
498,09:54:53,59.91,2791259,466,买盘
499,09:54:56,59.9,365424,61,卖盘
500,09:54:59,59.89,143737,24,卖盘
501,09:55:02,59.91,628937,105,买盘
502,09:55:05,59.88,2742541,458,卖盘
503,09:55:08,59.89,1616842,270,买盘
504,09:55:11,59.84,1478731,247,卖盘
505,09:55:14,59.88,454875,76,买盘
506,09:55:17,59.87,1215338,203,卖盘
507,09:55:20,59.87,335266,56,中性盘
508,09:55:23,59.9,1533170,256,买盘
509,09:55:26,59.89,808290,135,卖盘
510,09:55:29,59.85,1203269,201,卖盘
511,09:55:32,59.85,778017,130,卖盘
512,09:55:35,59.83,741920,124,卖盘
513,09:55:38,59.85,1502135,251,买盘
514,09:55:41,59.86,1669949,279,买盘
515,09:55:44,59.86,1298879,217,卖盘
516,09:55:47,59.86,1298945,217,卖盘
517,09:55:50,59.85,1298906,217,卖盘
518,09:55:53,59.87,502775,84,买盘
519,09:55:56,59.89,1436855,240,买盘
520,09:55:59,59.89,329361,55,买盘
521,09:56:02,59.88,2910674,486,卖盘
522,09:56:05,59.86,341204,57,卖盘
523,09:56:08,59.86,395078,66,卖盘
524,09:56:11,59.86,808111,135,卖盘
525,09:56:14,59.86,383052,64,买盘
526,09:56:17,59.85,640402,107,卖盘
527,09:56:20,59.85,8505491,1422,卖盘
528,09:56:23,59.81,903186,151,卖盘
529,09:56:26,59.85,239266,40,买盘
530,09:56:29,59.84,675949,113,中性盘
531,09:56:32,59.84,592349,99,卖盘
532,09:56:35,59.85,1675204,280,买盘
533,09:56:38,59.84,448828,75,卖盘
534,09:56:41,59.83,3614754,604,卖盘
535,09:56:44,59.82,502600,84,卖盘
536,09:56:47,59.81,1495467,250,卖盘
537,09:56:50,59.81,735676,123,卖盘
538,09:56:53,59.81,1495168,250,卖盘
539,09:56:56,59.82,592063,99,买盘
540,09:56:59,59.81,460511,77,卖盘
541,09:57:02,59.81,1907718,319,买盘
542,09:57:05,59.81,831273,139,买盘
543,09:57:08,59.8,1477147,247,卖盘
544,09:57:11,59.81,1913661,320,买盘
545,09:57:14,59.8,460466,77,卖盘
546,09:57:17,59.8,4317705,722,卖盘
547,09:57:20,59.8,1070473,179,卖盘
548,09:57:23,59.81,388724,65,买盘
549,09:57:26,59.8,281096,47,卖盘
550,09:57:29,59.81,1914009,320,买盘
551,09:57:32,59.81,376803,63,卖盘
552,09:57:35,59.81,885191,148,卖盘
553,09:57:38,59.82,478488,80,买盘
554,09:57:41,59.81,598108,100,卖盘
555,09:57:44,59.82,1028902,172,买盘
556,09:57:47,59.83,364917,61,买盘
557,09:57:50,59.83,2184018,365,卖盘
558,09:57:53,59.84,1256521,210,买盘
559,09:57:56,59.84,490741,82,卖盘
560,09:57:59,59.85,430904,72,中性盘
561,09:58:02,59.84,293256,49,卖盘
562,09:58:05,59.84,1227043,205,卖盘
563,09:58:08,59.83,2507311,419,卖盘
564,09:58:11,59.81,2626098,439,卖盘
565,09:58:14,59.8,2134999,357,卖盘
566,09:58:17,59.8,4975400,832,卖盘
567,09:58:20,59.78,28248666,4724,卖盘
568,09:58:23,59.75,376526,63,卖盘
569,09:58:26,59.78,119524,20,中性盘
570,09:58:29,59.76,926362,155,卖盘
571,09:58:32,59.76,89640,15,卖盘
572,09:58:35,59.76,352592,59,卖盘
573,09:58:38,59.76,944112,158,买盘
574,09:58:41,59.75,746889,125,卖盘
575,09:58:44,59.76,501882,84,买盘
576,09:58:47,59.75,2414043,404,卖盘
577,09:58:50,59.75,274865,46,卖盘
578,09:58:53,59.75,573620,96,卖盘
579,09:58:56,59.75,1344377,225,卖盘
580,09:58:59,59.75,466049,78,买盘
581,09:59:02,59.74,1607091,269,卖盘
582,09:59:05,59.73,370369,62,卖盘
583,09:59:08,59.74,579455,97,买盘
584,09:59:11,59.74,1093155,183,卖盘
585,09:59:14,59.73,477884,80,卖盘
586,09:59:17,59.72,3320794,556,卖盘
587,09:59:20,59.72,1379710,231,中性盘
588,09:59:23,59.72,585225,98,卖盘
589,09:59:26,59.71,1307673,219,卖盘
590,09:59:29,59.71,1391342,233,买盘
591,09:59:32,59.71,238841,40,卖盘
592,09:59:35,59.72,925557,155,买盘
593,09:59:38,59.71,435899,73,卖盘
594,09:59:41,59.7,513487,86,卖盘
595,09:59:44,59.7,1325458,222,卖盘
596,09:59:47,59.7,292538,49,卖盘
597,09:59:50,59.72,1450859,243,买盘
598,09:59:53,59.72,1068878,179,买盘
599,09:59:56,59.72,3517009,589,卖盘
600,09:59:59,59.72,6585615,1103,卖盘
601,10:00:02,59.72,1140647,191,卖盘
602,10:00:05,59.72,871699,146,买盘
603,10:00:08,59.7,2316400,388,卖盘
604,10:00:11,59.7,650675,109,买盘
605,10:00:14,59.74,2006290,336,买盘
606,10:00:17,59.72,430062,72,卖盘
607,10:00:20,59.72,519621,87,卖盘
608,10:00:23,59.7,1176559,197,卖盘
609,10:00:26,59.7,411979,69,卖盘
610,10:00:29,59.7,197020,33,卖盘
611,10:00:32,59.69,1313214,220,卖盘
612,10:00:35,59.7,1062555,178,买盘
613,10:00:38,59.69,1969553,330,买盘
614,10:00:41,59.68,1605487,269,卖盘
615,10:00:44,59.69,405848,68,中性盘
616,10:00:47,59.7,1767050,296,买盘
617,10:00:50,59.72,268663,45,买盘
618,10:00:53,59.71,519465,87,卖盘
619,10:00:56,59.74,776455,130,买盘
620,10:00:59,59.74,340500,57,中性盘
621,10:01:02,59.75,848126,142,买盘
622,10:01:05,59.75,692947,116,买盘
623,10:01:08,59.74,394277,66,卖盘
624,10:01:11,59.71,549534,92,卖盘
625,10:01:14,59.75,1324646,222,买盘
626,10:01:17,59.73,358381,60,卖盘
627,10:01:20,59.7,4682508,784,卖盘
628,10:01:23,59.69,1695047,284,卖盘
629,10:01:26,59.69,1723828,289,卖盘
630,10:01:29,59.69,584987,98,卖盘
631,10:01:32,59.69,626755,105,卖盘
632,10:01:35,59.69,1092662,183,卖盘
633,10:01:38,59.69,991048,166,卖盘
634,10:01:41,59.7,185076,31,卖盘
635,10:01:44,59.7,1110832,186,卖盘
636,10:01:47,59.71,179126,30,中性盘
637,10:01:50,59.73,842183,141,买盘
638,10:01:53,59.73,1911300,320,卖盘
639,10:01:56,59.73,1511171,253,买盘
640,10:01:59,59.73,1702305,285,卖盘
641,10:02:02,59.73,471788,79,卖盘
642,10:02:05,59.72,298613,50,中性盘
643,10:02:08,59.73,226912,38,买盘
644,10:02:11,59.71,734509,123,卖盘
645,10:02:14,59.7,328436,55,卖盘
646,10:02:17,59.72,429945,72,买盘
647,10:02:20,59.71,256751,43,中性盘
648,10:02:23,59.74,1899272,318,买盘
649,10:02:26,59.76,567599,95,买盘
650,10:02:29,59.76,119515,20,买盘
651,10:02:32,59.76,203177,34,买盘
652,10:02:35,59.76,549720,92,买盘
653,10:02:38,59.75,555659,93,卖盘
654,10:02:41,59.74,406222,68,卖盘
655,10:02:44,59.74,232934,39,买盘
656,10:02:47,59.7,1050941,176,卖盘
657,10:02:50,59.71,782106,131,买盘
658,10:02:53,59.71,167176,28,买盘
659,10:02:56,59.71,358221,60,买盘
660,10:02:59,59.71,2597186,435,买盘
661,10:03:02,59.71,579214,97,卖盘
662,10:03:05,59.71,591129,99,卖盘
663,10:03:08,59.72,328414,55,买盘
664,10:03:11,59.7,913538,153,卖盘
665,10:03:14,59.71,161220,27,卖盘
666,10:03:17,59.71,340350,57,卖盘
667,10:03:20,59.71,615000,103,买盘
668,10:03:23,59.71,453781,76,买盘
669,10:03:26,59.71,483680,81,买盘
670,10:03:29,59.71,400075,67,卖盘
671,10:03:32,59.71,979367,164,卖盘
672,10:03:35,59.73,603050,101,买盘
673,10:03:38,59.71,722553,121,卖盘
674,10:03:41,59.72,352331,59,买盘
675,10:03:44,59.72,232894,39,买盘
676,10:03:47,59.71,1582427,265,卖盘
677,10:03:50,59.73,250841,42,买盘
678,10:03:53,59.73,125423,21,买盘
679,10:03:56,59.73,197086,33,买盘
680,10:03:59,59.72,334443,56,卖盘
681,10:04:02,59.71,3589432,601,卖盘
682,10:04:05,59.71,853878,143,卖盘
683,10:04:08,59.7,650781,109,卖盘
684,10:04:11,59.71,501498,84,买盘
685,10:04:14,59.7,501553,84,卖盘
686,10:04:17,59.7,907455,152,卖盘
687,10:04:20,59.7,471645,79,卖盘
688,10:04:23,59.7,202988,34,卖盘
689,10:04:26,59.7,179110,30,卖盘
690,10:04:29,59.7,274643,46,卖盘
691,10:04:32,59.7,513420,86,卖盘
692,10:04:35,59.73,1773697,297,买盘
693,10:04:38,59.73,89605,15,卖盘
694,10:04:41,59.75,2246433,376,买盘
695,10:04:44,59.76,454092,76,买盘
696,10:04:47,59.75,107561,18,中性盘
697,10:04:50,59.74,1857942,311,卖盘
698,10:04:53,59.75,221056,37,买盘
699,10:04:56,59.75,167297,28,买盘
700,10:04:59,59.74,926079,155,卖盘
701,10:05:02,59.73,1206760,202,卖盘
702,10:05:05,59.74,669706,112,买盘
703,10:05:08,59.75,149358,25,买盘
704,10:05:11,59.74,639293,107,卖盘
705,10:05:14,59.75,173275,29,买盘
706,10:05:17,59.76,974010,163,买盘
707,10:05:20,59.76,316738,53,卖盘
708,10:05:23,59.76,788846,132,卖盘
709,10:05:26,59.76,251013,42,卖盘
710,10:05:29,59.76,388442,65,卖盘
711,10:05:32,59.74,1661022,278,卖盘
712,10:05:35,59.75,250921,42,买盘
713,10:05:38,59.74,370399,62,卖盘
714,10:05:41,59.75,328612,55,买盘
715,10:05:44,59.75,1218793,204,买盘
716,10:05:47,59.75,483995,81,卖盘
717,10:05:50,59.75,310701,52,卖盘
718,10:05:53,59.75,1613040,270,买盘
719,10:05:56,59.75,382394,64,买盘
720,10:05:59,59.75,2025485,339,买盘
721,10:06:02,59.75,1087351,182,买盘
722,10:06:05,59.71,907890,152,卖盘
723,10:06:08,59.77,1792942,300,买盘
724,10:06:11,59.76,358509,60,卖盘
725,10:06:14,59.77,890448,149,买盘
726,10:06:17,59.76,340654,57,卖盘
727,10:06:20,59.76,274910,46,卖盘
728,10:06:23,59.75,591604,99,卖盘
729,10:06:26,59.75,1171227,196,卖盘
730,10:06:29,59.76,866424,145,买盘
731,10:06:32,59.75,645359,108,卖盘
732,10:06:35,59.75,609482,102,卖盘
733,10:06:38,59.75,513862,86,卖盘
734,10:06:41,59.75,478004,80,卖盘
735,10:06:44,59.74,23895,4,卖盘
736,10:06:47,59.75,949875,159,买盘
737,10:06:50,59.75,238996,40,买盘
738,10:06:53,59.76,746964,125,买盘
739,10:06:56,59.77,41837,7,买盘
740,10:06:59,59.77,800744,134,买盘
741,10:07:02,59.78,71726,12,买盘
742,10:07:05,59.71,1391726,233,卖盘
743,10:07:08,59.75,454124,76,买盘
744,10:07:11,59.75,179222,30,买盘
745,10:07:14,59.75,1093425,183,买盘
746,10:07:17,59.75,167304,28,卖盘
747,10:07:20,59.76,585647,98,买盘
748,10:07:23,59.76,209161,35,卖盘
749,10:07:26,59.77,771019,129,买盘
750,10:07:29,59.77,113565,19,卖盘
751,10:07:32,59.78,35865,6,买盘
752,10:07:35,59.81,4215457,705,买盘
753,10:07:38,59.81,466517,78,买盘
754,10:07:41,59.81,406764,68,卖盘
755,10:07:44,59.82,699954,117,中性盘
756,10:07:47,59.81,1130369,189,卖盘
757,10:07:50,59.82,107676,18,买盘
758,10:07:53,59.8,574246,96,卖盘
759,10:07:56,59.78,1453462,243,卖盘
760,10:07:59,59.79,896849,150,卖盘
761,10:08:02,59.78,3132619,524,卖盘
762,10:08:05,59.78,346753,58,卖盘
763,10:08:08,59.78,932805,156,卖盘
764,10:08:11,59.8,298964,50,买盘
765,10:08:14,59.8,795176,133,买盘
766,10:08:17,59.8,1327635,222,买盘
767,10:08:20,59.82,1011012,169,买盘
768,10:08:23,59.82,245341,41,卖盘
769,10:08:26,59.84,47871,8,中性盘
770,10:08:29,59.83,143606,24,卖盘
771,10:08:32,59.83,424838,71,卖盘
772,10:08:35,59.84,71799,12,买盘
773,10:08:38,59.82,281178,47,卖盘
774,10:08:41,59.82,161524,27,卖盘
775,10:08:44,59.82,705900,118,卖盘
776,10:08:47,59.8,1094770,183,卖盘
777,10:08:50,59.83,454651,76,买盘
778,10:08:53,59.82,341014,57,卖盘
779,10:08:56,59.83,646175,108,买盘
780,10:08:59,59.84,299138,50,买盘
781,10:09:02,59.83,275235,46,卖盘
782,10:09:05,59.83,269200,45,卖盘
783,10:09:08,59.82,837426,140,卖盘
784,10:09:11,59.8,855168,143,卖盘
785,10:09:14,59.82,358806,60,买盘
786,10:09:17,59.82,346896,58,买盘
787,10:09:20,59.83,2267494,379,买盘
788,10:09:23,59.83,682078,114,卖盘
789,10:09:26,59.82,765840,128,卖盘
790,10:09:29,59.83,125643,21,买盘
791,10:09:32,59.83,137609,23,买盘
792,10:09:35,59.82,819604,137,卖盘
793,10:09:38,59.83,819596,137,买盘
794,10:09:41,59.83,245300,41,买盘
795,10:09:44,59.84,592236,99,买盘
796,10:09:47,59.84,873699,146,买盘
797,10:09:50,59.83,3703570,619,卖盘
798,10:09:53,59.85,598481,100,买盘
799,10:09:56,59.84,1280649,214,卖盘
800,10:09:59,59.81,604204,101,卖盘
801,10:10:02,59.82,1297948,217,中性盘
802,10:10:05,59.8,586110,98,卖盘
803,10:10:08,59.82,879147,147,买盘
804,10:10:11,59.84,1052841,176,买盘
805,10:10:14,59.81,305166,51,卖盘
806,10:10:17,59.82,340974,57,卖盘
807,10:10:20,59.82,299101,50,买盘
808,10:10:23,59.82,113672,19,卖盘
809,10:10:26,59.83,5983,1,买盘
810,10:10:29,59.82,293138,49,卖盘
811,10:10:32,59.83,251273,42,买盘
812,10:10:35,59.82,257244,43,卖盘
813,10:10:38,59.83,107693,18,买盘
814,10:10:41,59.82,705894,118,卖盘
815,10:10:44,59.82,741783,124,卖盘
816,10:10:47,59.81,1710673,286,卖盘
817,10:10:50,59.83,1555426,260,买盘
818,10:10:53,59.81,173461,29,卖盘
819,10:10:56,59.82,53846,9,中性盘
820,10:10:59,59.84,604309,101,买盘
821,10:11:02,59.84,1280531,214,买盘
822,10:11:05,59.85,484718,81,买盘
823,10:11:08,59.85,520695,87,买盘
824,10:11:11,59.85,137648,23,买盘
825,10:11:14,59.85,430918,72,买盘
826,10:11:17,59.85,71820,12,买盘
827,10:11:20,59.85,610304,102,买盘
828,10:11:23,59.85,2824914,472,买盘
829,10:11:26,59.83,1663794,278,卖盘
830,10:11:29,59.82,706049,118,卖盘
831,10:11:32,59.82,813603,136,卖盘
832,10:11:35,59.81,340952,57,卖盘
833,10:11:38,59.8,550190,92,卖盘
834,10:11:41,59.81,77751,13,买盘
835,10:11:44,59.81,520302,87,买盘
836,10:11:47,59.82,287065,48,买盘
837,10:11:50,59.81,263157,44,中性盘
838,10:11:53,59.8,789415,132,卖盘
839,10:11:56,59.8,137548,23,卖盘
840,10:11:59,59.8,305013,51,卖盘
841,10:12:02,59.8,227271,38,卖盘
842,10:12:05,59.79,873030,146,卖盘
843,10:12:08,59.8,298985,50,买盘
844,10:12:11,59.82,185402,31,买盘
845,10:12:14,59.8,227240,38,买盘
846,10:12:17,59.8,95688,16,买盘
847,10:12:20,59.8,83744,14,卖盘
848,10:12:23,59.8,287057,48,卖盘
849,10:12:26,59.81,388810,65,中性盘
850,10:12:29,59.81,986899,165,中性盘
851,10:12:32,59.81,586217,98,卖盘
852,10:12:35,59.83,215367,36,买盘
853,10:12:38,59.83,346997,58,买盘
854,10:12:41,59.83,95724,16,买盘
855,10:12:44,59.83,12400572,2074,买盘
856,10:12:47,59.82,119629,20,买盘
857,10:12:50,59.85,2094285,350,买盘
858,10:12:53,59.82,17949,3,中性盘
859,10:12:56,59.84,95708,16,中性盘
860,10:12:59,59.83,41881,7,中性盘
861,10:13:02,59.84,299240,50,买盘
862,10:13:05,59.83,526515,88,卖盘
863,10:13:08,59.84,89747,15,买盘
864,10:13:11,59.83,448773,75,卖盘
865,10:13:14,59.84,682128,114,买盘
866,10:13:17,59.84,335079,56,买盘
867,10:13:20,59.82,291569,49,卖盘
868,10:13:23,59.81,1604773,268,卖盘
869,10:13:26,59.79,867062,145,卖盘
870,10:13:29,59.81,1130436,189,买盘
871,10:13:32,59.81,2518028,421,卖盘
872,10:13:35,59.81,472531,79,卖盘
873,10:13:38,59.81,903194,151,卖盘
874,10:13:41,59.81,293086,49,卖盘
875,10:13:44,59.81,167492,28,卖盘
876,10:13:47,59.81,149537,25,卖盘
877,10:13:50,59.82,149528,25,买盘
878,10:13:53,59.82,173478,29,买盘
879,10:13:56,59.82,269149,45,卖盘
880,10:13:59,59.81,275143,46,卖盘
881,10:14:02,59.81,1088431,182,卖盘
882,10:14:05,59.81,125601,21,卖盘
883,10:14:08,59.81,657815,110,买盘
884,10:14:11,59.79,113629,19,卖盘
885,10:14:14,59.8,161471,27,买盘
886,10:14:17,59.8,17940,3,买盘
887,10:14:20,59.8,113617,19,买盘
888,10:14:23,59.79,281019,47,卖盘
889,10:14:26,59.78,633772,106,卖盘
890,10:14:29,59.79,77732,13,中性盘
891,10:14:32,59.78,83704,14,卖盘
892,10:14:35,59.8,597917,100,买盘
893,10:14:38,59.78,645698,108,卖盘
894,10:14:41,59.8,197312,33,买盘
895,10:14:44,59.79,2738006,458,买盘
896,10:14:47,59.78,209258,35,卖盘
897,10:14:50,59.8,962721,161,买盘
898,10:14:53,59.8,568075,95,买盘
899,10:14:56,59.79,370733,62,卖盘
900,10:14:59,59.8,406639,68,买盘
901,10:15:02,59.8,304959,51,买盘
902,10:15:05,59.8,1040498,174,买盘
903,10:15:08,59.79,304936,51,卖盘
904,10:15:11,59.79,429862,72,卖盘
905,10:15:14,59.79,292989,49,卖盘
906,10:15:17,59.82,1423340,238,买盘
907,10:15:20,59.8,412679,69,卖盘
908,10:15:23,59.8,490358,82,买盘
909,10:15:26,59.8,346841,58,买盘
910,10:15:29,59.8,101656,17,买盘
911,10:15:32,59.8,113636,19,卖盘
912,10:15:35,59.8,1465113,245,卖盘
913,10:15:38,59.8,107641,18,卖盘
914,10:15:41,59.81,454565,76,买盘
915,10:15:44,59.8,275102,46,卖盘
916,10:15:47,59.81,161481,27,买盘
917,10:15:50,59.8,95693,16,卖盘
918,10:15:53,59.8,131564,22,卖盘
919,10:15:56,59.8,119618,20,卖盘
920,10:15:59,59.8,71764,12,卖盘
921,10:16:02,59.8,364792,61,卖盘
922,10:16:05,59.8,1423260,238,卖盘
923,10:16:08,59.8,544199,91,卖盘
924,10:16:11,59.8,394715,66,卖盘
925,10:16:14,59.8,442536,74,卖盘
926,10:16:17,59.8,137556,23,卖盘
927,10:16:20,59.8,149523,25,卖盘
928,10:16:23,59.8,107640,18,卖盘
929,10:16:26,59.81,107653,18,买盘
930,10:16:29,59.81,998661,167,买盘
931,10:16:32,59.8,83726,14,卖盘
932,10:16:35,59.8,346877,58,卖盘
933,10:16:38,59.8,944865,158,卖盘
934,10:16:41,59.81,233257,39,买盘
935,10:16:44,59.81,1124322,188,卖盘
936,10:16:47,59.81,89711,15,中性盘
937,10:16:50,59.81,293097,49,中性盘
938,10:16:53,59.81,125605,21,卖盘
939,10:16:56,59.82,89730,15,买盘
940,10:16:59,59.82,35888,6,买盘
941,10:17:02,59.82,293114,49,买盘
942,10:17:05,59.82,394823,66,买盘
943,10:17:08,59.83,526501,88,买盘
944,10:17:11,59.86,2851324,476,买盘
945,10:17:14,59.86,2902929,485,买盘
946,10:17:17,59.86,29930,5,买盘
947,10:17:20,59.87,946087,158,买盘
948,10:17:23,59.88,143712,24,买盘
949,10:17:26,59.87,221548,37,卖盘
950,10:17:29,59.87,179609,30,卖盘
951,10:17:32,59.88,580803,97,买盘
952,10:17:35,59.88,17964,3,买盘
953,10:17:38,59.87,748478,125,卖盘
954,10:17:41,59.87,5874074,981,买盘
955,10:17:44,59.86,401109,67,卖盘
956,10:17:47,59.87,976042,163,中性盘
957,10:17:50,59.88,143712,24,买盘
958,10:17:53,59.88,179640,30,买盘
959,10:17:56,59.88,83827,14,买盘
960,10:17:59,59.87,1047752,175,卖盘
961,10:18:02,59.87,317268,53,卖盘
962,10:18:05,59.87,454947,76,买盘
963,10:18:08,59.85,305296,51,卖盘
964,10:18:11,59.84,131686,22,卖盘
965,10:18:14,59.86,221432,37,买盘
966,10:18:17,59.81,688000,115,卖盘
967,10:18:20,59.8,921007,154,卖盘
968,10:18:23,59.81,4389362,734,中性盘
969,10:18:26,59.83,1668709,279,买盘
970,10:18:29,59.79,1184267,198,卖盘
971,10:18:32,59.77,1213573,203,卖盘
972,10:18:35,59.78,125522,21,买盘
973,10:18:38,59.78,191293,32,买盘
974,10:18:41,59.77,352666,59,卖盘
975,10:18:44,59.76,669319,112,卖盘
976,10:18:47,59.75,376482,63,卖盘
977,10:18:50,59.75,555730,93,卖盘
978,10:18:53,59.75,579614,97,卖盘
979,10:18:56,59.75,1147200,192,卖盘
980,10:18:59,59.75,699085,117,卖盘
981,10:19:02,59.75,197178,33,卖盘
982,10:19:05,59.74,1894070,317,卖盘
983,10:19:08,59.73,155355,26,卖盘
984,10:19:11,59.75,59748,10,买盘
985,10:19:14,59.75,77657,13,买盘
986,10:19:17,59.73,483890,81,卖盘
987,10:19:20,59.74,238955,40,买盘
988,10:19:23,59.73,298693,50,卖盘
989,10:19:26,59.74,585383,98,买盘
990,10:19:29,59.74,364396,61,买盘
991,10:19:32,59.74,221021,37,卖盘
992,10:19:35,59.77,1015844,170,买盘
993,10:19:38,59.74,1087641,182,卖盘
994,10:19:41,59.76,161348,27,卖盘
995,10:19:44,59.76,41827,7,卖盘
996,10:19:47,59.74,89620,15,卖盘
997,10:19:50,59.76,149364,25,买盘
998,10:19:53,59.74,137422,23,卖盘
999,10:19:56,59.74,89628,15,卖盘
1000,10:19:59,59.74,47794,8,卖盘
1001,10:20:02,59.75,155333,26,买盘
1002,10:20:05,59.74,167284,28,卖盘
1003,10:20:08,59.75,227016,38,买盘
1004,10:20:11,59.75,41821,7,买盘
1005,10:20:14,59.74,107536,18,卖盘
1006,10:20:17,59.74,227004,38,卖盘
1007,10:20:20,59.74,627256,105,买盘
1008,10:20:23,59.74,704822,118,买盘
1009,10:20:26,59.73,280713,47,卖盘
1010,10:20:29,59.72,3571267,598,卖盘
1011,10:20:32,59.71,859959,144,卖盘
1012,10:20:35,59.73,143340,24,买盘
1013,10:20:38,59.71,513522,86,卖盘
1014,10:20:41,59.71,238850,40,卖盘
1015,10:20:44,59.71,1719658,288,卖盘
1016,10:20:47,59.68,18201702,3049,卖盘
1017,10:20:50,59.68,519220,87,卖盘
1018,10:20:53,59.69,1295176,217,买盘
1019,10:20:56,59.68,1497871,251,卖盘
1020,10:20:59,59.67,107412,18,卖盘
1021,10:21:02,59.67,202896,34,卖盘
1022,10:21:05,59.68,268533,45,买盘
1023,10:21:08,59.67,311711,52,卖盘
1024,10:21:11,59.67,41768,7,买盘
1025,10:21:14,59.66,244638,41,卖盘
1026,10:21:17,59.66,363927,61,卖盘
1027,10:21:20,59.66,2798155,469,卖盘
1028,10:21:23,59.66,1193206,200,卖盘
1029,10:21:26,59.65,155095,26,卖盘
1030,10:21:29,59.65,751614,126,卖盘
1031,10:21:32,59.65,835107,140,卖盘
1032,10:21:35,59.65,268430,45,卖盘
1033,10:21:38,59.66,602474,101,买盘
1034,10:21:41,59.65,524952,88,卖盘
1035,10:21:44,59.64,906688,152,卖盘
1036,10:21:47,59.64,274360,46,卖盘
1037,10:21:50,59.64,512874,86,卖盘
1038,10:21:53,59.64,834941,140,买盘
1039,10:21:56,59.63,232563,39,卖盘
1040,10:21:59,59.63,286247,48,卖盘
1041,10:22:02,59.63,554561,93,卖盘
1042,10:22:05,59.62,244479,41,卖盘
1043,10:22:08,59.63,113287,19,买盘
1044,10:22:11,59.62,125207,21,卖盘
1045,10:22:14,59.62,2337109,392,卖盘
1046,10:22:17,59.62,1657231,278,买盘
1047,10:22:20,59.61,178848,30,卖盘
1048,10:22:23,59.61,453046,76,卖盘
1049,10:22:26,59.61,327858,55,卖盘
1050,10:22:29,59.61,721291,121,卖盘
1051,10:22:32,59.62,154998,26,买盘
1052,10:22:35,59.62,441123,74,买盘
1053,10:22:38,59.61,196723,33,卖盘
1054,10:22:41,59.62,864384,145,买盘
1055,10:22:44,59.62,666239,112,买盘
1056,10:22:47,59.61,894199,150,卖盘
1057,10:22:50,59.62,244415,41,买盘
1058,10:22:53,59.62,923970,155,买盘
1059,10:22:56,59.62,333857,56,买盘
1060,10:22:59,59.62,119238,20,买盘
1061,10:23:02,59.62,572344,96,买盘
1062,10:23:05,59.63,1454737,244,买盘
1063,10:23:08,59.63,113271,19,买盘
1064,10:23:11,59.63,160998,27,买盘
1065,10:23:14,59.63,202748,34,买盘
1066,10:23:17,59.63,178870,30,买盘
1067,10:23:20,59.63,2748232,461,卖盘
1068,10:23:23,59.6,4333100,727,卖盘
1069,10:23:26,59.62,1054950,177,买盘
1070,10:23:29,59.6,351720,59,卖盘
1071,10:23:32,59.61,160946,27,中性盘
1072,10:23:35,59.61,298050,50,卖盘
1073,10:23:38,59.6,2491285,418,卖盘
1074,10:23:41,59.6,4052849,680,卖盘
1075,10:23:44,59.61,435106,73,买盘
1076,10:23:47,59.61,1412699,237,买盘
1077,10:23:50,59.61,542491,91,卖盘
1078,10:23:53,59.61,250348,42,卖盘
1079,10:23:56,59.61,107291,18,中性盘
1080,10:23:59,59.61,226550,38,买盘
1081,10:24:02,59.6,852304,143,卖盘
1082,10:24:05,59.6,166887,28,卖盘
1083,10:24:08,59.61,429175,72,买盘
1084,10:24:11,59.6,345723,58,卖盘
1085,10:24:14,59.61,864343,145,买盘
1086,10:24:17,59.61,214590,36,卖盘
1087,10:24:20,59.62,125204,21,买盘
1088,10:24:23,59.6,286152,48,卖盘
1089,10:24:26,59.62,536665,90,中性盘
1090,10:24:29,59.63,226590,38,买盘
1091,10:24:32,59.64,59634,10,买盘
1092,10:24:35,59.64,83494,14,买盘
1093,10:24:38,59.63,465116,78,卖盘
1094,10:24:41,59.63,184880,31,中性盘
1095,10:24:44,59.65,638102,107,买盘
1096,10:24:47,59.65,262458,44,买盘
1097,10:24:50,59.65,137174,23,中性盘
1098,10:24:53,59.65,190858,32,中性盘
1099,10:24:56,59.64,172931,29,卖盘
1100,10:24:59,59.64,638227,107,买盘
1101,10:25:02,59.64,262431,44,卖盘
1102,10:25:05,59.65,292258,49,买盘
1103,10:25:08,59.64,262420,44,卖盘
1104,10:25:11,59.65,483099,81,买盘
1105,10:25:14,59.64,131216,22,卖盘
1106,10:25:17,59.66,441471,74,买盘
1107,10:25:20,59.66,89495,15,卖盘
1108,10:25:23,59.65,149151,25,卖盘
1109,10:25:26,59.65,137201,23,卖盘
1110,10:25:29,59.65,232639,39,买盘
1111,10:25:32,59.64,268422,45,卖盘
1112,10:25:35,59.65,137195,23,买盘
1113,10:25:38,59.65,167020,28,买盘
1114,10:25:41,59.65,345970,58,买盘
1115,10:25:44,59.65,77550,13,卖盘
1116,10:25:47,59.65,208778,35,卖盘
1117,10:25:50,59.64,608478,102,卖盘
1118,10:25:53,59.65,250529,42,买盘
1119,10:25:56,59.64,238588,40,卖盘
1120,10:25:59,59.64,101400,17,卖盘
1121,10:26:02,59.64,876717,147,卖盘
1122,10:26:05,59.64,1556616,261,卖盘
1123,10:26:08,59.65,190855,32,买盘
1124,10:26:11,59.64,1496814,251,卖盘
1125,10:26:14,59.65,644131,108,买盘
1126,10:26:17,59.65,429480,72,买盘
1127,10:26:20,59.65,113338,19,买盘
1128,10:26:23,59.66,95456,16,买盘
1129,10:26:26,59.66,5966,1,买盘
1130,10:26:29,59.66,214776,36,买盘
1131,10:26:32,59.66,184945,31,买盘
1132,10:26:35,59.66,286368,48,买盘
1133,10:26:38,59.66,29831,5,卖盘
1134,10:26:41,59.66,47731,8,卖盘
1135,10:26:44,59.67,1497700,251,买盘
1136,10:26:47,59.67,83539,14,买盘
1137,10:26:50,59.67,363952,61,卖盘
1138,10:26:53,59.68,459463,77,买盘
1139,10:26:56,59.68,232718,39,买盘
1140,10:26:59,59.67,244655,41,卖盘
1141,10:27:02,59.66,1091950,183,卖盘
1142,10:27:05,59.66,1079818,181,卖盘
1143,10:27:08,59.66,662214,111,买盘
1144,10:27:11,59.66,274410,46,买盘
1145,10:27:14,59.66,149149,25,买盘
1146,10:27:17,59.66,375807,63,买盘
1147,10:27:20,59.66,71589,12,买盘
1148,10:27:23,59.66,95453,16,买盘
1149,10:27:26,59.65,501065,84,卖盘
1150,10:27:29,59.65,441410,74,卖盘
1151,10:27:32,59.65,244561,41,买盘
1152,10:27:35,59.65,65606,11,买盘
1153,10:27:38,59.65,155080,26,买盘
1154,10:27:41,59.65,23859,4,买盘
1155,10:27:44,59.64,500978,84,卖盘
1156,10:27:47,59.63,304146,51,卖盘
1157,10:27:50,59.64,59633,10,买盘
1158,10:27:53,59.63,423379,71,卖盘
1159,10:27:56,59.62,1687294,283,卖盘
1160,10:27:59,59.6,5578961,936,卖盘
1161,10:28:02,59.6,530435,89,买盘
1162,10:28:05,59.6,178788,30,买盘
1163,10:28:08,59.6,2300612,386,买盘
1164,10:28:11,59.62,369530,62,买盘
1165,10:28:14,59.6,601983,101,卖盘
1166,10:28:17,59.61,321848,54,中性盘
1167,10:28:20,59.62,321905,54,买盘
1168,10:28:23,59.62,83468,14,买盘
1169,10:28:26,59.62,65582,11,卖盘
1170,10:28:29,59.62,387532,65,卖盘
1171,10:28:32,59.62,202708,34,买盘
1172,10:28:35,59.62,166932,28,买盘
1173,10:28:38,59.62,417340,70,买盘
1174,10:28:41,59.61,798795,134,卖盘
1175,10:28:44,59.61,178821,30,买盘
1176,10:28:47,59.6,2098796,352,卖盘
1177,10:28:50,59.62,1162232,195,中性盘
1178,10:28:53,59.62,71534,12,中性盘
1179,10:28:56,59.63,5963,1,买盘
1180,10:28:59,59.61,560336,94,卖盘
1181,10:29:02,59.61,977630,164,卖盘
1182,10:29:05,59.61,816657,137,卖盘
1183,10:29:08,59.61,2032712,341,买盘
1184,10:29:11,59.62,29810,5,卖盘
1185,10:29:14,59.62,238485,40,卖盘
1186,10:29:17,59.62,77509,13,卖盘
1187,10:29:20,59.63,53667,9,买盘
1188,10:29:23,59.62,316032,53,卖盘
1189,10:29:26,59.62,560442,94,卖盘
1190,10:29:29,59.61,518656,87,卖盘
1191,10:29:32,59.61,542458,91,卖盘
1192,10:29:35,59.6,512649,86,卖盘
1193,10:29:38,59.6,500652,84,卖盘
1194,10:29:41,59.61,286106,48,买盘
1195,10:29:44,59.6,208602,35,卖盘
1196,10:29:47,59.6,3432966,576,卖盘
1197,10:29:50,59.6,745009,125,卖盘
1198,10:29:53,59.6,1293296,217,买盘
1199,10:29:56,59.6,309901,52,买盘
1200,10:29:59,59.59,154938,26,卖盘
1201,10:30:02,59.6,1668582,280,买盘
1202,10:30:05,59.59,208576,35,卖盘
1203,10:30:08,59.6,464872,78,买盘
1204,10:30:11,59.61,655680,110,买盘
1205,10:30:14,59.62,655769,110,买盘
1206,10:30:17,59.64,262364,44,买盘
1207,10:30:20,59.64,107350,18,买盘
1208,10:30:23,59.63,345860,58,卖盘
1209,10:30:26,59.64,113316,19,买盘
1210,10:30:29,59.64,775308,130,买盘
1211,10:30:32,59.63,149096,25,卖盘
1212,10:30:35,59.63,912494,153,买盘
1213,10:30:38,59.63,244481,41,卖盘
1214,10:30:41,59.63,53667,9,买盘
1215,10:30:44,59.62,912051,153,卖盘
1216,10:30:47,59.62,512691,86,买盘
1217,10:30:50,59.62,351700,59,买盘
1218,10:30:53,59.61,238434,40,中性盘
1219,10:30:56,59.6,1060886,178,卖盘
1220,10:30:59,59.6,631760,106,买盘
1221,10:31:02,59.6,381440,64,买盘
1222,10:31:05,59.6,101330,17,卖盘
1223,10:31:08,59.6,172845,29,卖盘
1224,10:31:11,59.61,357652,60,买盘
1225,10:31:14,59.6,137093,23,卖盘
1226,10:31:17,59.6,303960,51,卖盘
1227,10:31:20,59.6,1430509,240,卖盘
1228,10:31:23,59.6,601970,101,卖盘
1229,10:31:26,59.61,1620952,272,买盘
1230,10:31:29,59.6,399316,67,中性盘
1231,10:31:32,59.6,172823,29,买盘
1232,10:31:35,59.6,399315,67,买盘
1233,10:31:38,59.6,327778,55,买盘
1234,10:31:41,59.61,65561,11,买盘
1235,10:31:44,59.6,661565,111,卖盘
1236,10:31:47,59.6,643647,108,卖盘
1237,10:31:50,59.6,739039,124,中性盘
1238,10:31:53,59.6,840332,141,卖盘
1239,10:31:56,59.61,738979,124,买盘
1240,10:31:59,59.61,596057,100,买盘
1241,10:32:02,59.6,280126,47,卖盘
1242,10:32:05,59.6,917846,154,卖盘
1243,10:32:08,59.6,393358,66,买盘
1244,10:32:11,59.6,1305140,219,买盘
1245,10:32:14,59.6,131116,22,买盘
1246,10:32:17,59.6,220519,37,买盘
1247,10:32:20,59.59,834363,140,卖盘
1248,10:32:23,59.59,154957,26,卖盘
1249,10:32:26,59.6,202639,34,买盘
1250,10:32:29,59.6,327800,55,买盘
1251,10:32:32,59.6,494700,83,买盘
1252,10:32:35,59.6,41724,7,卖盘
1253,10:32:38,59.61,453038,76,买盘
1254,10:32:41,59.61,339790,57,卖盘
1255,10:32:44,59.6,369569,62,卖盘
1256,10:32:47,59.61,65572,11,买盘
1257,10:32:50,59.61,286129,48,卖盘
1258,10:32:53,59.61,17883,3,卖盘
1259,10:32:56,59.61,226520,38,卖盘
1260,10:32:59,59.61,399393,67,卖盘
1261,10:33:02,59.61,41733,7,卖盘
1262,10:33:05,59.62,89427,15,买盘
1263,10:33:08,59.63,1073209,180,买盘
1264,10:33:11,59.62,441211,74,卖盘
1265,10:33:14,59.63,101370,17,买盘
1266,10:33:17,59.62,590295,99,卖盘
1267,10:33:20,59.61,816703,137,卖盘
1268,10:33:23,59.61,989435,166,卖盘
1269,10:33:26,59.61,1716513,288,买盘
1270,10:33:29,59.6,774869,130,卖盘
1271,10:33:32,59.61,119205,20,买盘
1272,10:33:35,59.6,83443,14,卖盘
1273,10:33:38,59.61,405348,68,买盘
1274,10:33:41,59.6,53642,9,卖盘
1275,10:33:44,59.61,387410,65,买盘
1276,10:33:47,59.6,131130,22,卖盘
1277,10:33:50,59.6,458985,77,卖盘
1278,10:33:53,59.61,59610,10,买盘
1279,10:33:56,59.6,184786,31,卖盘
1280,10:33:59,59.61,286128,48,买盘
1281,10:34:02,59.63,882432,148,买盘
1282,10:34:05,59.62,1073651,180,买盘
1283,10:34:08,59.62,435221,73,卖盘
1284,10:34:11,59.62,232514,39,买盘
1285,10:34:14,59.63,17889,3,中性盘
1286,10:34:17,59.66,65621,11,买盘
1287,10:34:20,59.63,2028052,340,中性盘
1288,10:34:23,59.64,11927,2,中性盘
1289,10:34:26,59.63,41741,7,中性盘
1290,10:34:29,59.64,184840,31,买盘
1291,10:34:32,59.63,155050,26,卖盘
1292,10:34:35,59.63,53668,9,卖盘
1293,10:34:38,59.64,328020,55,买盘
1294,10:34:41,59.64,256485,43,卖盘
1295,10:34:44,59.64,626220,105,卖盘
1296,10:34:47,59.64,202776,34,买盘
1297,10:34:50,59.64,268430,45,中性盘
1298,10:34:53,59.64,35789,6,卖盘
1299,10:34:56,59.64,882761,148,卖盘
1300,10:34:59,59.64,202772,34,买盘
1301,10:35:02,59.63,972006,163,卖盘
1302,10:35:05,59.64,322061,54,买盘
1303,10:35:08,59.65,584480,98,中性盘
1304,10:35:11,59.63,1502908,252,卖盘
1305,10:35:14,59.65,936293,157,买盘
1306,10:35:17,59.64,161038,27,卖盘
1307,10:35:20,59.65,339926,57,买盘
1308,10:35:23,59.64,155081,26,卖盘
1309,10:35:26,59.64,125244,21,卖盘
1310,10:35:29,59.65,316132,53,买盘
1311,10:35:32,59.65,65614,11,买盘
1312,10:35:35,59.66,226708,38,买盘
1313,10:35:38,59.66,155106,26,买盘
1314,10:35:41,59.67,95459,16,买盘
1315,10:35:44,59.66,113345,19,中性盘
1316,10:35:47,59.66,847011,142,买盘
1317,10:35:50,59.65,2028259,340,卖盘
1318,10:35:53,59.63,650269,109,中性盘
1319,10:35:56,59.66,29830,5,中性盘
1320,10:35:59,59.65,178936,30,中性盘
1321,10:36:02,59.66,680124,114,买盘
1322,10:36:05,59.66,71590,12,买盘
1323,10:36:08,59.66,322141,54,买盘
1324,10:36:11,59.66,155116,26,买盘
1325,10:36:14,59.67,65637,11,买盘
1326,10:36:17,59.68,167092,28,买盘
1327,10:36:20,59.7,537217,90,买盘
1328,10:36:23,59.7,298493,50,买盘
1329,10:36:26,59.7,364170,61,买盘
1330,10:36:29,59.7,149249,25,买盘
1331,10:36:32,59.71,1641745,275,买盘
1332,10:36:35,59.71,59709,10,买盘
1333,10:36:38,59.71,441852,74,买盘
1334,10:36:41,59.71,424020,71,买盘
1335,10:36:44,59.74,179211,30,买盘
1336,10:36:47,59.72,298601,50,卖盘
1337,10:36:50,59.71,621060,104,卖盘
1338,10:36:53,59.7,1701523,285,卖盘
1339,10:36:56,59.72,292591,49,买盘
1340,10:36:59,59.7,656963,110,卖盘
1341,10:37:02,59.7,1039003,174,卖盘
1342,10:37:05,59.7,429920,72,买盘
1343,10:37:08,59.7,388050,65,买盘
1344,10:37:11,59.74,238942,40,买盘
1345,10:37:14,59.74,101554,17,买盘
1346,10:37:17,59.72,1816082,304,卖盘
1347,10:37:20,59.73,179175,30,买盘
1348,10:37:23,59.7,203032,34,卖盘
1349,10:37:26,59.71,35826,6,买盘
1350,10:37:29,59.69,811876,136,卖盘
1351,10:37:32,59.7,322424,54,买盘
1352,10:37:35,59.69,471534,79,中性盘
1353,10:37:38,59.68,155210,26,中性盘
1354,10:37:41,59.7,280548,47,买盘
1355,10:37:44,59.69,17906,3,中性盘
1356,10:37:47,59.67,441628,74,卖盘
1357,10:37:50,59.69,5969,1,中性盘
1358,10:37:53,59.69,190997,32,买盘
1359,10:37:56,59.69,101484,17,卖盘
1360,10:37:59,59.69,1360614,228,卖盘
1361,10:38:02,59.67,1342913,225,卖盘
1362,10:38:05,59.65,47720,8,买盘
1363,10:38:08,59.65,53678,9,买盘
1364,10:38:11,59.65,95428,16,买盘
1365,10:38:14,59.65,214731,36,买盘
1366,10:38:17,59.63,834809,140,卖盘
1367,10:38:20,59.66,244619,41,买盘
1368,10:38:23,59.68,214810,36,买盘
1369,10:38:26,59.68,220817,37,卖盘
1370,10:38:29,59.68,441632,74,卖盘
1371,10:38:32,59.65,358004,60,卖盘
1372,10:38:35,59.66,107374,18,中性盘
1373,10:38:38,59.67,226699,38,买盘
1374,10:38:41,59.66,125286,21,中性盘
1375,10:38:44,59.66,143184,24,卖盘
1376,10:38:47,59.66,131252,22,卖盘
1377,10:38:50,59.66,95457,16,卖盘
1378,10:38:53,59.66,71592,12,卖盘
1379,10:38:56,59.66,1783839,299,卖盘
1380,10:38:59,59.66,65622,11,买盘
1381,10:39:02,59.64,125254,21,卖盘
1382,10:39:05,59.62,196778,33,卖盘
1383,10:39:08,59.63,435246,73,买盘
1384,10:39:11,59.63,107334,18,卖盘
1385,10:39:14,59.63,11926,2,买盘
1386,10:39:17,59.63,351815,59,买盘
1387,10:39:20,59.63,59636,10,卖盘
1388,10:39:23,59.64,41745,7,买盘
1389,10:39:26,59.63,23852,4,卖盘
1390,10:39:29,59.64,757411,127,买盘
1391,10:39:32,59.64,35784,6,卖盘
1392,10:39:35,59.64,6690709,1122,卖盘
1393,10:39:38,59.64,328027,55,买盘
1394,10:39:41,59.63,304136,51,卖盘
1395,10:39:44,59.63,536670,90,卖盘
1396,10:39:47,59.63,95408,16,买盘
1397,10:39:50,59.63,316037,53,买盘
1398,10:39:53,59.63,125203,21,买盘
1399,10:39:56,59.62,77506,13,卖盘
1400,10:39:59,59.62,673728,113,卖盘
1401,10:40:02,59.62,155011,26,买盘
1402,10:40:05,59.62,137132,23,买盘
1403,10:40:08,59.61,292096,49,卖盘
1404,10:40:11,59.61,1013391,170,卖盘
1405,10:40:14,59.61,137107,23,卖盘
1406,10:40:17,59.62,41733,7,买盘
1407,10:40:20,59.61,107301,18,卖盘
1408,10:40:23,59.62,47695,8,买盘
1409,10:40:26,59.61,166913,28,卖盘
1410,10:40:29,59.61,160968,27,卖盘
1411,10:40:32,59.62,274216,46,买盘
1412,10:40:35,59.61,1400836,235,卖盘
1413,10:40:38,59.61,757047,127,卖盘
1414,10:40:41,59.61,226518,38,买盘
1415,10:40:44,59.61,53653,9,买盘
1416,10:40:47,59.6,71528,12,卖盘
1417,10:40:50,59.59,5119495,859,卖盘
1418,10:40:53,59.59,1936498,325,卖盘
1419,10:40:56,59.59,858078,144,买盘
1420,10:40:59,59.59,131103,22,卖盘
1421,10:41:02,59.6,1316683,221,买盘
1422,10:41:05,59.59,1614800,271,中性盘
1423,10:41:08,59.59,119178,20,买盘
1424,10:41:11,59.61,1186052,199,买盘
1425,10:41:14,59.61,298002,50,买盘
1426,10:41:17,59.61,220552,37,买盘
1427,10:41:20,59.62,89416,15,买盘
1428,10:41:23,59.62,23845,4,买盘
1429,10:41:26,59.61,35766,6,卖盘
1430,10:41:29,59.61,488875,82,卖盘
1431,10:41:32,59.63,447187,75,买盘
1432,10:41:35,59.62,566453,95,卖盘
1433,10:41:38,59.63,125205,21,中性盘
1434,10:41:41,59.63,11926,2,买盘
1435,10:41:44,59.6,4899843,822,卖盘
1436,10:41:47,59.62,506605,85,买盘
1437,10:41:50,59.61,23844,4,买盘
1438,10:41:53,59.61,11922,2,买盘
1439,10:41:56,59.61,29805,5,买盘
1440,10:41:59,59.6,274166,46,卖盘
1441,10:42:02,59.6,375532,63,中性盘
1442,10:42:05,59.6,417184,70,卖盘
1443,10:42:08,59.59,417136,70,卖盘
1444,10:42:11,59.6,1251444,210,买盘
1445,10:42:14,59.59,232426,39,卖盘
1446,10:42:17,59.58,71507,12,卖盘
1447,10:42:20,59.58,190659,32,卖盘
1448,10:42:23,59.59,83420,14,买盘
1449,10:42:26,59.6,148983,25,买盘
1450,10:42:29,59.58,655393,110,卖盘
1451,10:42:32,59.59,47672,8,卖盘
1452,10:42:35,59.58,101294,17,卖盘
1453,10:42:38,59.58,303879,51,卖盘
1454,10:42:41,59.58,315787,53,卖盘
1455,10:42:44,59.58,387273,65,卖盘
1456,10:42:47,59.58,178748,30,卖盘
1457,10:42:50,59.58,685183,115,卖盘
1458,10:42:53,59.58,280030,47,卖盘
1459,10:42:56,59.58,738793,124,卖盘
1460,10:42:59,59.58,285984,48,卖盘
1461,10:43:02,59.58,399187,67,卖盘
1462,10:43:05,59.57,2799936,470,卖盘
1463,10:43:08,59.57,399125,67,卖盘
1464,10:43:11,59.58,297854,50,买盘
1465,10:43:14,59.57,589767,99,卖盘
1466,10:43:17,59.56,2156390,362,卖盘
1467,10:43:20,59.56,714749,120,卖盘
1468,10:43:23,59.57,333556,56,买盘
1469,10:43:26,59.56,41697,7,卖盘
1470,10:43:29,59.56,154857,26,卖盘
1471,10:43:32,59.56,2269555,381,卖盘
1472,10:43:35,59.56,47648,8,买盘
1473,10:43:38,59.55,226297,38,卖盘
1474,10:43:41,59.55,101243,17,卖盘
1475,10:43:44,59.56,398995,67,买盘
1476,10:43:47,59.55,613366,103,卖盘
1477,10:43:50,59.55,89330,15,卖盘
1478,10:43:53,59.57,3579665,601,买盘
1479,10:43:56,59.58,625559,105,买盘
1480,10:43:59,59.59,584000,98,买盘
1481,10:44:02,59.59,166856,28,卖盘
1482,10:44:05,59.59,65547,11,卖盘
1483,10:44:08,59.58,53622,9,卖盘
1484,10:44:11,59.59,71503,12,买盘
1485,10:44:14,59.59,95333,16,买盘
1486,10:44:17,59.56,1137697,191,卖盘
1487,10:44:20,59.56,160826,27,卖盘
1488,10:44:23,59.57,285889,48,买盘
1489,10:44:26,59.57,410976,69,买盘
1490,10:44:29,59.56,279968,47,卖盘
1491,10:44:32,59.56,71466,12,卖盘
1492,10:44:35,59.57,53608,9,中性盘
1493,10:44:38,59.56,131039,22,卖盘
1494,10:44:41,59.57,512280,86,买盘
1495,10:44:44,59.56,95314,16,卖盘
1496,10:44:47,59.58,345460,58,买盘
1497,10:44:50,59.57,285914,48,卖盘
1498,10:44:53,59.58,524302,88,买盘
1499,10:44:56,59.58,137036,23,卖盘
1500,10:44:59,59.59,244292,41,买盘
1501,10:45:02,59.59,89385,15,买盘
1502,10:45:05,59.58,285995,48,卖盘
1503,10:45:08,59.58,327694,55,卖盘
1504,10:45:11,59.58,703082,118,卖盘
1505,10:45:14,59.58,172794,29,卖盘
1506,10:45:17,59.58,262153,44,卖盘
1507,10:45:20,59.59,214496,36,买盘
1508,10:45:23,59.59,89383,15,买盘
1509,10:45:26,59.59,834170,140,买盘
1510,10:45:29,59.58,137035,23,卖盘
1511,10:45:32,59.58,524305,88,卖盘
1512,10:45:35,59.58,434944,73,卖盘
1513,10:45:38,59.58,107244,18,卖盘
1514,10:45:41,59.58,375361,63,卖盘
1515,10:45:44,59.58,83416,14,卖盘
1516,10:45:47,59.59,125139,21,买盘
1517,10:45:50,59.58,113208,19,卖盘
1518,10:45:53,59.58,244281,41,卖盘
1519,10:45:56,59.59,166826,28,买盘
1520,10:45:59,59.58,77454,13,卖盘
1521,10:46:02,59.58,810294,136,卖盘
1522,10:46:05,59.58,863910,145,买盘
1523,10:46:08,59.58,65540,11,卖盘
1524,10:46:11,59.58,113202,19,卖盘
1525,10:46:14,59.59,83423,14,买盘
1526,10:46:17,59.58,17874,3,卖盘
1527,10:46:20,59.58,327695,55,卖盘
1528,10:46:23,59.58,17875,3,卖盘
1529,10:46:26,59.58,125119,21,卖盘
1530,10:46:29,59.59,172803,29,买盘
1531,10:46:32,59.59,363439,61,买盘
1532,10:46:35,59.58,71499,12,卖盘
1533,10:46:38,59.58,238325,40,卖盘
1534,10:46:41,59.58,339606,57,卖盘
1535,10:46:44,59.59,59582,10,买盘
1536,10:46:47,59.59,3040882,510,买盘
1537,10:46:50,59.59,154934,26,卖盘
1538,10:46:53,59.59,71508,12,卖盘
1539,10:46:56,59.6,244321,41,买盘
1540,10:47:02,59.59,11918,2,买盘
1541,10:47:05,59.59,536280,90,买盘
1542,10:47:08,59.58,172796,29,卖盘
1543,10:47:11,59.59,137057,23,买盘
1544,10:47:14,59.59,178774,30,卖盘
1545,10:47:17,59.6,5960,1,买盘
1546,10:47:20,59.59,530315,89,卖盘
1547,10:47:23,59.59,196646,33,卖盘
1548,10:47:26,59.59,256200,43,买盘
1549,10:47:29,59.58,232381,39,卖盘
1550,10:47:32,59.59,107257,18,买盘
1551,10:47:35,59.59,41710,7,买盘
1552,10:47:38,59.58,71501,12,卖盘
1553,10:47:41,59.59,428992,72,买盘
1554,10:47:44,59.59,423091,71,买盘
1555,10:47:47,59.63,3838742,644,买盘
1556,10:47:50,59.63,518771,87,买盘
1557,10:47:53,59.65,399641,67,买盘
1558,10:47:56,59.62,1168681,196,卖盘
1559,10:47:59,59.62,143069,24,买盘
1560,10:48:02,59.62,23848,4,买盘
1561,10:48:05,59.62,924109,155,买盘
1562,10:48:08,59.6,1418639,238,卖盘
1563,10:48:11,59.62,41729,7,中性盘
1564,10:48:14,59.62,35772,6,卖盘
1565,10:48:17,59.62,101359,17,卖盘
1566,10:48:20,59.63,23850,4,买盘
1567,10:48:23,59.64,363743,61,买盘
1568,10:48:26,59.63,256427,43,卖盘
1569,10:48:29,59.63,113298,19,卖盘
1570,10:48:32,59.65,2934842,492,买盘
1571,10:48:35,59.64,590433,99,卖盘
1572,10:48:38,59.64,11928,2,卖盘
1573,10:48:41,59.65,310177,52,买盘
1574,10:48:44,59.66,161070,27,买盘
1575,10:48:47,59.66,173014,29,买盘
1576,10:48:50,59.66,1151435,193,买盘
1577,10:48:56,59.66,35797,6,卖盘
1578,10:48:59,59.67,286386,48,买盘
1579,10:49:02,59.67,89503,15,买盘
1580,10:49:05,59.66,238669,40,卖盘
1581,10:49:08,59.66,465357,78,卖盘
1582,10:49:11,59.67,161106,27,买盘
1583,10:49:14,59.64,3686952,618,卖盘
1584,10:49:17,59.63,745591,125,卖盘
1585,10:49:20,59.65,161027,27,买盘
1586,10:49:23,59.65,662223,111,卖盘
1587,10:49:26,59.66,387774,65,买盘
1588,10:49:29,59.66,226730,38,卖盘
1589,10:49:32,59.67,113366,19,买盘
1590,10:49:35,59.66,125299,21,卖盘
1591,10:49:38,59.67,107403,18,买盘
1592,10:49:41,59.67,328174,55,买盘
1593,10:49:44,59.67,548963,92,买盘
1594,10:49:47,59.67,584835,98,卖盘
1595,10:49:50,59.68,232736,39,买盘
1596,10:49:53,59.68,238720,40,买盘
1597,10:49:56,59.68,113394,19,买盘
1598,10:49:59,59.68,113409,19,卖盘
1599,10:50:02,59.69,758060,127,买盘
1600,10:50:05,59.68,1163762,195,卖盘
1601,10:50:08,59.68,543088,91,买盘
1602,10:50:11,59.68,328238,55,买盘
1603,10:50:14,59.69,232786,39,买盘
1604,10:50:17,59.69,47750,8,买盘
1605,10:50:20,59.69,208915,35,买盘
1606,10:50:23,59.69,77589,13,买盘
1607,10:50:26,59.7,1116370,187,买盘
1608,10:50:29,59.71,29855,5,买盘
1609,10:50:32,59.71,316488,53,卖盘
1610,10:50:35,59.71,400097,67,卖盘
1611,10:50:38,59.71,400017,67,买盘
1612,10:50:41,59.7,459663,77,买盘
1613,10:50:44,59.7,155220,26,买盘
1614,10:50:47,59.7,161209,27,卖盘
1615,10:50:50,59.71,537369,90,买盘
1616,10:50:53,59.71,406044,68,卖盘
1617,10:50:56,59.7,525360,88,卖盘
1618,10:50:59,59.7,394020,66,买盘
1619,10:51:02,59.7,173131,29,买盘
1620,10:51:05,59.7,226852,38,买盘
1621,10:51:08,59.69,5969,1,卖盘
1622,10:51:11,59.7,316410,53,买盘
1623,10:51:14,59.7,179101,30,卖盘
1624,10:51:17,59.71,435829,73,买盘
1625,10:51:20,59.72,143327,24,买盘
1626,10:51:23,59.72,23886,4,买盘
1627,10:51:26,59.71,250805,42,卖盘
1628,10:51:29,59.7,95525,16,卖盘
1629,10:51:32,59.71,137325,23,买盘
1630,10:51:35,59.71,173132,29,买盘
1631,10:51:38,59.7,304485,51,卖盘
1632,10:51:44,59.71,167183,28,买盘
1633,10:51:47,59.71,179111,30,买盘
1634,10:51:50,59.71,5971,1,买盘
1635,10:51:53,59.71,119418,20,买盘
1636,10:51:56,59.71,2358545,395,买盘
1637,10:51:59,59.71,549291,92,买盘
1638,10:52:02,59.71,1092689,183,买盘
1639,10:52:05,59.7,370150,62,卖盘
1640,10:52:08,59.71,256749,43,买盘
1641,10:52:11,59.71,161195,27,买盘
1642,10:52:14,59.71,286583,48,买盘
1643,10:52:17,59.7,101491,17,卖盘
1644,10:52:20,59.7,131342,22,卖盘
1645,10:52:23,59.66,1450147,243,卖盘
1646,10:52:26,59.7,537229,90,买盘
1647,10:52:29,59.68,53724,9,卖盘
1648,10:52:32,59.69,746194,125,中性盘
1649,10:52:35,59.7,65669,11,买盘
1650,10:52:38,59.7,179094,30,买盘
1651,10:52:41,59.71,686657,115,买盘
1652,10:52:44,59.71,316497,53,卖盘
1653,10:52:47,59.73,310593,52,买盘
1654,10:52:50,59.72,101537,17,卖盘
1655,10:52:53,59.73,131416,22,中性盘
1656,10:52:56,59.74,101541,17,买盘
1657,10:52:59,59.76,752872,126,买盘
1658,10:53:02,59.74,71701,12,卖盘
1659,10:53:05,59.72,609470,102,卖盘
1660,10:53:08,59.74,471932,79,卖盘
1661,10:53:11,59.74,137402,23,买盘
1662,10:53:14,59.74,406232,68,买盘
1663,10:53:17,59.74,919995,154,买盘
1664,10:53:20,59.74,262830,44,买盘
1665,10:53:23,59.74,358439,60,买盘
1666,10:53:26,59.74,346494,58,卖盘
1667,10:53:29,59.72,3052730,511,卖盘
1668,10:53:32,59.71,621166,104,卖盘
1669,10:53:35,59.71,806136,135,卖盘
1670,10:53:38,59.7,907466,152,卖盘
1671,10:53:41,59.68,1474581,247,卖盘
1672,10:53:44,59.7,531337,89,买盘
1673,10:53:47,59.67,1002719,168,卖盘
1674,10:53:50,59.68,626629,105,卖盘
1675,10:53:53,59.68,131302,22,买盘
1676,10:53:56,59.69,35816,6,买盘
1677,10:53:59,59.71,340384,57,买盘
1678,10:54:02,59.69,1050492,176,中性盘
1679,10:54:05,59.67,375960,63,卖盘
1680,10:54:08,59.68,125328,21,买盘
1681,10:54:11,59.69,244701,41,买盘
1682,10:54:14,59.68,161161,27,卖盘
1683,10:54:17,59.69,17907,3,卖盘
1684,10:54:20,59.7,65661,11,买盘
1685,10:54:23,59.69,101480,17,中性盘
1686,10:54:26,59.69,119380,20,买盘
1687,10:54:29,59.7,334258,56,买盘
1688,10:54:32,59.69,65657,11,买盘
1689,10:54:35,59.69,328266,55,卖盘
1690,10:54:38,59.69,89537,15,卖盘
1691,10:54:41,59.69,173102,29,卖盘
1692,10:54:44,59.69,602874,101,卖盘
1693,10:54:47,59.68,1080222,181,卖盘
1694,10:54:50,59.69,489410,82,买盘
1695,10:54:53,59.68,77588,13,卖盘
1696,10:54:56,59.69,107427,18,买盘
1697,10:54:59,59.68,161139,27,卖盘
1698,10:55:02,59.69,47750,8,买盘
1699,10:55:05,59.68,167113,28,卖盘
1700,10:55:08,59.68,232790,39,卖盘
1701,10:55:11,59.68,29843,5,卖盘
1702,10:55:14,59.69,11938,2,买盘
1703,10:55:17,59.69,71628,12,买盘
1704,10:55:20,59.69,119362,20,买盘
1705,10:55:23,59.69,292479,49,买盘
1706,10:55:26,59.68,262601,44,卖盘
1707,10:55:29,59.68,304383,51,卖盘
1708,10:55:32,59.68,322313,54,卖盘
1709,10:55:35,59.69,107440,18,买盘
1710,10:55:38,59.7,23876,4,买盘
1711,10:55:41,59.7,220877,37,买盘
1712,10:55:44,59.71,35821,6,买盘
1713,10:55:47,59.68,185050,31,卖盘
1714,10:55:50,59.69,47757,8,卖盘
1715,10:55:53,59.7,95511,16,中性盘
1716,10:55:56,59.71,316398,53,买盘
1717,10:55:59,59.71,250782,42,买盘
1718,10:56:02,59.71,161195,27,中性盘
1719,10:56:05,59.71,29854,5,买盘
1720,10:56:11,59.7,77612,13,卖盘
1721,10:56:14,59.71,376173,63,买盘
1722,10:56:17,59.72,208989,35,买盘
1723,10:56:20,59.73,161245,27,买盘
1724,10:56:23,59.73,23892,4,买盘
1725,10:56:26,59.72,11944,2,卖盘
1726,10:56:29,59.73,137360,23,买盘
1727,10:56:32,59.76,4050850,678,买盘
1728,10:56:35,59.75,113525,19,卖盘
1729,10:56:38,59.76,53783,9,买盘
1730,10:56:41,59.76,17928,3,买盘
1731,10:56:44,59.77,221120,37,买盘
1732,10:56:47,59.76,47810,8,卖盘
1733,10:56:50,59.77,65747,11,买盘
1734,10:56:53,59.76,167328,28,卖盘
1735,10:56:56,59.77,537915,90,买盘
1736,10:56:59,59.77,11954,2,买盘
1737,10:57:02,59.76,221113,37,卖盘
1738,10:57:05,59.77,968229,162,买盘
1739,10:57:08,59.75,8242248,1379,卖盘
1740,10:57:11,59.74,998123,167,卖盘
1741,10:57:14,59.75,53783,9,中性盘
1742,10:57:17,59.76,143418,24,买盘
1743,10:57:20,59.77,221126,37,买盘
1744,10:57:23,59.77,203209,34,买盘
1745,10:57:26,59.77,191260,32,买盘
1746,10:57:29,59.78,143468,24,买盘
1747,10:57:32,59.76,59764,10,卖盘
1748,10:57:35,59.77,215172,36,买盘
1749,10:57:38,59.76,11952,2,卖盘
1750,10:57:41,59.77,107583,18,买盘
1751,10:57:44,59.77,316781,53,买盘
1752,10:57:47,59.79,526103,88,买盘
1753,10:57:50,59.79,358740,60,买盘
1754,10:57:53,59.8,1650263,276,买盘
1755,10:57:56,59.78,149470,25,卖盘
1756,10:57:59,59.8,221246,37,买盘
1757,10:58:02,59.79,167412,28,卖盘
1758,10:58:05,59.81,639864,107,买盘
1759,10:58:08,59.8,496344,83,卖盘
1760,10:58:11,59.8,221291,37,卖盘
1761,10:58:14,59.8,311010,52,卖盘
1762,10:58:17,59.8,65787,11,卖盘
1763,10:58:20,59.81,113631,19,买盘
1764,10:58:23,59.81,53828,9,买盘
1765,10:58:26,59.81,610063,102,买盘
1766,10:58:29,59.82,203361,34,买盘
1767,10:58:32,59.82,327355,55,卖盘
1768,10:58:35,59.85,107724,18,买盘
1769,10:58:38,59.82,1395656,233,卖盘
1770,10:58:41,59.81,323026,54,卖盘
1771,10:58:44,59.81,143566,24,卖盘
1772,10:58:47,59.82,137586,23,买盘
1773,10:58:50,59.82,215351,36,买盘
1774,10:58:53,59.81,239259,40,卖盘
1775,10:58:56,59.82,508469,85,买盘
1776,10:58:59,59.81,89721,15,卖盘
1777,10:59:02,59.82,668242,112,买盘
1778,10:59:05,59.82,329034,55,卖盘
1779,10:59:08,59.83,323067,54,卖盘
1780,10:59:11,59.82,227321,38,卖盘
1781,10:59:14,59.82,335024,56,卖盘
1782,10:59:17,59.82,269202,45,卖盘
1783,10:59:20,59.82,1687426,282,卖盘
1784,10:59:23,59.83,664111,111,买盘
1785,10:59:26,59.83,143589,24,买盘
1786,10:59:29,59.83,227353,38,买盘
1787,10:59:32,59.76,13729427,2295,卖盘
1788,10:59:35,59.78,292876,49,买盘
1789,10:59:38,59.75,95605,16,卖盘
1790,10:59:41,59.75,376442,63,买盘
1791,10:59:44,59.77,41833,7,买盘
1792,10:59:47,59.78,543894,91,买盘
1793,10:59:50,59.81,233210,39,买盘
1794,10:59:53,59.78,65759,11,卖盘
1795,10:59:56,59.8,131560,22,中性盘
1796,10:59:59,59.83,1710611,286,买盘
1797,11:00:02,59.84,41888,7,买盘
1798,11:00:05,59.83,167542,28,卖盘
1799,11:00:08,59.84,2680363,448,买盘
1800,11:00:11,59.83,765784,128,买盘
1801,11:00:14,59.83,65804,11,买盘
1802,11:00:17,59.8,370875,62,卖盘
1803,11:00:20,59.8,113622,19,卖盘
1804,11:00:23,59.79,53815,9,卖盘
1805,11:00:26,59.79,269077,45,卖盘
1806,11:00:29,59.79,47832,8,卖盘
1807,11:00:32,59.8,59796,10,买盘
1808,11:00:35,59.78,167384,28,卖盘
1809,11:00:38,59.78,173359,29,买盘
1810,11:00:41,59.78,65758,11,买盘
1811,11:00:44,59.79,209231,35,买盘
1812,11:00:47,59.78,83698,14,卖盘
1813,11:00:50,59.79,47832,8,买盘
1814,11:00:56,59.78,185336,31,卖盘
1815,11:00:59,59.78,53809,9,卖盘
1816,11:01:02,59.77,143468,24,卖盘
1817,11:01:05,59.77,71725,12,卖盘
1818,11:01:08,59.77,155409,26,卖盘
1819,11:01:11,59.78,131499,22,买盘
1820,11:01:14,59.78,788972,132,买盘
1821,11:01:17,59.77,621676,104,买盘
1822,11:01:20,59.77,292826,49,买盘
1823,11:01:23,59.76,173316,29,卖盘
1824,11:01:26,59.76,89640,15,卖盘
1825,11:01:29,59.77,245043,41,买盘
1826,11:01:32,59.77,161364,27,买盘
1827,11:01:35,59.77,95632,16,买盘
1828,11:01:38,59.78,466214,78,买盘
1829,11:01:41,59.79,257082,43,买盘
1830,11:01:44,59.79,173391,29,买盘
1831,11:01:47,59.79,83706,14,买盘
1832,11:01:50,59.79,615837,103,买盘
1833,11:01:53,59.79,245134,41,买盘
1834,11:01:56,59.79,221223,37,买盘
1835,11:01:59,59.8,119595,20,买盘
1836,11:02:02,59.8,95679,16,买盘
1837,11:02:05,59.79,1781990,298,卖盘
1838,11:02:08,59.79,4828666,808,卖盘
1839,11:02:11,59.78,1225865,205,中性盘
1840,11:02:14,59.8,179393,30,买盘
1841,11:02:17,59.79,292943,49,卖盘
1842,11:02:20,59.8,71749,12,买盘
1843,11:02:23,59.79,29895,5,卖盘
1844,11:02:26,59.79,263076,44,卖盘
1845,11:02:29,59.79,705519,118,卖盘
1846,11:02:32,59.79,699607,117,卖盘
1847,11:02:35,59.8,161436,27,买盘
1848,11:02:41,59.79,59793,10,买盘
1849,11:02:44,59.79,71748,12,卖盘
1850,11:02:47,59.8,209300,35,买盘
1851,11:02:50,59.8,269100,45,买盘
1852,11:02:53,59.8,155503,26,卖盘
1853,11:02:56,59.79,2242334,375,卖盘
1854,11:02:59,59.79,496237,83,买盘
1855,11:03:02,59.8,179385,30,买盘
1856,11:03:05,59.8,161460,27,买盘
1857,11:03:08,59.8,185382,31,卖盘
1858,11:03:11,59.81,113621,19,买盘
1859,11:03:14,59.84,341063,57,买盘
1860,11:03:17,59.84,53837,9,买盘
1861,11:03:20,59.83,173466,29,中性盘
1862,11:03:23,59.83,11965,2,买盘
1863,11:03:26,59.83,311116,52,买盘
1864,11:03:29,59.83,424758,71,买盘
1865,11:03:35,59.84,17952,3,买盘
1866,11:03:41,59.84,161555,27,买盘
1867,11:03:44,59.84,11968,2,买盘
1868,11:03:47,59.84,29918,5,买盘
1869,11:03:50,59.84,430848,72,买盘
1870,11:03:53,59.84,269280,45,买盘
1871,11:03:56,59.83,47867,8,卖盘
1872,11:03:59,59.84,17952,3,买盘
1873,11:04:02,59.83,2255555,377,卖盘
1874,11:04:05,59.81,2404830,402,卖盘
1875,11:04:08,59.8,604058,101,卖盘
1876,11:04:11,59.8,155482,26,卖盘
1877,11:04:14,59.79,1148161,192,卖盘
1878,11:04:17,59.8,514256,86,买盘
1879,11:04:20,59.8,95665,16,买盘
1880,11:04:23,59.79,448486,75,卖盘
1881,11:04:26,59.8,71760,12,买盘
1882,11:04:29,59.79,143496,24,卖盘
1883,11:04:32,59.79,544165,91,卖盘
1884,11:04:35,59.8,71760,12,买盘
1885,11:04:38,59.8,89693,15,买盘
1886,11:04:41,59.8,245180,41,买盘
1887,11:04:47,59.8,29900,5,卖盘
1888,11:04:50,59.8,113620,19,卖盘
1889,11:04:53,59.81,394733,66,买盘
1890,11:04:56,59.81,382769,64,买盘
1891,11:04:59,59.79,454471,76,卖盘
1892,11:05:02,59.79,759470,127,卖盘
1893,11:05:05,59.8,35879,6,中性盘
1894,11:05:08,59.8,11960,2,买盘
1895,11:05:11,59.81,245182,41,买盘
1896,11:05:14,59.81,203347,34,买盘
1897,11:05:17,59.81,185411,31,买盘
1898,11:05:20,59.82,11964,2,买盘
1899,11:05:23,59.81,65792,11,卖盘
1900,11:05:26,59.8,1734011,290,卖盘
1901,11:05:29,59.79,454349,76,买盘
1902,11:05:32,59.77,29889,5,卖盘
1903,11:05:35,59.75,818788,137,卖盘
1904,11:05:38,59.7,322599,54,卖盘
1905,11:05:41,59.73,298579,50,中性盘
1906,11:05:44,59.72,113484,19,卖盘
1907,11:05:47,59.74,191140,32,买盘
1908,11:05:50,59.73,221009,37,中性盘
1909,11:05:53,59.74,1600139,268,买盘
1910,11:05:56,59.74,77651,13,买盘
1911,11:05:59,59.73,537657,90,卖盘
1912,11:06:02,59.73,131415,22,卖盘
1913,11:06:05,59.74,5974,1,买盘
1914,11:06:08,59.74,59740,10,买盘
1915,11:06:11,59.73,328537,55,卖盘
1916,11:06:14,59.73,107514,18,卖盘
1917,11:06:20,59.74,388310,65,买盘
1918,11:06:23,59.75,167285,28,买盘
1919,11:06:26,59.74,47792,8,卖盘
1920,11:06:29,59.74,65714,11,卖盘
1921,11:06:32,59.74,137408,23,卖盘
1922,11:06:35,59.74,633472,106,卖盘
1923,11:06:38,59.75,101565,17,买盘
1924,11:06:41,59.75,5975,1,买盘
1925,11:06:44,59.74,101558,17,卖盘
1926,11:06:47,59.75,268875,45,买盘
1927,11:06:50,59.75,185215,31,买盘
1928,11:06:53,59.75,101575,17,买盘
1929,11:06:56,59.75,77675,13,买盘
1930,11:07:02,59.75,95592,16,买盘
1931,11:07:05,59.75,322619,54,买盘
1932,11:07:08,59.79,2019648,338,买盘
1933,11:07:11,59.76,137454,23,买盘
1934,11:07:14,59.78,5978,1,买盘
1935,11:07:17,59.76,723117,121,卖盘
1936,11:07:20,59.76,167357,28,卖盘
1937,11:07:23,59.77,5977,1,中性盘
1938,11:07:26,59.76,11952,2,卖盘
1939,11:07:29,59.77,17931,3,买盘
1940,11:07:32,59.77,23908,4,买盘
1941,11:07:35,59.77,400459,67,买盘
1942,11:07:38,59.77,29885,5,买盘
1943,11:07:41,59.76,11953,2,卖盘
1944,11:07:44,59.76,77693,13,卖盘
1945,11:07:47,59.76,113545,19,卖盘
1946,11:07:50,59.77,119530,20,买盘
1947,11:07:53,59.77,562695,94,买盘
1948,11:07:56,59.77,95632,16,买盘
1949,11:08:02,59.77,239044,40,买盘
1950,11:08:05,59.76,172410,29,卖盘
1951,11:08:08,59.75,806634,135,卖盘
1952,11:08:11,59.76,280826,47,买盘
1953,11:08:14,59.75,525850,88,卖盘
1954,11:08:17,59.75,17925,3,卖盘
1955,11:08:20,59.75,836397,140,卖盘
1956,11:08:23,59.75,137425,23,买盘
1957,11:08:26,59.74,11948,2,卖盘
1958,11:08:29,59.74,137402,23,卖盘
1959,11:08:32,59.74,11948,2,卖盘
1960,11:08:35,59.74,53766,9,卖盘
1961,11:08:38,59.73,191141,32,卖盘
1962,11:08:41,59.71,1218484,204,卖盘
1963,11:08:44,59.71,370203,62,卖盘
1964,11:08:47,59.7,280622,47,卖盘
1965,11:08:50,59.7,23881,4,卖盘
1966,11:08:53,59.71,65672,11,买盘
1967,11:08:56,59.71,155232,26,买盘
1968,11:08:59,59.7,41795,7,卖盘
1969,11:09:02,59.7,23880,4,卖盘
1970,11:09:05,59.7,573121,96,卖盘
1971,11:09:08,59.69,370115,62,卖盘
1972,11:09:11,59.7,179071,30,买盘
1973,11:09:14,59.69,17908,3,卖盘
1974,11:09:17,59.69,155189,26,买盘
1975,11:09:20,59.68,602824,101,卖盘
1976,11:09:23,59.69,119375,20,买盘
1977,11:09:26,59.68,161156,27,卖盘
1978,11:09:29,59.69,226822,38,买盘
1979,11:09:32,59.69,131318,22,买盘
1980,11:09:35,59.69,746195,125,买盘
1981,11:09:38,59.7,149250,25,买盘
1982,11:09:41,59.7,71640,12,买盘
1983,11:09:44,59.7,89550,15,买盘
1984,11:09:47,59.7,131322,22,买盘
1985,11:09:50,59.69,71628,12,卖盘
1986,11:09:53,59.69,674501,113,卖盘
1987,11:09:56,59.69,143256,24,买盘
1988,11:09:59,59.68,149200,25,卖盘
1989,11:10:02,59.68,179066,30,卖盘
1990,11:10:05,59.69,167106,28,买盘
1991,11:10:08,59.68,79978,13,卖盘
1992,11:10:11,59.69,173079,29,买盘
1993,11:10:14,59.68,238720,40,卖盘
1994,11:10:17,59.68,149201,25,卖盘
1995,11:10:20,59.68,793752,133,卖盘
1996,11:10:23,59.68,286476,48,卖盘
1997,11:10:26,59.68,35809,6,卖盘
1998,11:10:29,59.68,322273,54,卖盘
1999,11:10:32,59.67,1310413,220,卖盘
2000,11:10:35,59.67,399768,67,买盘
2001,11:10:38,59.66,47732,8,卖盘
2002,11:10:41,59.67,369899,62,买盘
2003,11:10:44,59.66,131264,22,卖盘
2004,11:10:47,59.67,137225,23,买盘
2005,11:10:50,59.66,280412,47,卖盘
2006,11:10:56,59.66,316200,53,卖盘
2007,11:10:59,59.66,381867,64,卖盘
2008,11:11:02,59.67,23867,4,买盘
2009,11:11:05,59.66,250593,42,卖盘
2010,11:11:11,59.67,125307,21,买盘
2011,11:11:14,59.66,131253,22,卖盘
2012,11:11:17,59.67,381866,64,买盘
2013,11:11:20,59.66,226731,38,卖盘
2014,11:11:23,59.67,11933,2,买盘
2015,11:11:26,59.66,161087,27,卖盘
2016,11:11:29,59.67,238678,40,买盘
2017,11:11:32,59.67,5967,1,买盘
2018,11:11:35,59.67,483309,81,买盘
2019,11:11:38,59.67,155141,26,买盘
2020,11:11:41,59.67,149176,25,卖盘
2021,11:11:44,59.67,5967,1,卖盘
2022,11:11:47,59.68,17902,3,买盘
2023,11:11:50,59.68,650494,109,买盘
2024,11:11:53,59.66,1336500,224,卖盘
2025,11:11:56,59.67,59670,10,卖盘
2026,11:11:59,59.67,208845,35,买盘
2027,11:12:02,59.66,310261,52,卖盘
2028,11:12:05,59.67,71603,12,买盘
2029,11:12:08,59.66,405742,68,卖盘
2030,11:12:11,59.67,71596,12,买盘
2031,11:12:14,59.66,167059,28,卖盘
2032,11:12:17,59.66,638363,107,卖盘
2033,11:12:20,59.64,3096110,519,卖盘
2034,11:12:23,59.64,339948,57,卖盘
2035,11:12:26,59.64,23858,4,卖盘
2036,11:12:29,59.64,632186,106,卖盘
2037,11:12:32,59.64,101398,17,卖盘
2038,11:12:35,59.65,387698,65,买盘
2039,11:12:38,59.65,304215,51,买盘
2040,11:12:41,59.65,17896,3,卖盘
2041,11:12:44,59.65,59650,10,卖盘
2042,11:12:47,59.66,232673,39,买盘
2043,11:12:50,59.65,53685,9,卖盘
2044,11:12:53,59.66,11932,2,买盘
2045,11:12:56,59.66,334070,56,买盘
2046,11:12:59,59.65,137195,23,卖盘
2047,11:13:02,59.66,405678,68,买盘
2048,11:13:05,59.66,196874,33,买盘
2049,11:13:08,59.66,346010,58,买盘
2050,11:13:11,59.66,214776,36,买盘
2051,11:13:14,59.66,256538,43,买盘
2052,11:13:17,59.66,29834,5,卖盘
2053,11:13:20,59.66,214779,36,卖盘
2054,11:13:23,59.67,59668,10,买盘
2055,11:13:29,59.66,334121,56,卖盘
2056,11:13:32,59.67,220779,37,买盘
2057,11:13:35,59.66,823450,138,卖盘
2058,11:13:38,59.67,5967,1,卖盘
2059,11:13:41,59.68,5968,1,买盘
2060,11:13:44,59.68,328236,55,买盘
2061,11:13:47,59.68,41773,7,买盘
2062,11:13:50,59.67,173044,29,卖盘
2063,11:13:53,59.67,29835,5,卖盘
2064,11:13:56,59.67,560900,94,卖盘
2065,11:13:59,59.67,501230,84,卖盘
2066,11:14:02,59.66,853279,143,卖盘
2067,11:14:05,59.66,322173,54,卖盘
2068,11:14:08,59.66,363926,61,卖盘
2069,11:14:11,59.66,155117,26,卖盘
2070,11:14:14,59.66,250576,42,卖盘
2071,11:14:17,59.66,715939,120,卖盘
2072,11:14:20,59.66,167033,28,买盘
2073,11:14:23,59.65,35792,6,卖盘
2074,11:14:26,59.65,453340,76,卖盘
2075,11:14:29,59.65,1133312,190,卖盘
2076,11:14:32,59.62,1222508,205,卖盘
2077,11:14:35,59.63,429290,72,中性盘
2078,11:14:38,59.63,23852,4,买盘
2079,11:14:41,59.63,35783,6,卖盘
2080,11:14:44,59.64,47708,8,买盘
2081,11:14:47,59.64,459220,77,买盘
2082,11:14:50,59.64,399602,67,卖盘
2083,11:14:53,59.66,262469,44,买盘
2084,11:14:56,59.66,119316,20,卖盘
2085,11:14:59,59.66,95460,16,卖盘
2086,11:15:02,59.67,141635,24,买盘
2087,11:15:05,59.66,125287,21,卖盘
2088,11:15:08,59.67,83535,14,买盘
2089,11:15:11,59.66,89490,15,卖盘
2090,11:15:14,59.67,113356,19,买盘
2091,11:15:17,59.67,17901,3,买盘
2092,11:15:20,59.67,137227,23,买盘
2093,11:15:23,59.66,137218,23,卖盘
2094,11:15:26,59.66,226710,38,卖盘
2095,11:15:29,59.66,250578,42,卖盘
2096,11:15:32,59.67,453428,76,买盘
2097,11:15:35,59.66,729457,122,卖盘
2098,11:15:38,59.66,11932,2,买盘
2099,11:15:41,59.66,214772,36,买盘
2100,11:15:44,59.65,47720,8,卖盘
2101,11:15:47,59.66,554820,93,买盘
2102,11:15:50,59.65,83510,14,卖盘
2103,11:15:53,59.65,53689,9,卖盘
2104,11:15:56,59.66,208796,35,买盘
2105,11:15:59,59.65,2648455,444,卖盘
2106,11:16:02,59.65,59648,10,买盘
2107,11:16:05,59.65,286300,48,买盘
2108,11:16:08,59.64,256476,43,卖盘
2109,11:16:14,59.65,250499,42,买盘
2110,11:16:17,59.64,155070,26,卖盘
2111,11:16:20,59.64,5683692,953,卖盘
2112,11:16:23,59.64,107344,18,卖盘
2113,11:16:26,59.63,250470,42,卖盘
2114,11:16:29,59.65,566583,95,买盘
2115,11:16:32,59.64,793214,133,卖盘
2116,11:16:35,59.65,5965,1,买盘
2117,11:16:38,59.64,83496,14,卖盘
2118,11:16:41,59.65,29825,5,买盘
2119,11:16:44,59.65,262440,44,买盘
2120,11:16:47,59.65,495095,83,买盘
2121,11:16:50,59.64,196815,33,卖盘
2122,11:16:53,59.65,65611,11,买盘
2123,11:16:56,59.65,161031,27,买盘
2124,11:16:59,59.65,298230,50,买盘
2125,11:17:02,59.65,190866,32,买盘
2126,11:17:05,59.65,208750,35,买盘
2127,11:17:08,59.64,101390,17,卖盘
2128,11:17:11,59.65,5965,1,买盘
2129,11:17:14,59.64,512975,86,卖盘
2130,11:17:17,59.66,1855206,311,买盘
2131,11:17:20,59.68,1275237,214,买盘
2132,11:17:23,59.67,853367,143,卖盘
2133,11:17:26,59.67,680395,114,卖盘
2134,11:17:29,59.67,11934,2,卖盘
2135,11:17:32,59.67,71605,12,卖盘
2136,11:17:35,59.68,41774,7,买盘
2137,11:17:38,59.68,196944,33,买盘
2138,11:17:41,59.69,137265,23,买盘
2139,11:17:44,59.68,149220,25,卖盘
2140,11:17:47,59.68,244688,41,卖盘
2141,11:17:50,59.68,405834,68,卖盘
2142,11:17:53,59.67,638486,107,卖盘
2143,11:17:56,59.67,369924,62,买盘
2144,11:17:59,59.66,137202,23,中性盘
2145,11:18:02,59.65,351937,59,卖盘
2146,11:18:05,59.65,178955,30,卖盘
2147,11:18:08,59.66,393680,66,买盘
2148,11:18:11,59.66,161077,27,买盘
2149,11:18:14,59.65,101398,17,卖盘
2150,11:18:17,59.65,53687,9,卖盘
2151,11:18:20,59.68,727930,122,买盘
2152,11:18:23,59.68,399930,67,卖盘
2153,11:18:26,59.68,328242,55,卖盘
2154,11:18:29,59.69,173101,29,买盘
2155,11:18:32,59.72,256781,43,买盘
2156,11:18:35,59.73,406188,68,买盘
2157,11:18:38,59.7,125384,21,卖盘
2158,11:18:41,59.69,692399,116,卖盘
2159,11:18:44,59.71,161192,27,买盘
2160,11:18:47,59.71,226882,38,买盘
2161,11:18:50,59.7,477615,80,卖盘
2162,11:18:53,59.69,173101,29,卖盘
2163,11:18:56,59.7,208947,35,买盘
2164,11:18:59,59.7,53730,9,买盘
2165,11:19:02,59.7,17909,3,买盘
2166,11:19:05,59.7,483572,81,买盘
2167,11:19:08,59.71,107461,18,买盘
2168,11:19:11,59.69,1229792,206,卖盘
2169,11:19:14,59.68,787835,132,卖盘
2170,11:19:17,59.64,2004151,336,卖盘
2171,11:19:20,59.65,137188,23,中性盘
2172,11:19:23,59.65,178950,30,买盘
2173,11:19:26,59.64,143139,24,卖盘
2174,11:19:29,59.65,167002,28,买盘
2175,11:19:32,59.64,1754902,294,中性盘
2176,11:19:35,59.65,35786,6,中性盘
2177,11:19:38,59.66,77558,13,买盘
2178,11:19:44,59.66,71587,12,买盘
2179,11:19:47,59.65,125265,21,卖盘
2180,11:19:50,59.64,620325,104,卖盘
2181,11:19:53,59.65,1043851,175,买盘
2182,11:19:56,59.65,167020,28,卖盘
2183,11:19:59,59.65,131239,22,卖盘
2184,11:20:02,59.65,1109514,186,卖盘
2185,11:20:05,59.65,316146,53,卖盘
2186,11:20:08,59.64,89462,15,卖盘
2187,11:20:11,59.64,310105,52,买盘
2188,11:20:14,59.62,298152,50,卖盘
2189,11:20:17,59.63,155028,26,买盘
2190,11:20:20,59.63,220625,37,买盘
2191,11:20:23,59.64,393549,66,买盘
2192,11:20:26,59.63,125225,21,卖盘
2193,11:20:29,59.63,238518,40,中性盘
2194,11:20:32,59.64,655995,110,买盘
2195,11:20:35,59.64,280262,47,买盘
2196,11:20:38,59.65,89464,15,买盘
2197,11:20:41,59.65,149119,25,卖盘
2198,11:20:44,59.65,59650,10,卖盘
2199,11:20:47,59.65,316175,53,卖盘
2200,11:20:50,59.66,35796,6,买盘
2201,11:20:53,59.7,602728,101,买盘
2202,11:20:56,59.67,501101,84,卖盘
2203,11:20:59,59.66,59658,10,买盘
2204,11:21:02,59.66,381825,64,买盘
2205,11:21:05,59.66,11932,2,卖盘
2206,11:21:08,59.66,29830,5,卖盘
2207,11:21:11,59.67,167061,28,买盘
2208,11:21:14,59.68,489312,82,买盘
2209,11:21:17,59.67,220779,37,卖盘
2210,11:21:20,59.67,238692,40,卖盘
2211,11:21:23,59.68,734051,123,买盘
2212,11:21:26,59.68,364086,61,卖盘
2213,11:21:29,59.68,47744,8,卖盘
2214,11:21:32,59.69,71626,12,买盘
2215,11:21:35,59.68,990689,166,卖盘
2216,11:21:38,59.68,399856,67,卖盘
2217,11:21:41,59.68,608743,102,卖盘
2218,11:21:44,59.68,704297,118,卖盘
2219,11:21:47,59.69,149203,25,买盘
2220,11:21:50,59.69,393928,66,买盘
2221,11:21:53,59.69,405877,68,买盘
2222,11:21:56,59.7,229089,38,买盘
2223,11:21:59,59.69,5969,1,卖盘
2224,11:22:02,59.7,220869,37,买盘
2225,11:22:05,59.68,457302,77,卖盘
2226,11:22:08,59.68,298363,50,买盘
2227,11:22:11,59.68,626643,105,买盘
2228,11:22:14,59.68,107415,18,卖盘
2229,11:22:17,59.66,155148,26,卖盘
2230,11:22:20,59.66,453450,76,卖盘
2231,11:22:23,59.67,656371,110,买盘
2232,11:22:26,59.67,17902,3,卖盘
2233,11:22:29,59.68,441631,74,买盘
2234,11:22:32,59.68,262593,44,买盘
2235,11:22:35,59.68,113378,19,卖盘
2236,11:22:38,59.69,5969,1,买盘
2237,11:22:41,59.68,47744,8,卖盘
2238,11:22:44,59.68,131282,22,买盘
2239,11:22:47,59.68,190976,32,买盘
2240,11:22:50,59.68,41776,7,买盘
2241,11:22:53,59.68,71616,12,买盘
2242,11:22:56,59.68,155154,26,买盘
2243,11:22:59,59.67,161117,27,卖盘
2244,11:23:02,59.67,1181548,198,卖盘
2245,11:23:05,59.67,429629,72,卖盘
2246,11:23:08,59.67,692151,116,卖盘
2247,11:23:11,59.67,95471,16,买盘
2248,11:23:14,59.66,232674,39,卖盘
2249,11:23:17,59.66,1336197,224,买盘
2250,11:23:20,59.66,435458,73,买盘
2251,11:23:23,59.65,178948,30,买盘
2252,11:23:26,59.64,101390,17,卖盘
2253,11:23:29,59.63,250474,42,卖盘
2254,11:23:32,59.64,202760,34,买盘
2255,11:23:35,59.63,166987,28,卖盘
2256,11:23:38,59.63,196797,33,卖盘
2257,11:23:41,59.64,35782,6,买盘
2258,11:23:44,59.64,137156,23,买盘
2259,11:23:47,59.63,256441,43,卖盘
2260,11:23:50,59.64,47712,8,买盘
2261,11:23:53,59.64,268375,45,买盘
2262,11:23:56,59.65,262408,44,买盘
2263,11:23:59,59.63,226628,38,卖盘
2264,11:24:02,59.63,83488,14,卖盘
2265,11:24:05,59.63,5963,1,卖盘
2266,11:24:08,59.63,77524,13,卖盘
2267,11:24:11,59.62,351811,59,卖盘
2268,11:24:14,59.62,250405,42,卖盘
2269,11:24:17,59.63,244447,41,买盘
2270,11:24:20,59.62,202709,34,卖盘
2271,11:24:23,59.62,304076,51,卖盘
2272,11:24:26,59.62,250404,42,卖盘
2273,11:24:29,59.62,578394,97,卖盘
2274,11:24:32,59.62,226558,38,卖盘
2275,11:24:35,59.62,274252,46,卖盘
2276,11:24:38,59.63,661851,111,买盘
2277,11:24:41,59.63,41741,7,买盘
2278,11:24:44,59.62,327897,55,卖盘
2279,11:24:47,59.62,149047,25,卖盘
2280,11:24:50,59.61,608085,102,卖盘
2281,11:24:53,59.61,727365,122,卖盘
2282,11:24:56,59.61,1245678,209,卖盘
2283,11:24:59,59.6,667522,112,卖盘
2284,11:25:02,59.6,417204,70,卖盘
2285,11:25:05,59.59,5769159,968,卖盘
2286,11:25:08,59.59,530369,89,卖盘
2287,11:25:11,59.58,643515,108,卖盘
2288,11:25:14,59.58,488628,82,卖盘
2289,11:25:17,59.59,113204,19,买盘
2290,11:25:20,59.58,643485,108,卖盘
2291,11:25:23,59.59,369410,62,买盘
2292,11:25:26,59.59,440926,74,买盘
2293,11:25:29,59.59,685220,115,买盘
2294,11:25:32,59.59,315807,53,买盘
2295,11:25:35,59.59,53627,9,买盘
2296,11:25:38,59.59,446898,75,买盘
2297,11:25:41,59.58,363450,61,卖盘
2298,11:25:44,59.59,381342,64,买盘
2299,11:25:47,59.59,11918,2,买盘
2300,11:25:50,59.58,440903,74,卖盘
2301,11:25:53,59.59,339632,57,买盘
2302,11:25:56,59.59,345612,58,买盘
2303,11:25:59,59.58,262182,44,卖盘
2304,11:26:02,59.59,184715,31,买盘
2305,11:26:05,59.59,226406,38,买盘
2306,11:26:08,59.58,452823,76,卖盘
2307,11:26:11,59.59,226437,38,买盘
2308,11:26:14,59.58,1584870,266,卖盘
2309,11:26:17,59.59,506478,85,买盘
2310,11:26:20,59.58,154909,26,卖盘
2311,11:26:23,59.58,849955,143,卖盘
2312,11:26:26,59.57,256153,43,卖盘
2313,11:26:29,59.58,494460,83,买盘
2314,11:26:32,59.58,405088,68,买盘
2315,11:26:35,59.57,422938,71,买盘
2316,11:26:38,59.56,369272,62,卖盘
2317,11:26:41,59.57,321646,54,买盘
2318,11:26:44,59.56,214420,36,卖盘
2319,11:26:47,59.56,279945,47,卖盘
2320,11:26:50,59.56,303779,51,卖盘
2321,11:26:53,59.57,500371,84,买盘
2322,11:26:56,59.56,393144,66,卖盘
2323,11:26:59,59.57,196581,33,买盘
2324,11:27:02,59.57,867343,146,买盘
2325,11:27:05,59.56,1042310,175,卖盘
2326,11:27:08,59.56,489287,82,卖盘
2327,11:27:11,59.56,536044,90,卖盘
2328,11:27:14,59.56,215787,36,卖盘
2329,11:27:17,59.56,619337,104,卖盘
2330,11:27:20,59.56,321607,54,买盘
2331,11:27:23,59.56,470477,79,买盘
2332,11:27:26,59.55,232258,39,卖盘
2333,11:27:29,59.56,178653,30,买盘
2334,11:27:32,59.55,303705,51,卖盘
2335,11:27:35,59.55,351354,59,卖盘
2336,11:27:38,59.55,148879,25,卖盘
2337,11:27:41,59.55,416852,70,卖盘
2338,11:27:44,59.56,244162,41,买盘
2339,11:27:47,59.56,166750,28,买盘
2340,11:27:50,59.55,559788,94,卖盘
2341,11:27:53,59.56,184616,31,买盘
2342,11:27:56,59.55,762242,128,卖盘
2343,11:27:59,59.55,4108866,690,卖盘
2344,11:28:02,59.53,244102,41,卖盘
2345,11:28:05,59.53,369120,62,卖盘
2346,11:28:08,59.54,309579,52,买盘
2347,11:28:11,59.54,107168,18,买盘
2348,11:28:14,59.53,279817,47,卖盘
2349,11:28:17,59.54,291710,49,买盘
2350,11:28:20,59.52,1642990,276,卖盘
2351,11:28:23,59.53,148842,25,卖盘
2352,11:28:26,59.53,374979,63,中性盘
2353,11:28:29,59.53,184525,31,买盘
2354,11:28:32,59.53,529735,89,买盘
2355,11:28:35,59.53,339279,57,买盘
2356,11:28:38,59.52,249990,42,卖盘
2357,11:28:41,59.51,660636,111,卖盘
2358,11:28:44,59.51,541584,91,卖盘
2359,11:28:47,59.51,148775,25,卖盘
2360,11:28:50,59.51,732040,123,卖盘
2361,11:28:53,59.51,916454,154,卖盘
2362,11:28:56,59.51,708267,119,卖盘
2363,11:28:59,59.51,130923,22,卖盘
2364,11:29:02,59.51,2386689,401,卖盘
2365,11:29:05,59.52,327319,55,买盘
2366,11:29:08,59.52,2707813,455,买盘
2367,11:29:11,59.53,261893,44,买盘
2368,11:29:14,59.52,107136,18,卖盘
2369,11:29:17,59.53,1767823,297,买盘
2370,11:29:20,59.54,244077,41,买盘
2371,11:29:23,59.54,17860,3,买盘
2372,11:29:26,59.54,107172,18,买盘
2373,11:29:29,59.53,422697,71,卖盘
2374,11:29:32,59.53,202401,34,买盘
2375,11:29:35,59.55,363148,61,买盘
2376,11:29:38,59.53,47624,8,卖盘
2377,11:29:41,59.53,345281,58,卖盘
2378,11:29:47,59.54,11908,2,中性盘
2379,11:29:50,59.52,443014,74,卖盘
2380,11:29:53,59.54,160732,27,买盘
2381,11:29:56,59.55,53593,9,买盘
2382,11:29:59,59.53,89295,15,卖盘
2383,13:00:02,59.55,2847096,478,买盘
2384,13:00:05,59.55,4044025,679,卖盘
2385,13:00:08,59.55,2388143,401,卖盘
2386,13:00:11,59.58,5533960,929,买盘
2387,13:00:14,59.59,1126106,189,买盘
2388,13:00:17,59.59,1317009,221,卖盘
2389,13:00:20,59.61,828385,139,卖盘
2390,13:00:23,59.61,65574,11,卖盘
2391,13:00:26,59.61,196708,33,买盘
2392,13:00:29,59.6,143061,24,卖盘
2393,13:00:32,59.61,226497,38,买盘
2394,13:00:35,59.61,160927,27,买盘
2395,13:00:38,59.6,154984,26,卖盘
2396,13:00:41,59.62,190754,32,买盘
2397,13:00:44,59.62,560419,94,买盘
2398,13:00:47,59.62,685462,115,卖盘
2399,13:00:50,59.63,858625,144,买盘
2400,13:00:53,59.64,638041,107,买盘
2401,13:00:56,59.64,29818,5,买盘
2402,13:00:59,59.64,11928,2,买盘
2403,13:01:02,59.65,465217,78,买盘
2404,13:01:05,59.65,11930,2,卖盘
2405,13:01:08,59.65,5965,1,卖盘
2406,13:01:11,59.67,369903,62,买盘
2407,13:01:14,59.67,101444,17,卖盘
2408,13:01:17,59.69,244697,41,买盘
2409,13:01:20,59.66,89509,15,卖盘
2410,13:01:23,59.67,584717,98,买盘
2411,13:01:26,59.66,489292,82,卖盘
2412,13:01:29,59.67,35807,6,中性盘
2413,13:01:32,59.68,47742,8,买盘
2414,13:01:35,59.69,280499,47,买盘
2415,13:01:38,59.69,143253,24,买盘
2416,13:01:41,59.68,47745,8,卖盘
2417,13:01:44,59.69,369984,62,买盘
2418,13:01:47,59.66,89492,15,卖盘
2419,13:01:50,59.68,304321,51,买盘
2420,13:01:53,59.68,59679,10,中性盘
2421,13:01:56,59.69,214864,36,买盘
2422,13:01:59,59.68,65645,11,中性盘
2423,13:02:02,59.69,238746,40,买盘
2424,13:02:05,59.7,131338,22,买盘
2425,13:02:08,59.7,131333,22,买盘
2426,13:02:11,59.7,485838,81,买盘
2427,13:02:14,59.71,955357,160,买盘
2428,13:02:17,59.7,292576,49,卖盘
2429,13:02:20,59.67,1281155,215,卖盘
2430,13:02:23,59.64,1372097,230,卖盘
2431,13:02:26,59.64,149070,25,卖盘
2432,13:02:29,59.61,214663,36,卖盘
2433,13:02:32,59.61,226616,38,卖盘
2434,13:02:35,59.64,155051,26,买盘
2435,13:02:38,59.62,178904,30,卖盘
2436,13:02:41,59.64,214678,36,卖盘
2437,13:02:44,59.63,119267,20,卖盘
2438,13:02:47,59.65,250506,42,买盘
2439,13:02:50,59.65,226670,38,买盘
2440,13:02:53,59.64,178935,30,卖盘
2441,13:02:56,59.64,178921,30,卖盘
2442,13:02:59,59.62,363718,61,卖盘
2443,13:03:02,59.6,971706,163,卖盘
2444,13:03:05,59.6,190757,32,卖盘
2445,13:03:08,59.6,5960,1,卖盘
2446,13:03:11,59.6,178802,30,卖盘
2447,13:03:14,59.6,107280,18,卖盘
2448,13:03:17,59.6,303960,51,买盘
2449,13:03:20,59.61,137089,23,买盘
2450,13:03:23,59.61,393426,66,买盘
2451,13:03:26,59.62,35772,6,买盘
2452,13:03:29,59.64,465109,78,买盘
2453,13:03:32,59.65,113301,19,买盘
2454,13:03:35,59.65,65603,11,买盘
2455,13:03:38,59.65,11930,2,买盘
2456,13:03:41,59.64,232596,39,买盘
2457,13:03:44,59.65,143143,24,买盘
2458,13:03:47,59.65,274390,46,买盘
2459,13:03:50,59.64,256509,43,卖盘
2460,13:03:53,59.64,11928,2,卖盘
2461,13:03:56,59.65,542819,91,买盘
2462,13:03:59,59.64,155075,26,卖盘
2463,13:04:02,59.65,429480,72,买盘
2464,13:04:05,59.62,1461154,245,卖盘
2465,13:04:08,59.61,214625,36,卖盘
2466,13:04:11,59.61,143081,24,卖盘
2467,13:04:14,59.65,17895,3,买盘
2468,13:04:17,59.65,53678,9,买盘
2469,13:04:20,59.66,178951,30,买盘
2470,13:04:23,59.65,23860,4,卖盘
2471,13:04:26,59.65,59655,10,卖盘
2472,13:04:29,59.65,59650,10,卖盘
2473,13:04:32,59.66,35793,6,买盘
2474,13:04:35,59.65,89470,15,中性盘
2475,13:04:38,59.64,340000,57,卖盘
2476,13:04:41,59.66,35796,6,买盘
2477,13:04:44,59.66,161068,27,买盘
2478,13:04:47,59.66,59652,10,买盘
2479,13:04:50,59.66,178980,30,买盘
2480,13:04:53,59.66,131252,22,买盘
2481,13:04:56,59.66,238639,40,买盘
2482,13:04:59,59.66,155116,26,买盘
2483,13:05:02,59.65,298285,50,卖盘
2484,13:05:05,59.65,417561,70,卖盘
2485,13:05:08,59.65,572640,96,卖盘
2486,13:05:11,59.64,638173,107,卖盘
2487,13:05:14,59.61,465054,78,卖盘
2488,13:05:17,59.61,292093,49,卖盘
2489,13:05:20,59.61,661696,111,卖盘
2490,13:05:23,59.61,393454,66,卖盘
2491,13:05:26,59.62,476940,80,买盘
2492,13:05:29,59.61,95376,16,卖盘
2493,13:05:32,59.61,71532,12,卖盘
2494,13:05:35,59.61,83456,14,卖盘
2495,13:05:38,59.62,894279,150,买盘
2496,13:05:41,59.63,23851,4,买盘
2497,13:05:44,59.62,101361,17,卖盘
2498,13:05:47,59.63,53659,9,买盘
2499,13:05:50,59.61,602163,101,卖盘
2500,13:05:53,59.61,143080,24,卖盘
2501,13:05:56,59.61,65573,11,卖盘
2502,13:05:59,59.62,5962,1,买盘
2503,13:06:02,59.61,286152,48,卖盘
2504,13:06:05,59.61,17883,3,卖盘
2505,13:06:08,59.62,488881,82,买盘
2506,13:06:11,59.62,125204,21,买盘
2507,13:06:14,59.62,214632,36,卖盘
2508,13:06:17,59.63,41735,7,买盘
2509,13:06:20,59.62,977841,164,卖盘
2510,13:06:23,59.62,584275,98,买盘
2511,13:06:26,59.61,196719,33,卖盘
2512,13:06:29,59.61,113259,19,卖盘
2513,13:06:32,59.62,47690,8,买盘
2514,13:06:35,59.61,447075,75,卖盘
2515,13:06:38,59.61,178816,30,卖盘
2516,13:06:41,59.61,71532,12,卖盘
2517,13:06:44,59.61,333800,56,买盘
2518,13:06:47,59.61,292082,49,买盘
2519,13:06:50,59.6,220533,37,卖盘
2520,13:06:53,59.61,149021,25,买盘
2521,13:06:56,59.6,2914446,489,卖盘
2522,13:06:59,59.6,887898,149,卖盘
2523,13:07:02,59.59,292023,49,中性盘
2524,13:07:05,59.59,95340,16,买盘
2525,13:07:08,59.6,637787,107,买盘
2526,13:07:11,59.61,77484,13,中性盘
2527,13:07:14,59.61,101329,17,买盘
2528,13:07:17,59.6,238414,40,卖盘
2529,13:07:20,59.61,149017,25,中性盘
2530,13:07:23,59.6,113257,19,卖盘
2531,13:07:26,59.6,59608,10,卖盘
2532,13:07:29,59.6,220525,37,卖盘
2533,13:07:32,59.6,149006,25,卖盘
2534,13:07:35,59.6,125160,21,卖盘
2535,13:07:38,59.61,95375,16,买盘
2536,13:07:41,59.61,143057,24,买盘
2537,13:07:47,59.61,53643,9,买盘
2538,13:07:50,59.61,709355,119,买盘
2539,13:07:53,59.6,35764,6,卖盘
2540,13:07:56,59.6,661561,111,卖盘
2541,13:07:59,59.6,1078762,181,卖盘
2542,13:08:02,59.6,566116,95,买盘
2543,13:08:05,59.57,6489313,1089,卖盘
2544,13:08:08,59.55,1667612,280,卖盘
2545,13:08:11,59.54,339378,57,卖盘
2546,13:08:14,59.53,2333568,392,卖盘
2547,13:08:17,59.52,1107082,186,卖盘
2548,13:08:20,59.52,154760,26,卖盘
2549,13:08:23,59.53,750065,126,买盘
2550,13:08:26,59.53,375039,63,买盘
2551,13:08:29,59.54,226255,38,买盘
2552,13:08:32,59.54,726676,122,卖盘
2553,13:08:35,59.55,11909,2,中性盘
2554,13:08:38,59.55,41700,7,卖盘
2555,13:08:41,59.54,381024,64,卖盘
2556,13:08:44,59.53,261977,44,卖盘
2557,13:08:47,59.56,101232,17,买盘
2558,13:08:50,59.54,381242,64,卖盘
2559,13:08:53,59.56,41692,7,中性盘
2560,13:08:56,59.55,375100,63,卖盘
2561,13:08:59,59.56,11912,2,中性盘
2562,13:09:02,59.55,530005,89,卖盘
2563,13:09:05,59.53,214358,36,卖盘
2564,13:09:08,59.53,756042,127,卖盘
2565,13:09:11,59.54,232171,39,买盘
2566,13:09:14,59.54,11908,2,买盘
2567,13:09:17,59.54,595319,100,买盘
2568,13:09:20,59.55,107184,18,买盘
2569,13:09:23,59.54,208417,35,卖盘
2570,13:09:26,59.55,47633,8,买盘
2571,13:09:29,59.55,23820,4,卖盘
2572,13:09:32,59.55,53595,9,卖盘
2573,13:09:35,59.55,809917,136,卖盘
2574,13:09:41,59.54,1363095,229,买盘
2575,13:09:44,59.52,339320,57,卖盘
2576,13:09:47,59.52,476242,80,卖盘
2577,13:09:50,59.53,676039,114,买盘
2578,13:09:53,59.51,208296,35,卖盘
2579,13:09:56,59.51,11902,2,卖盘
2580,13:09:59,59.51,113077,19,卖盘
2581,13:10:02,59.53,517874,87,买盘
2582,13:10:05,59.52,35712,6,卖盘
2583,13:10:08,59.53,220233,37,买盘
2584,13:10:11,59.53,722819,121,买盘
2585,13:10:14,59.53,119075,20,卖盘
2586,13:10:17,59.55,59541,10,买盘
2587,13:10:20,59.55,130990,22,买盘
2588,13:10:23,59.54,89323,15,卖盘
2589,13:10:26,59.54,83357,14,买盘
2590,13:10:29,59.55,172683,29,买盘
2591,13:10:32,59.54,327523,55,卖盘
2592,13:10:35,59.54,541814,91,卖盘
2593,13:10:38,59.54,714377,120,买盘
2594,13:10:41,59.54,261970,44,买盘
2595,13:10:44,59.54,428686,72,买盘
2596,13:10:47,59.54,71448,12,买盘
2597,13:10:50,59.55,184575,31,买盘
2598,13:10:53,59.54,1696849,285,卖盘
2599,13:10:56,59.54,256022,43,买盘
2600,13:10:59,59.54,101225,17,买盘
2601,13:11:02,59.54,29772,5,卖盘
2602,13:11:05,59.54,154804,26,卖盘
2603,13:11:08,59.54,47630,8,买盘
2604,13:11:11,59.53,523865,88,卖盘
2605,13:11:14,59.53,458396,77,卖盘
2606,13:11:17,59.53,273806,46,买盘
2607,13:11:20,59.53,172620,29,买盘
2608,13:11:23,59.53,529741,89,买盘
2609,13:11:26,59.52,172615,29,卖盘
2610,13:11:29,59.52,369025,62,卖盘
2611,13:11:32,59.51,2890062,486,卖盘
2612,13:11:35,59.5,16798564,2823,卖盘
2613,13:11:38,59.5,6658077,1119,卖盘
2614,13:11:41,59.51,261803,44,买盘
2615,13:11:44,59.5,273738,46,卖盘
2616,13:11:47,59.51,130912,22,买盘
2617,13:11:50,59.5,273727,46,卖盘
2618,13:11:53,59.5,208256,35,卖盘
2619,13:11:56,59.5,148753,25,卖盘
2620,13:11:59,59.51,583188,98,买盘
2621,13:12:02,59.5,4837358,813,卖盘
2622,13:12:05,59.5,5521612,928,卖盘
2623,13:12:08,59.51,1630302,274,买盘
2624,13:12:11,59.5,392705,66,卖盘
2625,13:12:14,59.52,577248,97,买盘
2626,13:12:17,59.51,964099,162,卖盘
2627,13:12:20,59.51,410626,69,卖盘
2628,13:12:23,59.51,285633,48,中性盘
2629,13:12:26,59.51,583237,98,买盘
2630,13:12:29,59.51,89264,15,买盘
2631,13:12:32,59.5,255878,43,卖盘
2632,13:12:35,59.51,261844,44,买盘
2633,13:12:38,59.51,178525,30,买盘
2634,13:12:41,59.5,142818,24,卖盘
2635,13:12:44,59.51,648575,109,买盘
2636,13:12:47,59.52,41658,7,买盘
2637,13:12:50,59.52,83327,14,买盘
2638,13:12:53,59.51,3351623,563,卖盘
2639,13:12:56,59.5,1934369,325,卖盘
2640,13:12:59,59.52,166633,28,买盘
2641,13:13:02,59.51,130923,22,卖盘
2642,13:13:05,59.51,172590,29,卖盘
2643,13:13:08,59.52,29761,5,中性盘
2644,13:13:11,59.52,107144,18,买盘
2645,13:13:14,59.53,166658,28,买盘
2646,13:13:17,59.53,17858,3,买盘
2647,13:13:20,59.53,142862,24,买盘
2648,13:13:23,59.53,678538,114,买盘
2649,13:13:26,59.53,35718,6,买盘
2650,13:13:29,59.53,113099,19,买盘
2651,13:13:32,59.53,23811,4,买盘
2652,13:13:35,59.53,797679,134,买盘
2653,13:13:38,59.53,1482264,249,买盘
2654,13:13:41,59.53,595266,100,卖盘
2655,13:13:44,59.53,226214,38,买盘
2656,13:13:47,59.53,47619,8,买盘
2657,13:13:50,59.53,59530,10,买盘
2658,13:13:56,59.53,160716,27,买盘
2659,13:13:59,59.53,619016,104,买盘
2660,13:14:02,59.52,267841,45,卖盘
2661,13:14:05,59.52,101182,17,买盘
2662,13:14:08,59.51,357075,60,卖盘
2663,13:14:11,59.51,190435,32,卖盘
2664,13:14:14,59.52,1827247,307,买盘
2665,13:14:17,59.51,3124326,525,卖盘
2666,13:14:20,59.52,2160415,363,买盘
2667,13:14:23,59.51,446357,75,卖盘
2668,13:14:26,59.52,154741,26,买盘
2669,13:14:29,59.52,190464,32,买盘
2670,13:14:32,59.52,47616,8,买盘
2671,13:14:35,59.52,142848,24,买盘
2672,13:14:38,59.52,136896,23,买盘
2673,13:14:41,59.52,142838,24,买盘
2674,13:14:44,59.52,35707,6,买盘
2675,13:14:47,59.51,65462,11,卖盘
2676,13:14:50,59.51,29757,5,卖盘
2677,13:14:53,59.51,71415,12,卖盘
2678,13:14:59,59.51,166629,28,卖盘
2679,13:15:02,59.52,71414,12,买盘
2680,13:15:05,59.51,571305,96,卖盘
2681,13:15:08,59.51,737925,124,卖盘
2682,13:15:11,59.51,410638,69,卖盘
2683,13:15:14,59.51,279699,47,卖盘
2684,13:15:17,59.51,678473,114,卖盘
2685,13:15:20,59.51,428476,72,卖盘
2686,13:15:23,59.51,856953,144,卖盘
2687,13:15:26,59.51,285649,48,卖盘
2688,13:15:29,59.52,928377,156,买盘
2689,13:15:32,59.51,327293,55,中性盘
2690,13:15:35,59.52,1339123,225,买盘
2691,13:15:38,59.51,59504,10,买盘
2692,13:15:41,59.51,71411,12,买盘
2693,13:15:44,59.51,779582,131,买盘
2694,13:15:47,59.51,47608,8,卖盘
2695,13:15:50,59.51,53562,9,卖盘
2696,13:15:53,59.51,208300,35,卖盘
2697,13:15:56,59.52,970165,163,买盘
2698,13:15:59,59.52,202368,34,卖盘
2699,13:16:02,59.53,148813,25,买盘
2700,13:16:05,59.53,369083,62,买盘
2701,13:16:08,59.52,107136,18,卖盘
2702,13:16:11,59.52,160713,27,卖盘
2703,13:16:14,59.53,124994,21,买盘
2704,13:16:17,59.52,130944,22,卖盘
2705,13:16:20,59.53,65474,11,买盘
2706,13:16:23,59.53,523797,88,买盘
2707,13:16:26,59.53,2184708,367,买盘
2708,13:16:29,59.51,154750,26,卖盘
2709,13:16:32,59.51,345170,58,卖盘
2710,13:16:35,59.51,583263,98,卖盘
2711,13:16:38,59.52,892796,150,买盘
2712,13:16:41,59.52,125001,21,中性盘
2713,13:16:44,59.52,386875,65,中性盘
2714,13:16:47,59.52,65474,11,中性盘
2715,13:16:50,59.52,11904,2,卖盘
2716,13:16:53,59.51,1469926,247,卖盘
2717,13:16:56,59.51,369015,62,中性盘
2718,13:16:59,59.51,53559,9,卖盘
2719,13:17:02,59.52,11904,2,买盘
2720,13:17:05,59.51,71415,12,卖盘
2721,13:17:08,59.52,214272,36,买盘
2722,13:17:14,59.52,2619596,440,卖盘
2723,13:17:17,59.52,1155021,194,卖盘
2724,13:17:20,59.55,1405023,236,买盘
2725,13:17:23,59.52,428744,72,卖盘
2726,13:17:26,59.53,113131,19,中性盘
2727,13:17:29,59.54,226312,38,中性盘
2728,13:17:32,59.56,577690,97,买盘
2729,13:17:35,59.55,911158,153,买盘
2730,13:17:38,59.55,65496,11,买盘
2731,13:17:41,59.55,393022,66,买盘
2732,13:17:44,59.54,160780,27,卖盘
2733,13:17:47,59.55,178650,30,买盘
2734,13:17:50,59.55,71460,12,买盘
2735,13:17:53,59.55,184585,31,买盘
2736,13:17:56,59.55,166740,28,卖盘
2737,13:17:59,59.55,65505,11,买盘
2738,13:18:02,59.55,142920,24,买盘
2739,13:18:05,59.54,339438,57,卖盘
2740,13:18:08,59.54,148850,25,卖盘
2741,13:18:11,59.55,476323,80,买盘
2742,13:18:14,59.54,166726,28,卖盘
2743,13:18:17,59.55,940899,158,买盘
2744,13:18:20,59.55,369210,62,买盘
2745,13:18:23,59.55,351376,59,买盘
2746,13:18:26,59.54,285882,48,卖盘
2747,13:18:29,59.55,279942,47,买盘
2748,13:18:32,59.56,244202,41,买盘
2749,13:18:35,59.55,381180,64,卖盘
2750,13:18:38,59.55,208456,35,卖盘
2751,13:18:41,59.56,41694,7,卖盘
2752,13:18:44,59.57,83378,14,买盘
2753,13:18:47,59.58,143684,24,买盘
2754,13:18:50,59.57,65528,11,卖盘
2755,13:18:53,59.56,244238,41,卖盘
2756,13:18:56,59.58,29790,5,买盘
2757,13:18:59,59.56,41692,7,卖盘
2758,13:19:02,59.57,137010,23,买盘
2759,13:19:05,59.56,59563,10,卖盘
2760,13:19:08,59.57,59563,10,买盘
2761,13:19:11,59.57,690898,116,买盘
2762,13:19:14,59.55,2757034,463,卖盘
2763,13:19:17,59.55,309662,52,卖盘
2764,13:19:20,59.55,136966,23,买盘
2765,13:19:23,59.54,452533,76,卖盘
2766,13:19:26,59.55,154830,26,买盘
2767,13:19:29,59.55,166740,28,买盘
2768,13:19:32,59.55,148900,25,卖盘
2769,13:19:35,59.56,208455,35,买盘
2770,13:19:38,59.56,488340,82,买盘
2771,13:19:41,59.56,506347,85,中性盘
2772,13:19:44,59.55,59550,10,卖盘
2773,13:19:47,59.55,47644,8,卖盘
2774,13:19:53,59.56,77418,13,买盘
2775,13:19:56,59.56,23823,4,买盘
2776,13:19:59,59.56,399041,67,买盘
2777,13:20:02,59.56,148900,25,买盘
2778,13:20:05,59.56,35736,6,卖盘
2779,13:20:08,59.56,279918,47,买盘
2780,13:20:11,59.57,59563,10,买盘
2781,13:20:14,59.57,29781,5,买盘
2782,13:20:17,59.57,83389,14,买盘
2783,13:20:20,59.57,1608126,270,买盘
2784,13:20:23,59.56,685021,115,卖盘
2785,13:20:26,59.57,500401,84,买盘
2786,13:20:29,59.57,589768,99,买盘
2787,13:20:32,59.57,947334,159,买盘
2788,13:20:35,59.58,154894,26,买盘
2789,13:20:38,59.59,655558,110,买盘
2790,13:20:41,59.59,631718,106,买盘
2791,13:20:44,59.59,601925,101,买盘
2792,13:20:47,59.59,125147,21,卖盘
2793,13:20:50,59.59,184734,31,卖盘
2794,13:20:53,59.59,488604,82,卖盘
2795,13:20:56,59.59,89377,15,买盘
2796,13:20:59,59.58,160867,27,卖盘
2797,13:21:02,59.59,2615968,439,买盘
2798,13:21:05,59.59,250292,42,卖盘
2799,13:21:08,59.59,315827,53,卖盘
2800,13:21:11,59.59,95343,16,卖盘
2801,13:21:14,59.59,286031,48,买盘
2802,13:21:17,59.59,65542,11,买盘
2803,13:21:20,59.59,494588,83,买盘
2804,13:21:23,59.59,560224,94,卖盘
2805,13:21:26,59.6,11920,2,买盘
2806,13:21:29,59.6,417193,70,买盘
2807,13:21:32,59.6,345718,58,买盘
2808,13:21:35,59.6,441068,74,买盘
2809,13:21:38,59.6,292122,49,卖盘
2810,13:21:41,59.6,393431,66,卖盘
2811,13:21:44,59.61,232494,39,中性盘
2812,13:21:47,59.61,196717,33,买盘
2813,13:21:50,59.61,339777,57,买盘
2814,13:21:53,59.62,47697,8,买盘
2815,13:21:56,59.61,292089,49,卖盘
2816,13:21:59,59.61,832333,140,卖盘
2817,13:22:02,59.62,339782,57,买盘
2818,13:22:05,59.62,1168514,196,买盘
2819,13:22:08,59.62,59620,10,卖盘
2820,13:22:11,59.62,107317,18,卖盘
2821,13:22:14,59.63,810965,136,买盘
2822,13:22:17,59.65,399590,67,买盘
2823,13:22:20,59.64,29820,5,中性盘
2824,13:22:23,59.64,101388,17,买盘
2825,13:22:26,59.64,256485,43,卖盘
2826,13:22:29,59.65,137192,23,买盘
2827,13:22:32,59.65,250497,42,买盘
2828,13:22:35,59.65,369831,62,买盘
2829,13:22:38,59.65,238600,40,卖盘
2830,13:22:41,59.65,143161,24,卖盘
2831,13:22:44,59.65,71584,12,卖盘
2832,13:22:47,59.65,65619,11,卖盘
2833,13:22:50,59.66,310225,52,买盘
2834,13:22:53,59.66,202837,34,买盘
2835,13:22:56,59.66,95460,16,卖盘
2836,13:22:59,59.67,107406,18,买盘
2837,13:23:02,59.68,17904,3,买盘
2838,13:23:05,59.67,65641,11,卖盘
2839,13:23:08,59.66,423651,71,卖盘
2840,13:23:11,59.66,3412574,572,卖盘
2841,13:23:14,59.66,489223,82,卖盘
2842,13:23:17,59.66,101413,17,卖盘
2843,13:23:20,59.67,310240,52,买盘
2844,13:23:23,59.67,202866,34,买盘
2845,13:23:26,59.67,829404,139,买盘
2846,13:23:29,59.67,1205317,202,卖盘
2847,13:23:32,59.67,131272,22,买盘
2848,13:23:35,59.67,173018,29,买盘
2849,13:23:38,59.66,250583,42,卖盘
2850,13:23:41,59.66,375869,63,卖盘
2851,13:23:44,59.65,53686,9,卖盘
2852,13:23:47,59.65,1997897,335,卖盘
2853,13:23:50,59.65,155090,26,卖盘
2854,13:23:53,59.65,17895,3,中性盘
2855,13:23:56,59.64,149115,25,卖盘
2856,13:23:59,59.64,244573,41,卖盘
2857,13:24:02,59.64,35779,6,买盘
2858,13:24:05,59.62,274265,46,卖盘
2859,13:24:08,59.64,870640,146,买盘
2860,13:24:11,59.64,220668,37,卖盘
2861,13:24:14,59.62,1174881,197,卖盘
2862,13:24:17,59.61,429224,72,卖盘
2863,13:24:20,59.61,256330,43,卖盘
2864,13:24:23,59.61,143068,24,卖盘
2865,13:24:26,59.61,11922,2,卖盘
2866,13:24:29,59.61,1305420,219,卖盘
2867,13:24:32,59.62,757137,127,买盘
2868,13:24:35,59.62,190741,32,买盘
2869,13:24:38,59.6,143046,24,卖盘
2870,13:24:41,59.61,149018,25,中性盘
2871,13:24:44,59.62,423275,71,买盘
2872,13:24:47,59.63,89435,15,买盘
2873,13:24:50,59.62,131172,22,卖盘
2874,13:24:53,59.62,321948,54,卖盘
2875,13:24:56,59.63,476964,80,买盘
2876,13:24:59,59.63,35777,6,买盘
2877,13:25:02,59.63,1717087,288,买盘
2878,13:25:05,59.61,59618,10,卖盘
2879,13:25:08,59.62,65575,11,买盘
2880,13:25:11,59.61,214626,36,卖盘
2881,13:25:17,59.61,47689,8,卖盘
2882,13:25:20,59.62,149034,25,买盘
2883,13:25:23,59.62,357734,60,买盘
2884,13:25:26,59.63,214667,36,买盘
2885,13:25:29,59.61,321958,54,卖盘
2886,13:25:32,59.63,399519,67,买盘
2887,13:25:35,59.63,1019799,171,卖盘
2888,13:25:38,59.65,131210,22,买盘
2889,13:25:41,59.64,95415,16,买盘
2890,13:25:44,59.64,125243,21,买盘
2891,13:25:47,59.64,77540,13,卖盘
2892,13:25:50,59.64,47712,8,卖盘
2893,13:25:53,59.62,2409022,404,卖盘
2894,13:25:59,59.62,59614,10,买盘
2895,13:26:02,59.61,500725,84,卖盘
2896,13:26:05,59.61,733127,123,卖盘
2897,13:26:08,59.6,202619,34,中性盘
2898,13:26:11,59.59,65550,11,卖盘
2899,13:26:14,59.58,2288599,384,卖盘
2900,13:26:17,59.59,107255,18,买盘
2901,13:26:20,59.58,405175,68,卖盘
2902,13:26:23,59.58,166829,28,卖盘
2903,13:26:26,59.58,17876,3,卖盘
2904,13:26:29,59.58,23833,4,卖盘
2905,13:26:32,59.58,208525,35,卖盘
2906,13:26:35,59.58,59580,10,买盘
2907,13:26:38,59.57,65531,11,卖盘
2908,13:26:41,59.58,1006873,169,买盘
2909,13:26:44,59.58,35748,6,卖盘
2910,13:26:47,59.58,65542,11,卖盘
2911,13:26:50,59.58,23832,4,中性盘
2912,13:26:53,59.58,83422,14,卖盘
2913,13:26:56,59.58,280032,47,买盘
2914,13:26:59,59.59,41707,7,买盘
2915,13:27:02,59.58,2466459,414,卖盘
2916,13:27:05,59.58,375286,63,卖盘
2917,13:27:08,59.58,107239,18,买盘
2918,13:27:11,59.59,399186,67,买盘
2919,13:27:14,59.58,29791,5,卖盘
2920,13:27:17,59.57,768517,129,卖盘
2921,13:27:20,59.57,297836,50,买盘
2922,13:27:23,59.57,184661,31,买盘
2923,13:27:26,59.57,137011,23,买盘
2924,13:27:29,59.56,333537,56,卖盘
2925,13:27:32,59.55,172712,29,卖盘
2926,13:27:35,59.56,232285,39,中性盘
2927,13:27:38,59.57,2102495,353,买盘
2928,13:27:41,59.57,297853,50,买盘
2929,13:27:44,59.57,29786,5,卖盘
2930,13:27:47,59.58,29786,5,买盘
2931,13:27:50,59.57,23830,4,卖盘
2932,13:27:53,59.57,35743,6,卖盘
2933,13:27:56,59.57,679109,114,卖盘
2934,13:27:59,59.57,208512,35,卖盘
2935,13:28:02,59.58,71496,12,买盘
2936,13:28:05,59.58,268073,45,买盘
2937,13:28:08,59.58,65529,11,买盘
2938,13:28:11,59.58,649384,109,买盘
2939,13:28:14,59.58,17874,3,买盘
2940,13:28:17,59.58,226375,38,买盘
2941,13:28:20,59.58,1406097,236,买盘
2942,13:28:23,59.58,504852,85,卖盘
2943,13:28:26,59.58,196628,33,卖盘
2944,13:28:29,59.58,125120,21,卖盘
2945,13:28:32,59.59,35752,6,买盘
2946,13:28:35,59.58,232382,39,卖盘
2947,13:28:38,59.58,89381,15,卖盘
2948,13:28:41,59.58,746360,125,卖盘
2949,13:28:44,59.58,71494,12,买盘
2950,13:28:47,59.58,95319,16,买盘
2951,13:28:50,59.57,59570,10,卖盘
2952,13:28:53,59.57,774438,130,卖盘
2953,13:28:56,59.57,131055,22,卖盘
2954,13:28:59,59.57,976948,164,卖盘
2955,13:29:02,59.57,732706,123,买盘
2956,13:29:05,59.57,268071,45,卖盘
2957,13:29:08,59.58,17873,3,买盘
2958,13:29:11,59.58,238287,40,买盘
2959,13:29:14,59.57,220412,37,卖盘
2960,13:29:17,59.57,71487,12,卖盘
2961,13:29:20,59.58,65538,11,买盘
2962,13:29:23,59.57,994825,167,卖盘
2963,13:29:26,59.58,23832,4,买盘
2964,13:29:29,59.57,405077,68,卖盘
2965,13:29:32,59.57,970994,163,卖盘
2966,13:29:35,59.57,53619,9,卖盘
2967,13:29:38,59.57,536160,90,卖盘
2968,13:29:41,59.57,393164,66,卖盘
2969,13:29:44,59.57,619530,104,买盘
2970,13:29:47,59.57,696971,117,卖盘
2971,13:29:50,59.57,500388,84,卖盘
2972,13:29:53,59.57,351463,59,卖盘
2973,13:29:56,59.57,619529,104,卖盘
2974,13:29:59,59.56,137009,23,卖盘
2975,13:30:02,59.55,1899923,319,卖盘
2976,13:30:05,59.53,3369846,566,卖盘
2977,13:30:08,59.56,773959,130,买盘
2978,13:30:11,59.54,83362,14,卖盘
2979,13:30:14,59.54,11909,2,卖盘
2980,13:30:17,59.55,53595,9,买盘
2981,13:30:20,59.54,226284,38,卖盘
2982,13:30:23,59.55,809869,136,买盘
2983,13:30:26,59.55,410895,69,买盘
2984,13:30:29,59.55,77415,13,卖盘
2985,13:30:32,59.55,381153,64,买盘
2986,13:30:35,59.55,107190,18,卖盘
2987,13:30:38,59.54,351305,59,卖盘
2988,13:30:41,59.55,2864352,481,买盘
2989,13:30:44,59.56,53599,9,买盘
2990,13:30:47,59.55,136986,23,卖盘
2991,13:30:50,59.56,23824,4,中性盘
2992,13:30:53,59.56,23824,4,卖盘
2993,13:30:56,59.57,65527,11,买盘
2994,13:30:59,59.56,125077,21,卖盘
2995,13:31:02,59.56,476481,80,卖盘
2996,13:31:05,59.56,95285,16,买盘
2997,13:31:08,59.56,620736,104,买盘
2998,13:31:11,59.57,17870,3,买盘
2999,13:31:14,59.56,29783,5,卖盘
3000,13:31:17,59.57,29781,5,买盘
3001,13:31:20,59.56,101254,17,卖盘
3002,13:31:23,59.57,59562,10,买盘
3003,13:31:26,59.57,589741,99,买盘
3004,13:31:29,59.56,684941,115,卖盘
3005,13:31:32,59.57,202507,34,买盘
3006,13:31:35,59.56,65516,11,卖盘
3007,13:31:38,59.57,256110,43,买盘
3008,13:31:41,59.57,184660,31,买盘
3009,13:31:44,59.57,95312,16,买盘
3010,13:31:47,59.57,5957,1,买盘
3011,13:31:50,59.58,467024,78,买盘
3012,13:31:53,59.58,29790,5,买盘
3013,13:31:56,59.58,89370,15,买盘
3014,13:31:59,59.58,1191410,200,买盘
3015,13:32:02,59.57,339553,57,卖盘
3016,13:32:05,59.57,1167598,196,卖盘
3017,13:32:08,59.58,309797,52,买盘
3018,13:32:11,59.57,160854,27,卖盘
3019,13:32:14,59.57,673156,113,卖盘
3020,13:32:17,59.58,1263255,212,买盘
3021,13:32:20,59.61,29804,5,买盘
3022,13:32:23,59.61,441024,74,买盘
3023,13:32:26,59.61,35766,6,买盘
3024,13:32:29,59.61,83454,14,买盘
3025,13:32:32,59.61,798777,134,买盘
3026,13:32:35,59.61,71533,12,卖盘
3027,13:32:38,59.61,17883,3,卖盘
3028,13:32:41,59.58,2378283,399,卖盘
3029,13:32:44,59.59,95343,16,买盘
3030,13:32:47,59.6,548278,92,买盘
3031,13:32:50,59.59,47672,8,买盘
3032,13:32:53,59.59,71504,12,买盘
3033,13:32:56,59.59,113211,19,中性盘
3034,13:32:59,59.59,47672,8,买盘
3035,13:33:02,59.58,178741,30,卖盘
3036,13:33:05,59.58,244284,41,卖盘
3037,13:33:08,59.59,315783,53,买盘
3038,13:33:11,59.57,333641,56,卖盘
3039,13:33:14,59.59,2252351,378,买盘
3040,13:33:17,59.56,2680471,450,卖盘
3041,13:33:20,59.56,309669,52,买盘
3042,13:33:23,59.55,29776,5,卖盘
