,成交时间,成交价格,成交金额,成交量,性质
0,09:25:02,41.4,2765520,668,卖盘
1,09:30:02,41.33,484256,117,卖盘
2,09:30:05,41.33,181684,44,买盘
3,09:30:08,41.27,218927,53,买盘
4,09:30:11,41.38,570347,138,买盘
5,09:30:14,41.27,545576,132,卖盘
6,09:30:17,41.35,309837,75,买盘
7,09:30:20,41.33,177704,43,中性盘
8,09:30:23,41.23,2223226,538,卖盘
9,09:30:26,41.35,248052,60,买盘
10,09:30:29,41.37,293721,71,买盘
11,09:30:32,41.38,1493503,361,买盘
12,09:30:35,41.38,389004,94,卖盘
13,09:30:38,41.37,492547,119,卖盘
14,09:30:41,41.4,463503,112,买盘
15,09:30:44,41.38,496778,120,卖盘
16,09:30:47,41.4,488516,118,买盘
17,09:30:50,41.39,314630,76,卖盘
18,09:30:53,41.35,811152,196,卖盘
19,09:30:56,41.38,451041,109,买盘
20,09:30:59,41.36,268845,65,中性盘
21,09:31:02,41.36,194427,47,买盘
22,09:31:05,41.47,57977,14,买盘
23,09:31:08,41.47,4147,1,买盘
24,09:31:11,41.41,58000,14,卖盘
25,09:31:14,41.45,787512,190,买盘
26,09:31:17,41.41,161476,39,买盘
27,09:31:20,41.4,57961,14,卖盘
28,09:31:23,41.39,318934,77,卖盘
29,09:31:26,41.4,173845,42,买盘
30,09:31:29,41.38,372571,90,卖盘
31,09:31:32,41.38,115865,28,卖盘
32,09:31:35,41.47,895249,216,买盘
33,09:31:38,41.45,252933,61,卖盘
34,09:31:41,41.41,33128,8,中性盘
35,09:31:44,41.4,269108,65,卖盘
36,09:31:47,41.38,566980,137,卖盘
37,09:31:50,41.38,186216,45,卖盘
38,09:31:53,41.38,119999,29,买盘
39,09:31:56,41.4,248371,60,买盘
40,09:31:59,41.4,78662,19,卖盘
41,09:32:02,41.39,269080,65,卖盘
42,09:32:05,41.41,347781,84,买盘
43,09:32:08,41.37,314658,76,卖盘
44,09:32:11,41.41,894607,216,中性盘
45,09:32:14,41.41,169774,41,买盘
46,09:32:17,41.4,82815,20,卖盘
47,09:32:20,41.41,525442,127,买盘
48,09:32:23,41.37,338910,82,中性盘
49,09:32:26,41.32,1524164,369,中性盘
50,09:32:29,41.41,1154902,279,买盘
51,09:32:32,41.44,178127,43,买盘
52,09:32:35,41.43,588051,142,中性盘
53,09:32:38,41.45,78755,19,买盘
54,09:32:41,41.44,256894,62,卖盘
55,09:32:44,41.45,323303,78,买盘
56,09:32:47,41.43,157484,38,卖盘
57,09:32:50,41.4,33135,8,卖盘
58,09:32:53,41.42,70409,17,买盘
59,09:32:56,41.4,86943,21,卖盘
60,09:32:59,41.41,33122,8,买盘
61,09:33:02,41.42,82840,20,买盘
62,09:33:05,41.4,70404,17,卖盘
63,09:33:08,41.39,82799,20,卖盘
64,09:33:11,41.39,517651,125,中性盘
65,09:33:14,41.4,8280,2,中性盘
66,09:33:17,41.38,124151,30,卖盘
67,09:33:20,41.36,1626013,393,卖盘
68,09:33:23,41.35,835619,202,卖盘
69,09:33:26,41.37,1377938,333,买盘
70,09:33:29,41.4,314535,76,中性盘
71,09:33:32,41.4,178021,43,卖盘
72,09:33:35,41.41,285650,69,买盘
73,09:33:38,41.4,49684,12,卖盘
74,09:33:41,41.4,111783,27,卖盘
75,09:33:44,41.38,186299,45,卖盘
76,09:33:47,41.38,49668,12,买盘
77,09:33:50,41.38,24831,6,卖盘
78,09:33:53,41.36,82745,20,卖盘
79,09:33:56,41.38,124140,30,买盘
80,09:33:59,41.39,405694,98,买盘
81,09:34:02,41.39,161433,39,卖盘
82,09:34:05,41.39,20695,5,中性盘
83,09:34:08,41.37,293798,71,卖盘
84,09:34:11,41.36,235764,57,卖盘
85,09:34:14,41.37,326700,79,买盘
86,09:34:17,41.37,215054,52,买盘
87,09:34:20,41.33,235692,57,卖盘
88,09:34:23,41.37,198462,48,买盘
89,09:34:26,41.34,86858,21,卖盘
90,09:34:29,41.38,525369,127,买盘
91,09:34:32,41.36,384599,93,中性盘
92,09:34:35,41.38,161383,39,买盘
93,09:34:38,41.38,53792,13,买盘
94,09:34:41,41.38,78622,19,卖盘
95,09:34:47,41.37,119974,29,卖盘
96,09:34:50,41.36,86863,21,卖盘
97,09:34:53,41.36,70312,17,买盘
98,09:34:56,41.35,227425,55,卖盘
99,09:34:59,41.34,8268,2,卖盘
100,09:35:02,41.33,239755,58,卖盘
101,09:35:05,41.33,12399,3,卖盘
102,09:35:08,41.34,1021041,247,买盘
103,09:35:11,41.33,409252,99,卖盘
104,09:35:14,41.31,264450,64,卖盘
105,09:35:17,41.32,285110,69,买盘
106,09:35:20,41.3,61965,15,卖盘
107,09:35:23,41.29,169341,41,卖盘
108,09:35:26,41.29,132157,32,中性盘
109,09:35:29,41.31,718899,174,买盘
110,09:35:32,41.32,194173,47,买盘
111,09:35:35,41.33,57865,14,买盘
112,09:35:38,41.35,53727,13,买盘
113,09:35:41,41.33,1214735,294,中性盘
114,09:35:44,41.32,33056,8,卖盘
115,09:35:47,41.32,74390,18,卖盘
116,09:35:50,41.32,41320,10,卖盘
117,09:35:53,41.31,115680,28,卖盘
118,09:35:56,41.31,144558,35,买盘
119,09:35:59,41.31,8261,2,买盘
120,09:36:02,41.3,53690,13,卖盘
121,09:36:05,41.3,24783,6,卖盘
122,09:36:08,41.31,53691,13,买盘
123,09:36:11,41.31,107391,26,买盘
124,09:36:14,41.32,437965,106,买盘
125,09:36:17,41.32,74388,18,卖盘
126,09:36:20,41.3,1540552,373,卖盘
127,09:36:23,41.28,144452,35,中性盘
128,09:36:26,41.27,280690,68,卖盘
129,09:36:29,41.27,276511,67,卖盘
130,09:36:32,41.27,70159,17,卖盘
131,09:36:35,41.27,115556,28,卖盘
132,09:36:38,41.27,198051,48,买盘
133,09:36:41,41.26,210437,51,卖盘
134,09:36:47,41.26,198013,48,买盘
135,09:36:50,41.25,350625,85,卖盘
136,09:36:53,41.25,210371,51,中性盘
137,09:36:56,41.24,24744,6,卖盘
138,09:36:59,41.24,94861,23,卖盘
139,09:37:02,41.26,519609,126,买盘
140,09:37:05,41.32,2129840,516,买盘
141,09:37:08,41.3,417267,101,卖盘
142,09:37:11,41.29,74328,18,卖盘
143,09:37:14,41.28,161019,39,卖盘
144,09:37:17,41.28,156827,38,中性盘
145,09:37:20,41.27,111438,27,中性盘
146,09:37:23,41.25,165008,40,卖盘
147,09:37:26,41.25,280494,68,买盘
148,09:37:29,41.25,20625,5,卖盘
149,09:37:35,41.26,33003,8,中性盘
150,09:37:38,41.26,111381,27,买盘
151,09:37:41,41.27,49516,12,买盘
152,09:37:44,41.26,528107,128,卖盘
153,09:37:47,41.26,198023,48,买盘
154,09:37:50,41.25,189760,46,卖盘
155,09:37:53,41.25,53627,13,卖盘
156,09:37:56,41.25,90750,22,买盘
157,09:37:59,41.24,210330,51,卖盘
158,09:38:02,41.25,1232891,299,买盘
159,09:38:05,41.22,346290,84,卖盘
160,09:38:08,41.21,325581,79,卖盘
161,09:38:11,41.2,1297995,315,卖盘
162,09:38:14,41.19,263681,64,卖盘
163,09:38:17,41.22,486314,118,买盘
164,09:38:20,41.22,713322,173,卖盘
165,09:38:23,41.25,103074,25,买盘
166,09:38:26,41.25,94817,23,买盘
167,09:38:29,41.25,346521,84,买盘
168,09:38:35,41.27,218582,53,买盘
169,09:38:38,41.27,243533,59,中性盘
170,09:38:41,41.28,160981,39,买盘
171,09:38:44,41.29,268327,65,买盘
172,09:38:47,41.28,37152,9,卖盘
173,09:38:50,41.27,268270,65,卖盘
174,09:38:53,41.28,433472,105,买盘
175,09:38:56,41.27,53651,13,卖盘
176,09:38:59,41.26,115549,28,卖盘
177,09:39:02,41.28,177461,43,买盘
178,09:39:05,41.28,53657,13,中性盘
179,09:39:08,41.28,41286,10,卖盘
180,09:39:11,41.28,165157,40,卖盘
181,09:39:14,41.3,218764,53,买盘
182,09:39:17,41.29,37157,9,中性盘
183,09:39:20,41.28,111495,27,卖盘
184,09:39:23,41.35,1230627,298,买盘
185,09:39:26,41.33,210740,51,卖盘
186,09:39:29,41.35,24808,6,中性盘
187,09:39:32,41.34,124020,30,卖盘
188,09:39:35,41.32,99188,24,卖盘
189,09:39:38,41.32,90904,22,卖盘
190,09:39:41,41.31,33043,8,中性盘
191,09:39:44,41.29,103248,25,卖盘
192,09:39:47,41.29,152861,37,卖盘
193,09:39:50,41.3,57814,14,买盘
194,09:39:53,41.29,78459,19,卖盘
195,09:39:56,41.3,20649,5,买盘
196,09:39:59,41.3,37165,9,买盘
197,09:40:02,41.3,227160,55,买盘
198,09:40:05,41.3,57827,14,卖盘
199,09:40:08,41.29,111499,27,卖盘
200,09:40:11,41.29,177555,43,卖盘
201,09:40:14,41.29,99106,24,卖盘
202,09:40:17,41.28,169269,41,卖盘
203,09:40:20,41.28,144480,35,卖盘
204,09:40:23,41.28,74304,18,卖盘
205,09:40:26,41.28,148584,36,买盘
206,09:40:29,41.27,198136,48,卖盘
207,09:40:32,41.27,28883,7,买盘
208,09:40:35,41.26,66016,16,卖盘
209,09:40:38,41.26,160916,39,卖盘
210,09:40:41,41.26,115541,28,卖盘
211,09:40:44,41.25,49500,12,卖盘
212,09:40:47,41.25,148526,36,卖盘
213,09:40:50,41.26,20626,5,买盘
214,09:40:53,41.26,57760,14,买盘
215,09:40:56,41.26,78377,19,买盘
216,09:40:59,41.25,20625,5,卖盘
217,09:41:02,41.25,243376,59,卖盘
218,09:41:05,41.25,98997,24,买盘
219,09:41:08,41.23,57735,14,卖盘
220,09:41:11,41.24,41231,10,买盘
221,09:41:14,41.23,144347,35,卖盘
222,09:41:17,41.2,1244615,302,卖盘
223,09:41:20,41.21,24730,6,中性盘
224,09:41:23,41.2,12362,3,卖盘
225,09:41:26,41.19,284277,69,卖盘
226,09:41:29,41.18,214184,52,卖盘
227,09:41:32,41.16,975835,237,卖盘
228,09:41:35,41.14,1671003,406,卖盘
229,09:41:38,41.15,111101,27,中性盘
230,09:41:41,41.17,448599,109,买盘
231,09:41:44,41.19,160572,39,买盘
232,09:41:47,41.2,276046,67,买盘
233,09:41:50,41.21,94787,23,卖盘
234,09:41:53,41.21,12363,3,卖盘
235,09:41:56,41.22,49464,12,买盘
236,09:41:59,41.22,53575,13,买盘
237,09:42:02,41.21,90665,22,卖盘
238,09:42:05,41.21,53573,13,卖盘
239,09:42:08,41.25,1072228,260,买盘
240,09:42:11,41.22,317602,77,卖盘
241,09:42:14,41.25,20627,5,中性盘
242,09:42:17,41.28,111376,27,买盘
243,09:42:20,41.24,185588,45,卖盘
244,09:42:23,41.27,206231,50,买盘
245,09:42:26,41.21,313322,76,卖盘
246,09:42:29,41.25,218599,53,买盘
247,09:42:32,41.23,140273,34,卖盘
248,09:42:35,41.29,74286,18,买盘
249,09:42:38,41.28,8256,2,中性盘
250,09:42:41,41.28,41286,10,卖盘
251,09:42:47,41.27,20635,5,卖盘
252,09:42:50,41.3,813433,197,买盘
253,09:42:53,41.27,41262,10,中性盘
254,09:42:56,41.27,12381,3,卖盘
255,09:42:59,41.27,305398,74,买盘
256,09:43:02,41.26,206343,50,卖盘
257,09:43:05,41.32,214690,52,买盘
258,09:43:08,41.3,61964,15,卖盘
259,09:43:11,41.31,16527,4,中性盘
260,09:43:14,41.31,45441,11,卖盘
261,09:43:17,41.3,66084,16,卖盘
262,09:43:20,41.3,619692,150,卖盘
263,09:43:23,41.31,86746,21,中性盘
264,09:43:26,41.3,20650,5,卖盘
265,09:43:29,41.3,49554,12,中性盘
266,09:43:32,41.28,24773,6,卖盘
267,09:43:35,41.28,37157,9,卖盘
268,09:43:38,41.3,351043,85,买盘
269,09:43:41,41.33,644516,156,买盘
270,09:43:44,41.33,165225,40,买盘
271,09:43:47,41.3,49562,12,卖盘
272,09:43:50,41.31,12393,3,买盘
273,09:43:53,41.31,45437,11,买盘
274,09:43:56,41.3,66084,16,卖盘
275,09:43:59,41.3,24784,6,卖盘
276,09:44:02,41.32,185901,45,买盘
277,09:44:05,41.3,268456,65,卖盘
278,09:44:08,41.32,66098,16,买盘
279,09:44:11,41.31,70227,17,卖盘
280,09:44:14,41.31,128088,31,卖盘
281,09:44:17,41.29,371765,90,卖盘
282,09:44:20,41.29,107362,26,卖盘
283,09:44:23,41.29,140386,34,卖盘
284,09:44:26,41.31,441988,107,买盘
285,09:44:29,41.33,119845,29,买盘
286,09:44:32,41.33,227315,55,买盘
287,09:44:35,41.33,42027,10,买盘
288,09:44:38,41.33,194238,47,买盘
289,09:44:41,41.33,82657,20,买盘
290,09:44:44,41.32,152886,37,卖盘
291,09:44:47,41.33,256243,62,买盘
292,09:44:50,41.32,177689,43,卖盘
293,09:44:53,41.32,53719,13,卖盘
294,09:44:56,41.32,33056,8,卖盘
295,09:44:59,41.32,8264,2,卖盘
296,09:45:02,41.3,433089,105,卖盘
297,09:45:05,41.28,70205,17,卖盘
298,09:45:08,41.29,107329,26,中性盘
299,09:45:11,41.28,169267,41,卖盘
300,09:45:14,41.25,169138,41,卖盘
301,09:45:17,41.24,160801,39,中性盘
302,09:45:20,41.25,24746,6,买盘
303,09:45:23,41.26,86618,21,买盘
304,09:45:26,41.23,94840,23,卖盘
305,09:45:29,41.25,24750,6,卖盘
306,09:45:32,41.25,53625,13,卖盘
307,09:45:35,41.23,12369,3,卖盘
308,09:45:38,41.24,37114,9,买盘
309,09:45:41,41.23,28865,7,卖盘
310,09:45:47,41.23,119569,29,卖盘
311,09:45:50,41.24,57736,14,卖盘
312,09:45:53,41.24,16496,4,卖盘
313,09:45:56,41.23,53609,13,卖盘
314,09:45:59,41.23,8246,2,卖盘
315,09:46:02,41.23,148428,36,卖盘
316,09:46:05,41.22,103052,25,卖盘
317,09:46:08,41.22,156643,38,卖盘
318,09:46:11,41.22,49464,12,卖盘
319,09:46:14,41.22,342114,83,买盘
320,09:46:17,41.21,226656,55,卖盘
321,09:46:20,41.22,20608,5,买盘
322,09:46:23,41.22,465725,113,买盘
323,09:46:26,41.22,12366,3,卖盘
324,09:46:29,41.21,37097,9,卖盘
325,09:46:32,41.21,32968,8,买盘
326,09:46:35,41.2,185405,45,卖盘
327,09:46:38,41.21,78298,19,买盘
328,09:46:41,41.21,41210,10,卖盘
329,09:46:44,41.2,49440,12,卖盘
330,09:46:47,41.21,12361,3,买盘
331,09:46:50,41.21,16484,4,买盘
332,09:46:53,41.21,131867,32,买盘
333,09:46:56,41.21,70057,17,买盘
334,09:46:59,41.22,136026,33,买盘
335,09:47:02,41.23,556531,135,买盘
336,09:47:05,41.24,156702,38,买盘
337,09:47:08,41.24,57746,14,卖盘
338,09:47:11,41.25,12373,3,买盘
339,09:47:14,41.25,32995,8,买盘
340,09:47:17,41.25,53625,13,买盘
341,09:47:20,41.25,41250,10,买盘
342,09:47:23,41.24,24748,6,卖盘
343,09:47:26,41.23,82478,20,卖盘
344,09:47:29,41.22,53593,13,卖盘
345,09:47:32,41.22,94807,23,卖盘
346,09:47:35,41.21,90662,22,卖盘
347,09:47:38,41.21,86541,21,卖盘
348,09:47:41,41.21,61803,15,买盘
349,09:47:44,41.2,70042,17,卖盘
350,09:47:47,41.2,45320,11,卖盘
351,09:47:50,41.2,45320,11,卖盘
352,09:47:53,41.2,65924,16,卖盘
353,09:47:56,41.2,8240,2,买盘
354,09:47:59,41.19,148288,36,卖盘
355,09:48:02,41.2,90626,22,买盘
356,09:48:05,41.21,436744,106,买盘
357,09:48:08,41.21,127778,31,卖盘
358,09:48:11,41.21,20605,5,卖盘
359,09:48:14,41.21,90662,22,卖盘
360,09:48:17,41.21,61815,15,卖盘
361,09:48:20,41.21,28839,7,买盘
362,09:48:23,41.21,8242,2,买盘
363,09:48:26,41.21,325559,79,买盘
364,09:48:29,41.22,20610,5,买盘
365,09:48:32,41.23,201992,49,买盘
366,09:48:41,41.23,103099,25,卖盘
367,09:48:44,41.23,12369,3,卖盘
368,09:48:47,41.24,8248,2,买盘
369,09:48:50,41.23,4123,1,卖盘
370,09:48:53,41.24,107222,26,买盘
371,09:48:56,41.23,86587,21,卖盘
372,09:48:59,41.22,20610,5,卖盘
373,09:49:02,41.22,8244,2,卖盘
374,09:49:05,41.2,57693,14,卖盘
375,09:49:08,41.2,12360,3,卖盘
376,09:49:11,41.21,53567,13,买盘
377,09:49:14,41.21,131871,32,买盘
378,09:49:20,41.2,218362,53,卖盘
379,09:49:23,41.21,152474,37,买盘
380,09:49:26,41.2,181296,44,卖盘
381,09:49:29,41.2,20601,5,卖盘
382,09:49:35,41.2,115360,28,卖盘
383,09:49:38,41.21,131864,32,买盘
384,09:49:41,41.2,70040,17,卖盘
385,09:49:44,41.2,94760,23,卖盘
386,09:49:47,41.19,16476,4,卖盘
387,09:49:50,41.19,37071,9,卖盘
388,09:49:53,41.2,168920,41,买盘
389,09:49:56,41.19,41192,10,卖盘
390,09:49:59,41.2,148319,36,买盘
391,09:50:02,41.19,115342,28,卖盘
392,09:50:05,41.2,49440,12,买盘
393,09:50:08,41.2,20597,5,买盘
394,09:50:14,41.19,53557,13,卖盘
395,09:50:17,41.21,395525,96,买盘
396,09:50:20,41.22,292620,71,买盘
397,09:50:23,41.23,28855,7,买盘
398,09:50:26,41.23,185540,45,买盘
399,09:50:29,41.23,24738,6,买盘
400,09:50:32,41.23,247453,60,买盘
401,09:50:35,41.25,8249,2,买盘
402,09:50:38,41.26,140266,34,买盘
403,09:50:41,41.26,28884,7,卖盘
404,09:50:44,41.28,206320,50,买盘
405,09:50:47,41.27,20635,5,买盘
406,09:50:50,41.26,193923,47,卖盘
407,09:50:53,41.25,37125,9,中性盘
408,09:50:56,41.24,12372,3,卖盘
409,09:50:59,41.24,160865,39,卖盘
410,09:51:02,41.25,202108,49,买盘
411,09:51:08,41.25,98999,24,买盘
412,09:51:11,41.27,610609,148,买盘
413,09:51:14,41.29,454054,110,买盘
414,09:51:17,41.3,70210,17,买盘
415,09:51:20,41.29,301477,73,卖盘
416,09:51:23,41.3,4130,1,买盘
417,09:51:26,41.3,144498,35,买盘
418,09:51:29,41.29,4129,1,中性盘
419,09:51:32,41.26,462253,112,卖盘
420,09:51:35,41.27,90778,22,买盘
421,09:51:38,41.27,115556,28,买盘
422,09:51:41,41.26,94913,23,卖盘
423,09:51:44,41.27,57776,14,买盘
424,09:51:47,41.27,4127,1,买盘
425,09:51:53,41.27,317713,77,买盘
426,09:51:56,41.28,156845,38,买盘
427,09:51:59,41.29,94967,23,买盘
428,09:52:02,41.3,734860,178,买盘
429,09:52:05,41.3,49560,12,中性盘
430,09:52:08,41.31,53701,13,买盘
431,09:52:11,41.32,722926,175,买盘
432,09:52:14,41.31,4131,1,卖盘
433,09:52:17,41.31,16524,4,卖盘
434,09:52:20,41.31,41310,10,卖盘
435,09:52:23,41.31,45441,11,卖盘
436,09:52:26,41.32,144597,35,买盘
437,09:52:29,41.31,33048,8,卖盘
438,09:52:32,41.32,132224,32,买盘
439,09:52:35,41.31,95015,23,卖盘
440,09:52:38,41.31,243722,59,卖盘
441,09:52:41,41.29,512235,124,卖盘
442,09:52:44,41.29,53675,13,买盘
443,09:52:47,41.29,66058,16,买盘
444,09:52:50,41.28,8256,2,中性盘
445,09:52:53,41.29,33030,8,买盘
446,09:52:56,41.28,8256,2,卖盘
447,09:52:59,41.29,20643,5,买盘
448,09:53:02,41.28,70176,17,卖盘
449,09:53:05,41.28,41280,10,卖盘
450,09:53:08,41.28,144480,35,卖盘
451,09:53:11,41.27,66036,16,卖盘
452,09:53:14,41.27,119683,29,卖盘
453,09:53:17,41.27,169212,41,卖盘
454,09:53:20,41.26,20630,5,卖盘
455,09:53:23,41.27,94910,23,买盘
456,09:53:26,41.26,74268,18,卖盘
457,09:53:29,41.25,111389,27,卖盘
458,09:53:32,41.25,20625,5,卖盘
459,09:53:35,41.25,37125,9,卖盘
460,09:53:38,41.26,309452,75,买盘
461,09:53:44,41.26,24756,6,卖盘
462,09:53:50,41.27,123810,30,买盘
463,09:53:56,41.26,70147,17,卖盘
464,09:53:59,41.26,49512,12,卖盘
465,09:54:02,41.26,264115,64,卖盘
466,09:54:05,41.26,16504,4,卖盘
467,09:54:08,41.26,132032,32,卖盘
468,09:54:11,41.27,218657,53,买盘
469,09:54:17,41.25,12375,3,卖盘
470,09:54:20,41.28,903972,219,买盘
471,09:54:23,41.28,132126,32,卖盘
472,09:54:26,41.29,103186,25,买盘
473,09:54:29,41.27,119697,29,卖盘
474,09:54:32,41.28,12384,3,买盘
475,09:54:35,41.27,8254,2,卖盘
476,09:54:38,41.27,70160,17,卖盘
477,09:54:41,41.27,57781,14,卖盘
478,09:54:44,41.27,127937,31,卖盘
479,09:54:47,41.26,148562,36,卖盘
480,09:54:50,41.26,198048,48,卖盘
481,09:54:53,41.26,598262,145,买盘
482,09:54:56,41.26,12378,3,卖盘
483,09:54:59,41.27,169168,41,买盘
484,09:55:02,41.26,292922,71,卖盘
485,09:55:05,41.26,111420,27,卖盘
486,09:55:08,41.27,49523,12,买盘
487,09:55:14,41.27,404432,98,买盘
488,09:55:17,41.27,8254,2,卖盘
489,09:55:20,41.27,148580,36,卖盘
490,09:55:23,41.28,136224,33,买盘
491,09:55:26,41.28,90823,22,卖盘
492,09:55:29,41.28,16514,4,卖盘
493,09:55:32,41.29,16516,4,买盘
494,09:55:35,41.28,12384,3,卖盘
495,09:55:38,41.28,12384,3,卖盘
496,09:55:44,41.29,82572,20,买盘
497,09:55:47,41.27,466450,113,卖盘
498,09:55:50,41.28,152734,37,买盘
499,09:55:53,41.28,144455,35,买盘
500,09:55:56,41.27,165106,40,卖盘
501,09:55:59,41.27,33016,8,卖盘
502,09:56:02,41.28,338489,82,买盘
503,09:56:05,41.29,132128,32,买盘
504,09:56:08,41.3,115637,28,买盘
505,09:56:11,41.28,8256,2,卖盘
506,09:56:14,41.31,140418,34,买盘
507,09:56:17,41.3,165220,40,卖盘
508,09:56:20,41.3,8260,2,卖盘
509,09:56:23,41.3,136290,33,卖盘
510,09:56:26,41.3,28910,7,卖盘
511,09:56:29,41.3,82607,20,卖盘
512,09:56:32,41.3,309750,75,卖盘
513,09:56:35,41.31,305644,74,买盘
514,09:56:38,41.31,119792,29,买盘
515,09:56:41,41.29,346993,84,卖盘
516,09:56:44,41.31,569917,138,中性盘
517,09:56:47,41.29,4129,1,中性盘
518,09:56:50,41.28,8256,2,卖盘
519,09:56:53,41.28,185821,45,卖盘
520,09:56:56,41.29,610968,148,中性盘
521,09:56:59,41.28,33026,8,卖盘
522,09:57:02,41.3,181699,44,买盘
523,09:57:05,41.26,338416,82,卖盘
524,09:57:08,41.26,276561,67,卖盘
525,09:57:14,41.26,169204,41,卖盘
526,09:57:17,41.25,375414,91,卖盘
527,09:57:23,41.25,111374,27,买盘
528,09:57:26,41.25,499436,121,卖盘
529,09:57:29,41.25,45375,11,卖盘
530,09:57:32,41.25,734225,178,买盘
531,09:57:35,41.25,86626,21,卖盘
532,09:57:38,41.26,37130,9,买盘
533,09:57:41,41.26,28881,7,买盘
534,09:57:44,41.25,16501,4,卖盘
535,09:57:47,41.26,57761,14,买盘
536,09:57:50,41.26,177412,43,买盘
537,09:57:53,41.26,4126,1,卖盘
538,09:57:56,41.26,53636,13,买盘
539,09:57:59,41.25,1126089,273,卖盘
540,09:58:02,41.25,8249,2,买盘
541,09:58:08,41.25,193872,47,买盘
542,09:58:11,41.25,24755,6,卖盘
543,09:58:14,41.27,8253,2,买盘
544,09:58:17,41.26,8252,2,卖盘
545,09:58:23,41.26,53638,13,卖盘
546,09:58:26,41.25,313502,76,卖盘
547,09:58:29,41.25,115510,28,卖盘
548,09:58:32,41.25,8250,2,卖盘
549,09:58:35,41.24,123748,30,卖盘
550,09:58:38,41.24,235083,57,卖盘
551,09:58:41,41.23,301049,73,卖盘
552,09:58:44,41.23,169070,41,卖盘
553,09:58:47,41.23,16493,4,卖盘
554,09:58:50,41.22,169042,41,卖盘
555,09:58:53,41.22,465758,113,卖盘
556,09:58:56,41.2,828248,201,卖盘
557,09:58:59,41.18,1219130,296,卖盘
558,09:59:02,41.15,555688,135,卖盘
559,09:59:05,41.14,1600653,389,卖盘
560,09:59:08,41.12,143952,35,卖盘
561,09:59:11,41.13,160374,39,买盘
562,09:59:14,41.11,226166,55,卖盘
563,09:59:17,41.12,24668,6,买盘
564,09:59:20,41.12,731822,178,买盘
565,09:59:23,41.1,341253,83,卖盘
566,09:59:26,41.1,180864,44,卖盘
567,09:59:29,41.11,156190,38,买盘
568,09:59:32,41.11,32886,8,买盘
569,09:59:35,41.11,419227,102,买盘
570,09:59:38,41.1,234292,57,卖盘
571,09:59:41,41.1,90433,22,卖盘
572,09:59:44,41.1,41100,10,卖盘
573,09:59:47,41.1,73981,18,卖盘
574,09:59:50,41.11,390504,95,买盘
575,09:59:53,41.11,258946,63,买盘
576,09:59:56,41.1,147963,36,卖盘
577,09:59:59,41.09,275333,67,卖盘
578,10:00:02,41.08,312285,76,卖盘
579,10:00:05,41.08,328606,80,卖盘
580,10:00:08,41.06,533824,130,卖盘
581,10:00:11,41.06,143729,35,卖盘
582,10:00:14,41.06,258680,63,卖盘
583,10:00:17,41.08,119102,29,买盘
584,10:00:20,41.08,632620,154,买盘
585,10:00:23,41.07,82166,20,卖盘
586,10:00:26,41.1,139693,34,买盘
587,10:00:29,41.09,73969,18,卖盘
588,10:00:35,41.1,176714,43,买盘
589,10:00:38,41.1,94520,23,买盘
590,10:00:41,41.1,156169,38,买盘
591,10:00:44,41.1,102741,25,买盘
592,10:00:47,41.1,201350,49,买盘
593,10:00:50,41.1,160270,39,买盘
594,10:00:53,41.1,139730,34,买盘
595,10:00:56,41.11,41107,10,买盘
596,10:00:59,41.1,24661,6,卖盘
597,10:01:02,41.09,234238,57,卖盘
598,10:01:05,41.09,16435,4,中性盘
599,10:01:08,41.08,164332,40,卖盘
600,10:01:11,41.09,119146,29,买盘
601,10:01:14,41.09,36980,9,买盘
602,10:01:17,41.08,143782,35,卖盘
603,10:01:20,41.09,98612,24,买盘
604,10:01:26,41.09,250591,61,买盘
605,10:01:29,41.08,702523,171,卖盘
606,10:01:32,41.09,193122,47,买盘
607,10:01:35,41.09,119161,29,卖盘
608,10:01:38,41.1,287631,70,买盘
609,10:01:41,41.09,45204,11,卖盘
610,10:01:44,41.09,24656,6,卖盘
611,10:01:47,41.09,20546,5,卖盘
612,10:01:50,41.09,168469,41,卖盘
613,10:01:53,41.11,447974,109,买盘
614,10:01:56,41.11,28783,7,卖盘
615,10:01:59,41.12,4112,1,买盘
616,10:02:02,41.11,61665,15,卖盘
617,10:02:05,41.11,28782,7,中性盘
618,10:02:08,41.11,94556,23,卖盘
619,10:02:11,41.1,291813,71,卖盘
620,10:02:14,41.1,234320,57,卖盘
621,10:02:17,41.1,36992,9,卖盘
622,10:02:20,41.1,110984,27,卖盘
623,10:02:23,41.11,250742,61,买盘
624,10:02:26,41.11,36999,9,买盘
625,10:02:29,41.1,702795,171,卖盘
626,10:02:32,41.09,193152,47,卖盘
627,10:02:35,41.09,41090,10,卖盘
628,10:02:38,41.09,65751,16,卖盘
629,10:02:41,41.09,20547,5,卖盘
630,10:02:44,41.09,53417,13,卖盘
631,10:02:47,41.09,139713,34,卖盘
632,10:02:50,41.09,131506,32,卖盘
633,10:02:53,41.09,156145,38,卖盘
634,10:02:56,41.09,110960,27,卖盘
635,10:02:59,41.09,28763,7,卖盘
636,10:03:02,41.09,90398,22,卖盘
637,10:03:05,41.08,250591,61,卖盘
638,10:03:08,41.09,45199,11,买盘
639,10:03:11,41.08,41080,10,卖盘
640,10:03:14,41.08,156122,38,卖盘
641,10:03:17,41.08,41085,10,卖盘
642,10:03:20,41.09,41090,10,买盘
643,10:03:23,41.09,36980,9,买盘
644,10:03:26,41.08,505363,123,卖盘
645,10:03:29,41.09,82180,20,买盘
646,10:03:32,41.09,135597,33,卖盘
647,10:03:38,41.11,2400388,584,买盘
648,10:03:41,41.11,115113,28,卖盘
649,10:03:44,41.13,16449,4,买盘
650,10:03:47,41.12,193245,47,中性盘
651,10:03:50,41.13,197427,48,买盘
652,10:03:53,41.12,45238,11,卖盘
653,10:03:56,41.13,90486,22,买盘
654,10:03:59,41.13,53469,13,买盘
655,10:04:02,41.13,94587,23,买盘
656,10:04:05,41.13,139842,34,买盘
657,10:04:08,41.14,193358,47,买盘
658,10:04:11,41.15,263360,64,买盘
659,10:04:14,41.14,131669,32,卖盘
660,10:04:17,41.16,74104,18,中性盘
661,10:04:20,41.17,57626,14,买盘
662,10:04:23,41.17,251162,61,买盘
663,10:04:26,41.17,246997,60,卖盘
664,10:04:29,41.19,32952,8,买盘
665,10:04:32,41.18,37062,9,买盘
666,10:04:35,41.19,177090,43,买盘
667,10:04:38,41.19,20595,5,买盘
668,10:04:41,41.19,78227,19,买盘
669,10:04:47,41.18,41180,10,买盘
670,10:04:50,41.16,65866,16,卖盘
671,10:04:53,41.17,78238,19,卖盘
672,10:04:56,41.17,24702,6,卖盘
673,10:04:59,41.16,115250,28,卖盘
674,10:05:02,41.16,98784,24,卖盘
675,10:05:05,41.15,267485,65,卖盘
676,10:05:08,41.13,127524,31,卖盘
677,10:05:11,41.13,24681,6,卖盘
678,10:05:14,41.12,78128,19,卖盘
679,10:05:17,41.12,16449,4,卖盘
680,10:05:20,41.12,69907,17,卖盘
681,10:05:23,41.12,94578,23,卖盘
682,10:05:26,41.12,28784,7,买盘
683,10:05:29,41.11,69888,17,卖盘
684,10:05:32,41.11,172679,42,卖盘
685,10:05:35,41.11,127451,31,卖盘
686,10:05:38,41.12,94573,23,买盘
687,10:05:41,41.12,82240,20,买盘
688,10:05:44,41.12,24672,6,卖盘
689,10:05:47,41.12,49343,12,买盘
690,10:05:50,41.12,78128,19,买盘
691,10:05:53,41.12,65792,16,买盘
692,10:05:56,41.12,115136,28,买盘
693,10:05:59,41.12,156241,38,买盘
694,10:06:02,41.12,119248,29,买盘
695,10:06:05,41.12,37008,9,买盘
696,10:06:08,41.12,24672,6,买盘
697,10:06:11,41.12,41120,10,买盘
698,10:06:14,41.11,139797,34,卖盘
699,10:06:17,41.11,180891,44,卖盘
700,10:06:20,41.11,90451,22,卖盘
701,10:06:23,41.12,41120,10,买盘
702,10:06:26,41.11,106894,26,卖盘
703,10:06:29,41.11,16442,4,买盘
704,10:06:32,41.11,24663,6,买盘
705,10:06:35,41.1,189081,46,卖盘
706,10:06:38,41.1,423343,103,卖盘
707,10:06:41,41.08,308183,75,卖盘
708,10:06:44,41.09,213693,52,买盘
709,10:06:47,41.09,32872,8,卖盘
710,10:06:50,41.09,189037,46,买盘
711,10:06:53,41.09,8219,2,卖盘
712,10:06:56,41.1,156169,38,买盘
713,10:06:59,41.1,164382,40,买盘
714,10:07:02,41.1,12330,3,买盘
715,10:07:05,41.09,36980,9,中性盘
716,10:07:08,41.09,139685,34,买盘
717,10:07:11,41.09,73958,18,买盘
718,10:07:14,41.08,225942,55,卖盘
719,10:07:17,41.08,131486,32,卖盘
720,10:07:20,41.08,813391,198,卖盘
721,10:07:23,41.07,369691,90,卖盘
722,10:07:26,41.07,110889,27,卖盘
723,10:07:29,41.06,443547,108,卖盘
724,10:07:32,41.03,4363463,1063,卖盘
725,10:07:35,41.02,1230895,300,卖盘
726,10:07:38,41.03,225636,55,买盘
727,10:07:41,41.02,213507,52,买盘
728,10:07:44,41.02,24612,6,卖盘
729,10:07:47,41.04,229804,56,买盘
730,10:07:50,41.03,114903,28,中性盘
731,10:07:53,41.03,238023,58,卖盘
732,10:07:56,41.0,5297780,1292,卖盘
733,10:07:59,41.0,94300,23,买盘
734,10:08:02,41.0,881494,215,买盘
735,10:08:05,41.0,159884,39,买盘
736,10:08:08,40.99,299236,73,卖盘
737,10:08:11,41.0,475535,116,卖盘
738,10:08:14,41.0,266500,65,卖盘
739,10:08:17,41.0,4100,1,买盘
740,10:08:20,41.0,73798,18,买盘
741,10:08:23,41.0,135293,33,买盘
742,10:08:26,41.0,147579,36,买盘
743,10:08:29,41.0,102487,25,买盘
744,10:08:32,40.99,86093,21,卖盘
745,10:08:35,40.99,81980,20,中性盘
746,10:08:38,40.99,122970,30,买盘
747,10:08:41,40.98,90159,22,卖盘
748,10:08:44,40.98,155731,38,卖盘
749,10:08:47,40.98,258187,63,卖盘
750,10:08:50,40.98,319654,78,卖盘
751,10:08:53,40.99,69681,17,买盘
752,10:08:56,40.98,295072,72,卖盘
753,10:08:59,40.99,102454,25,买盘
754,10:09:02,40.97,540806,132,卖盘
755,10:09:05,40.98,192600,47,买盘
756,10:09:08,40.96,49155,12,卖盘
757,10:09:11,40.97,57364,14,卖盘
758,10:09:14,40.98,221263,54,买盘
759,10:09:17,40.97,213080,52,卖盘
760,10:09:20,40.97,40975,10,卖盘
761,10:09:23,40.99,40989,10,买盘
762,10:09:26,40.97,135232,33,卖盘
763,10:09:29,41.0,364820,89,买盘
764,10:09:32,41.0,463300,113,买盘
765,10:09:35,41.02,209156,51,买盘
766,10:09:41,41.02,200941,49,买盘
767,10:09:44,41.01,53313,13,中性盘
768,10:09:47,41.02,61530,15,买盘
769,10:09:50,41.02,73830,18,买盘
770,10:09:53,41.01,241959,59,卖盘
771,10:09:56,41.02,61529,15,买盘
772,10:09:59,41.03,274887,67,买盘
773,10:10:02,41.02,36923,9,卖盘
774,10:10:05,41.02,90262,22,卖盘
775,10:10:08,41.03,324058,79,中性盘
776,10:10:11,41.04,139490,34,买盘
777,10:10:14,41.05,833131,203,买盘
778,10:10:17,41.06,65674,16,买盘
779,10:10:20,41.05,45165,11,中性盘
780,10:10:23,41.06,36949,9,买盘
781,10:10:26,41.04,184683,45,卖盘
782,10:10:29,41.05,155961,38,买盘
783,10:10:32,41.07,135502,33,买盘
784,10:10:35,41.07,16427,4,买盘
785,10:10:38,41.07,135531,33,买盘
786,10:10:41,41.07,49283,12,买盘
787,10:10:47,41.06,213580,52,卖盘
788,10:10:50,41.08,36964,9,买盘
789,10:10:53,41.06,221775,54,卖盘
790,10:10:56,41.07,209442,51,买盘
791,10:10:59,41.05,86207,21,卖盘
792,10:11:02,41.07,41068,10,买盘
793,10:11:05,41.07,28749,7,买盘
794,10:11:08,41.06,28744,7,卖盘
795,10:11:11,41.06,41059,10,买盘
796,10:11:14,41.06,45166,11,买盘
797,10:11:17,41.05,57475,14,卖盘
798,10:11:20,41.06,16423,4,买盘
799,10:11:23,41.05,168318,41,卖盘
800,10:11:26,41.05,49271,12,卖盘
801,10:11:29,41.06,69786,17,买盘
802,10:11:32,41.06,36950,9,买盘
803,10:11:35,41.06,32848,8,买盘
804,10:11:38,41.06,69790,17,卖盘
805,10:11:41,41.06,28751,7,卖盘
806,10:11:44,41.06,24640,6,卖盘
807,10:11:47,41.06,32850,8,卖盘
808,10:11:50,41.06,24639,6,卖盘
809,10:11:53,41.07,73916,18,买盘
810,10:11:56,41.07,4107,1,买盘
811,10:11:59,41.07,24638,6,买盘
812,10:12:05,41.08,16432,4,买盘
813,10:12:08,41.07,73920,18,卖盘
814,10:12:11,41.06,86233,21,卖盘
815,10:12:14,41.07,28749,7,买盘
816,10:12:17,41.06,61596,15,卖盘
817,10:12:20,41.08,53391,13,买盘
818,10:12:23,41.06,49278,12,卖盘
819,10:12:26,41.08,86265,21,买盘
820,10:12:29,41.07,365530,89,卖盘
821,10:12:32,41.08,53404,13,买盘
822,10:12:35,41.09,32868,8,买盘
823,10:12:38,41.07,49295,12,卖盘
824,10:12:41,41.08,78052,19,买盘
825,10:12:44,41.08,24648,6,买盘
826,10:12:47,41.08,36972,9,卖盘
827,10:12:50,41.08,86272,21,卖盘
828,10:12:53,41.08,287634,70,卖盘
829,10:12:56,41.09,49308,12,卖盘
830,10:12:59,41.09,36980,9,买盘
831,10:13:02,41.09,86289,21,卖盘
832,10:13:05,41.12,127428,31,买盘
833,10:13:08,41.11,53451,13,卖盘
834,10:13:11,41.12,102807,25,卖盘
835,10:13:14,41.12,123380,30,买盘
836,10:13:17,41.14,123384,30,买盘
837,10:13:20,41.14,37016,9,买盘
838,10:13:26,41.16,440407,107,买盘
839,10:13:29,41.17,94677,23,买盘
840,10:13:32,41.17,20585,5,买盘
841,10:13:35,41.17,32936,8,买盘
842,10:13:38,41.16,90560,22,卖盘
843,10:13:41,41.16,8232,2,买盘
844,10:13:44,41.16,45276,11,买盘
845,10:13:47,41.15,74079,18,卖盘
846,10:13:50,41.16,41164,10,买盘
847,10:13:53,41.17,362251,88,买盘
848,10:13:56,41.17,37053,9,卖盘
849,10:13:59,41.18,12354,3,买盘
850,10:14:02,41.16,168790,41,卖盘
851,10:14:05,41.16,37049,9,卖盘
852,10:14:08,41.16,172881,42,卖盘
853,10:14:11,41.17,69986,17,买盘
854,10:14:17,41.18,172942,42,买盘
855,10:14:20,41.18,53534,13,买盘
856,10:14:23,41.21,168916,41,买盘
857,10:14:26,41.19,49429,12,卖盘
858,10:14:29,41.19,20599,5,卖盘
859,10:14:32,41.2,8240,2,买盘
860,10:14:35,41.19,78278,19,卖盘
861,10:14:38,41.2,70030,17,中性盘
862,10:14:44,41.2,832222,202,买盘
863,10:14:47,41.19,94752,23,卖盘
864,10:14:50,41.2,4120,1,买盘
865,10:14:53,41.21,193687,47,买盘
866,10:14:56,41.21,24725,6,买盘
867,10:14:59,41.21,230724,56,卖盘
868,10:15:02,41.21,53573,13,买盘
869,10:15:05,41.22,20608,5,买盘
870,10:15:08,41.22,78298,19,买盘
871,10:15:11,41.21,577049,140,中性盘
872,10:15:14,41.21,53574,13,买盘
873,10:15:17,41.2,222497,54,卖盘
874,10:15:20,41.21,185427,45,买盘
875,10:15:23,41.21,4121,1,买盘
876,10:15:26,41.21,20602,5,买盘
877,10:15:29,41.22,300862,73,买盘
878,10:15:32,41.22,32969,8,买盘
879,10:15:35,41.22,24731,6,买盘
880,10:15:38,41.21,82419,20,买盘
881,10:15:41,41.21,57688,14,买盘
882,10:15:44,41.2,12360,3,卖盘
883,10:15:47,41.2,41202,10,卖盘
884,10:15:50,41.2,4120,1,卖盘
885,10:15:53,41.21,8242,2,买盘
886,10:15:56,41.2,164802,40,卖盘
887,10:15:59,41.19,57681,14,卖盘
888,10:16:02,41.21,41210,10,买盘
889,10:16:05,41.2,24716,6,中性盘
890,10:16:08,41.19,226593,55,卖盘
891,10:16:11,41.2,8240,2,买盘
892,10:16:17,41.19,276023,67,卖盘
893,10:16:20,41.2,4120,1,买盘
894,10:16:23,41.19,12359,3,卖盘
895,10:16:26,41.2,263673,64,买盘
896,10:16:29,41.19,90618,22,卖盘
897,10:16:32,41.19,90618,22,卖盘
898,10:16:35,41.19,8237,2,买盘
899,10:16:38,41.18,94714,23,卖盘
900,10:16:41,41.18,49416,12,卖盘
901,10:16:44,41.17,288253,70,卖盘
902,10:16:47,41.17,12352,3,卖盘
903,10:16:50,41.18,259366,63,买盘
904,10:16:53,41.16,127601,31,卖盘
905,10:16:56,41.15,238695,58,卖盘
906,10:16:59,41.15,144036,35,卖盘
907,10:17:02,41.15,172836,42,卖盘
908,10:17:05,41.15,267475,65,卖盘
909,10:17:08,41.1,69904,17,卖盘
910,10:17:11,41.1,419347,102,卖盘
911,10:17:14,41.1,94550,23,卖盘
912,10:17:17,41.09,65766,16,卖盘
913,10:17:20,41.09,4109,1,卖盘
914,10:17:26,41.08,386237,94,卖盘
915,10:17:29,41.08,550439,134,买盘
916,10:17:32,41.07,82140,20,卖盘
917,10:17:35,41.08,139663,34,买盘
918,10:17:38,41.07,221781,54,卖盘
919,10:17:41,41.08,295757,72,买盘
920,10:17:44,41.08,69843,17,卖盘
921,10:17:47,41.08,209522,51,卖盘
922,10:17:50,41.08,28757,7,卖盘
923,10:17:53,41.09,36981,9,买盘
924,10:17:56,41.09,123268,30,买盘
925,10:17:59,41.08,61620,15,卖盘
926,10:18:02,41.09,32872,8,买盘
927,10:18:05,41.09,106834,26,买盘
928,10:18:08,41.09,131475,32,买盘
929,10:18:11,41.09,65739,16,买盘
930,10:18:14,41.08,24649,6,卖盘
931,10:18:17,41.08,12325,3,卖盘
932,10:18:20,41.09,82167,20,买盘
933,10:18:23,41.09,242429,59,买盘
934,10:18:26,41.1,4110,1,买盘
935,10:18:29,41.1,115062,28,买盘
936,10:18:32,41.1,135620,33,买盘
937,10:18:35,41.1,4110,1,买盘
938,10:18:38,41.09,57527,14,卖盘
939,10:18:41,41.1,115080,28,买盘
940,10:18:47,41.09,172603,42,卖盘
941,10:18:50,41.1,250703,61,买盘
942,10:18:53,41.09,24654,6,卖盘
943,10:18:59,41.1,168474,41,买盘
944,10:19:02,41.1,12330,3,买盘
945,10:19:08,41.1,45201,11,买盘
946,10:19:11,41.08,205455,50,卖盘
947,10:19:14,41.09,28765,7,中性盘
948,10:19:17,41.08,143782,35,卖盘
949,10:19:20,41.08,73955,18,卖盘
950,10:19:26,41.08,49306,12,卖盘
951,10:19:29,41.07,151990,37,卖盘
952,10:19:32,41.07,8215,2,卖盘
953,10:19:35,41.07,65712,16,卖盘
954,10:19:44,41.06,4106,1,卖盘
955,10:19:47,41.06,16425,4,卖盘
956,10:19:56,41.06,49272,12,卖盘
957,10:19:59,41.07,106781,26,买盘
958,10:20:02,41.06,24636,6,卖盘
959,10:20:05,41.06,36955,9,卖盘
960,10:20:08,41.06,61594,15,卖盘
961,10:20:11,41.06,12318,3,卖盘
962,10:20:14,41.06,45166,11,买盘
963,10:20:17,41.07,299751,73,买盘
964,10:20:23,41.07,287490,70,卖盘
965,10:20:26,41.05,45176,11,卖盘
966,10:20:29,41.06,32841,8,买盘
967,10:20:32,41.06,131380,32,买盘
968,10:20:35,41.05,16420,4,卖盘
969,10:20:38,41.06,254521,62,买盘
970,10:20:44,41.06,20530,5,卖盘
971,10:20:47,41.06,16424,4,卖盘
972,10:20:50,41.05,147762,36,中性盘
973,10:20:56,41.05,57466,14,买盘
974,10:20:59,41.05,49252,12,买盘
975,10:21:02,41.05,24630,6,买盘
976,10:21:08,41.05,82088,20,买盘
977,10:21:11,41.05,28735,7,买盘
978,10:21:14,41.05,12315,3,买盘
979,10:21:17,41.04,24624,6,卖盘
980,10:21:20,41.03,69751,17,卖盘
981,10:21:23,41.05,205233,50,买盘
982,10:21:29,41.04,164127,40,买盘
983,10:21:32,41.04,20520,5,买盘
984,10:21:35,41.04,36930,9,买盘
985,10:21:38,41.03,77957,19,卖盘
986,10:21:41,41.03,143620,35,卖盘
987,10:21:44,41.03,16412,4,卖盘
988,10:21:47,41.03,131296,32,卖盘
989,10:21:50,41.03,426695,104,卖盘
990,10:21:53,41.02,82052,20,卖盘
991,10:21:56,41.02,28714,7,卖盘
992,10:21:59,41.02,123060,30,卖盘
993,10:22:02,41.03,65633,16,买盘
994,10:22:05,41.02,36918,9,卖盘
995,10:22:08,41.02,20510,5,卖盘
996,10:22:14,41.02,118958,29,买盘
997,10:22:17,41.02,61530,15,买盘
998,10:22:20,41.02,36918,9,卖盘
999,10:22:23,41.02,32816,8,卖盘
1000,10:22:29,41.03,258488,63,买盘
1001,10:22:32,41.03,102575,25,卖盘
1002,10:22:35,41.03,82060,20,卖盘
1003,10:22:38,41.03,102578,25,卖盘
1004,10:22:41,41.03,57442,14,卖盘
1005,10:22:44,41.04,180572,44,买盘
1006,10:22:50,41.03,49236,12,卖盘
1007,10:22:53,41.04,24624,6,买盘
1008,10:22:59,41.03,180532,44,卖盘
1009,10:23:05,41.04,41040,10,买盘
1010,10:23:08,41.03,381661,93,卖盘
1011,10:23:11,41.04,147744,36,买盘
1012,10:23:14,41.04,402186,98,买盘
1013,10:23:17,41.05,98516,24,买盘
1014,10:23:20,41.05,176483,43,买盘
1015,10:23:23,41.04,221704,54,卖盘
1016,10:23:26,41.05,160095,39,买盘
1017,10:23:29,41.06,394093,96,买盘
1018,10:23:32,41.05,8210,2,卖盘
1019,10:23:35,41.06,36953,9,买盘
1020,10:23:38,41.05,168335,41,卖盘
1021,10:23:41,41.04,127244,31,卖盘
1022,10:23:44,41.05,123125,30,买盘
1023,10:23:47,41.06,65695,16,买盘
1024,10:23:50,41.06,94438,23,卖盘
1025,10:23:53,41.04,1650549,402,卖盘
1026,10:23:56,41.05,65675,16,买盘
1027,10:23:59,41.04,20520,5,中性盘
1028,10:24:02,41.04,45143,11,买盘
1029,10:24:05,41.04,537623,131,买盘
1030,10:24:08,41.03,61554,15,卖盘
1031,10:24:11,41.04,32832,8,买盘
1032,10:24:14,41.04,90288,22,买盘
1033,10:24:23,41.05,4105,1,买盘
1034,10:24:29,41.04,320167,78,卖盘
1035,10:24:32,41.05,16420,4,中性盘
1036,10:24:38,41.05,36945,9,买盘
1037,10:24:41,41.05,20525,5,买盘
1038,10:24:44,41.04,168287,41,卖盘
1039,10:24:47,41.03,1009370,246,卖盘
1040,10:24:50,41.03,8206,2,买盘
1041,10:24:53,41.02,94346,23,卖盘
1042,10:24:56,41.03,205150,50,买盘
1043,10:24:59,41.04,20520,5,买盘
1044,10:25:02,41.04,4104,1,买盘
1045,10:25:05,41.03,57442,14,卖盘
1046,10:25:11,41.03,98472,24,卖盘
1047,10:25:17,41.04,373448,91,买盘
1048,10:25:20,41.05,201114,49,买盘
1049,10:25:23,41.04,36936,9,卖盘
1050,10:25:26,41.05,533445,130,中性盘
1051,10:25:29,41.04,41044,10,卖盘
1052,10:25:32,41.06,135492,33,买盘
1053,10:25:38,41.05,8209,2,中性盘
1054,10:25:41,41.04,69768,17,卖盘
1055,10:25:47,41.05,69784,17,买盘
1056,10:25:50,41.04,4104,1,卖盘
1057,10:25:56,41.06,188815,46,买盘
1058,10:25:59,41.05,73898,18,中性盘
1059,10:26:02,41.06,8212,2,买盘
1060,10:26:05,41.05,45155,11,卖盘
1061,10:26:08,41.05,57472,14,卖盘
1062,10:26:11,41.04,644501,157,卖盘
1063,10:26:14,41.05,16420,4,买盘
1064,10:26:17,41.05,262689,64,买盘
1065,10:26:20,41.05,36943,9,买盘
1066,10:26:23,41.05,12315,3,买盘
1067,10:26:26,41.05,73890,18,买盘
1068,10:26:29,41.05,53365,13,卖盘
1069,10:26:32,41.05,20525,5,卖盘
1070,10:26:35,41.05,8210,2,卖盘
1071,10:26:38,41.06,12317,3,买盘
1072,10:26:41,41.05,16420,4,卖盘
1073,10:26:44,41.05,36950,9,卖盘
1074,10:26:47,41.05,20525,5,卖盘
1075,10:26:59,41.05,32840,8,卖盘
1076,10:27:02,41.05,8211,2,卖盘
1077,10:27:05,41.05,8210,2,卖盘
1078,10:27:08,41.06,143695,35,买盘
1079,10:27:11,41.06,12317,3,买盘
1080,10:27:14,41.05,106739,26,卖盘
1081,10:27:17,41.06,353116,86,买盘
1082,10:27:20,41.05,213507,52,卖盘
1083,10:27:23,41.05,246303,60,卖盘
1084,10:27:26,41.06,20530,5,中性盘
1085,10:27:29,41.06,82120,20,中性盘
1086,10:27:32,41.06,4106,1,中性盘
1087,10:27:35,41.07,4107,1,买盘
1088,10:27:38,41.07,12319,3,买盘
1089,10:27:41,41.07,20535,5,买盘
1090,10:27:44,41.07,308011,75,买盘
1091,10:27:47,41.07,65712,16,买盘
1092,10:27:50,41.06,32851,8,卖盘
1093,10:27:53,41.07,69819,17,买盘
1094,10:27:56,41.09,480727,117,买盘
1095,10:27:59,41.11,65753,16,买盘
1096,10:28:02,41.11,78109,19,买盘
1097,10:28:05,41.1,197216,48,买盘
1098,10:28:08,41.1,16439,4,买盘
1099,10:28:11,41.1,53430,13,买盘
1100,10:28:17,41.1,12330,3,买盘
1101,10:28:20,41.1,53430,13,买盘
1102,10:28:23,41.11,8221,2,买盘
1103,10:28:26,41.11,32888,8,卖盘
1104,10:28:29,41.11,12333,3,买盘
1105,10:28:35,41.14,20564,5,买盘
1106,10:28:41,41.15,65829,16,买盘
1107,10:28:44,41.16,16461,4,买盘
1108,10:28:47,41.15,176904,43,买盘
1109,10:28:50,41.15,135795,33,买盘
1110,10:28:53,41.16,127577,31,买盘
1111,10:28:56,41.18,16470,4,买盘
1112,10:28:59,41.16,8232,2,卖盘
1113,10:29:02,41.18,119409,29,买盘
1114,10:29:05,41.17,32936,8,卖盘
1115,10:29:08,41.17,86461,21,卖盘
1116,10:29:11,41.18,37056,9,买盘
1117,10:29:14,41.16,28821,7,卖盘
1118,10:29:23,41.18,24708,6,买盘
1119,10:29:26,41.17,20585,5,中性盘
1120,10:29:29,41.17,12351,3,买盘
1121,10:29:32,41.18,16472,4,买盘
1122,10:29:41,41.18,37060,9,买盘
1123,10:29:44,41.18,8236,2,买盘
1124,10:29:50,41.2,387140,94,买盘
1125,10:29:53,41.19,1116713,271,中性盘
1126,10:29:56,41.21,243089,59,中性盘
1127,10:29:59,41.2,16480,4,中性盘
1128,10:30:02,41.21,94783,23,买盘
1129,10:30:05,41.22,41217,10,买盘
1130,10:30:08,41.22,111292,27,买盘
1131,10:30:11,41.2,8240,2,卖盘
1132,10:30:14,41.21,4121,1,买盘
1133,10:30:17,41.21,4121,1,买盘
1134,10:30:20,41.21,24726,6,买盘
1135,10:30:23,41.21,16487,4,卖盘
1136,10:30:26,41.21,4121,1,卖盘
1137,10:30:29,41.21,70058,17,卖盘
1138,10:30:32,41.24,1731307,420,买盘
1139,10:30:35,41.25,103119,25,买盘
1140,10:30:38,41.26,136158,33,买盘
1141,10:30:41,41.26,12379,3,中性盘
1142,10:30:44,41.28,24768,6,买盘
1143,10:30:47,41.26,123793,30,卖盘
1144,10:30:50,41.28,115576,28,买盘
1145,10:30:53,41.28,24768,6,中性盘
1146,10:30:56,41.27,16510,4,中性盘
1147,10:30:59,41.26,20631,5,卖盘
1148,10:31:02,41.25,251746,61,卖盘
1149,10:31:05,41.25,12373,3,买盘
1150,10:31:08,41.25,49496,12,买盘
1151,10:31:11,41.25,41244,10,买盘
1152,10:31:14,41.23,4123,1,卖盘
1153,10:31:17,41.24,37123,9,卖盘
1154,10:31:20,41.23,606092,147,卖盘
1155,10:31:23,41.22,24736,6,卖盘
1156,10:31:26,41.23,16489,4,买盘
1157,10:31:29,41.23,12370,3,买盘
1158,10:31:35,41.24,78336,19,买盘
1159,10:31:38,41.23,32984,8,中性盘
1160,10:31:41,41.25,24750,6,买盘
1161,10:31:44,41.25,24745,6,买盘
1162,10:31:47,41.25,165000,40,买盘
1163,10:31:53,41.25,37128,9,卖盘
1164,10:31:56,41.26,41259,10,买盘
1165,10:32:02,41.27,20635,5,买盘
1166,10:32:05,41.27,74273,18,买盘
1167,10:32:08,41.26,37139,9,卖盘
1168,10:32:11,41.27,70152,17,买盘
1169,10:32:17,41.27,82555,20,卖盘
1170,10:32:20,41.27,383791,93,卖盘
1171,10:32:23,41.25,123759,30,卖盘
1172,10:32:26,41.23,622970,151,卖盘
1173,10:32:29,41.26,28874,7,中性盘
1174,10:32:32,41.25,65982,16,中性盘
1175,10:32:35,41.25,20621,5,中性盘
1176,10:32:38,41.25,24744,6,买盘
1177,10:32:41,41.25,16498,4,买盘
1178,10:32:44,41.25,86609,21,中性盘
1179,10:32:47,41.25,57762,14,中性盘
1180,10:32:50,41.23,49495,12,卖盘
1181,10:32:53,41.26,74262,18,买盘
1182,10:32:56,41.27,94898,23,买盘
1183,10:32:59,41.27,90794,22,买盘
1184,10:33:02,41.28,136215,33,买盘
1185,10:33:05,41.26,181580,44,中性盘
1186,10:33:08,41.23,404194,98,卖盘
1187,10:33:11,41.26,148531,36,买盘
1188,10:33:14,41.27,66025,16,买盘
1189,10:33:17,41.25,123821,30,卖盘
1190,10:33:20,41.28,148629,36,买盘
1191,10:33:23,41.28,57782,14,买盘
1192,10:33:26,41.32,1082041,262,买盘
1193,10:33:29,41.31,190096,46,卖盘
1194,10:33:32,41.32,268661,65,中性盘
1195,10:33:35,41.33,198472,48,中性盘
1196,10:33:38,41.33,227422,55,卖盘
1197,10:33:41,41.36,74445,18,买盘
1198,10:33:44,41.35,45501,11,卖盘
1199,10:33:47,41.37,20683,5,买盘
1200,10:33:50,41.37,86874,21,买盘
1201,10:33:53,41.37,49644,12,买盘
1202,10:33:56,41.37,128245,31,买盘
1203,10:33:59,41.37,161344,39,买盘
1204,10:34:02,41.37,148958,36,卖盘
1205,10:34:05,41.36,157199,38,卖盘
1206,10:34:08,41.37,103432,25,卖盘
1207,10:34:11,41.38,182027,44,买盘
1208,10:34:14,41.37,260634,63,卖盘
1209,10:34:17,41.37,215108,52,买盘
1210,10:34:20,41.36,293708,71,卖盘
1211,10:34:23,41.35,459164,111,卖盘
1212,10:34:26,41.38,202708,49,买盘
1213,10:34:29,41.36,20680,5,卖盘
1214,10:34:32,41.38,49654,12,买盘
1215,10:34:35,41.38,28966,7,买盘
1216,10:34:38,41.38,74480,18,买盘
1217,10:34:41,41.38,28966,7,买盘
1218,10:34:44,41.37,8273,2,中性盘
1219,10:34:47,41.37,148897,36,买盘
1220,10:34:50,41.38,446953,108,买盘
1221,10:34:53,41.38,74494,18,卖盘
1222,10:34:56,41.4,389160,94,买盘
1223,10:34:59,41.4,169757,41,买盘
1224,10:35:02,41.4,136644,33,买盘
1225,10:35:05,41.4,45540,11,买盘
1226,10:35:08,41.39,24830,6,中性盘
1227,10:35:11,41.37,136542,33,卖盘
1228,10:35:14,41.35,78612,19,卖盘
1229,10:35:17,41.35,41350,10,卖盘
1230,10:35:20,41.38,33094,8,买盘
1231,10:35:23,41.37,20685,5,买盘
1232,10:35:26,41.38,12414,3,买盘
1233,10:35:29,41.37,41376,10,卖盘
1234,10:35:32,41.37,128247,31,买盘
1235,10:35:35,41.37,703467,170,卖盘
1236,10:35:38,41.39,24834,6,中性盘
1237,10:35:41,41.39,248384,60,中性盘
1238,10:35:44,41.4,157302,38,买盘
1239,10:35:47,41.42,869443,210,买盘
1240,10:35:50,41.43,194667,47,买盘
1241,10:35:53,41.43,95289,23,买盘
1242,10:35:56,41.42,99409,24,卖盘
1243,10:35:59,41.42,99427,24,卖盘
1244,10:36:02,41.43,45569,11,买盘
1245,10:36:05,41.43,749879,181,买盘
1246,10:36:08,41.42,306543,74,卖盘
1247,10:36:11,41.42,33136,8,买盘
1248,10:36:14,41.42,575707,139,买盘
1249,10:36:17,41.41,12423,3,卖盘
1250,10:36:20,41.42,95266,23,买盘
1251,10:36:23,41.41,198814,48,卖盘
1252,10:36:26,41.43,66272,16,买盘
1253,10:36:29,41.41,33129,8,卖盘
1254,10:36:32,41.4,28983,7,卖盘
1255,10:36:35,41.41,20705,5,买盘
1256,10:36:38,41.41,140788,34,买盘
1257,10:36:41,41.41,298065,72,买盘
1258,10:36:44,41.4,231892,56,中性盘
1259,10:36:47,41.41,66251,16,买盘
1260,10:36:50,41.4,488415,118,中性盘
1261,10:36:53,41.38,57930,14,卖盘
1262,10:36:56,41.37,37233,9,卖盘
1263,10:36:59,41.39,190367,46,买盘
1264,10:37:02,41.37,16547,4,中性盘
1265,10:37:05,41.38,28963,7,买盘
1266,10:37:08,41.37,86857,21,中性盘
1267,10:37:14,41.37,943006,228,买盘
1268,10:37:17,41.37,28959,7,买盘
1269,10:37:20,41.37,16547,4,卖盘
1270,10:37:23,41.37,12411,3,买盘
1271,10:37:26,41.37,169617,41,买盘
1272,10:37:29,41.37,359871,87,买盘
1273,10:37:32,41.37,4137,1,卖盘
1274,10:37:35,41.38,119997,29,买盘
1275,10:37:38,41.38,4138,1,买盘
1276,10:37:44,41.4,1679344,406,买盘
1277,10:37:47,41.4,41406,10,卖盘
1278,10:37:50,41.41,49686,12,买盘
1279,10:37:53,41.4,120075,29,卖盘
1280,10:37:56,41.41,8282,2,买盘
1281,10:37:59,41.4,33120,8,卖盘
1282,10:38:02,41.4,115920,28,买盘
1283,10:38:05,41.41,33128,8,买盘
1284,10:38:08,41.42,231932,56,买盘
1285,10:38:11,41.42,8284,2,卖盘
1286,10:38:14,41.43,145005,35,买盘
1287,10:38:17,41.42,140860,34,卖盘
1288,10:38:20,41.43,406014,98,买盘
1289,10:38:23,41.43,20715,5,中性盘
1290,10:38:26,41.44,215471,52,买盘
1291,10:38:29,41.4,1130774,273,卖盘
1292,10:38:32,41.39,281516,68,卖盘
1293,10:38:35,41.36,86926,21,卖盘
1294,10:38:38,41.36,153138,37,卖盘
1295,10:38:41,41.38,12415,3,中性盘
1296,10:38:44,41.38,20691,5,卖盘
1297,10:38:47,41.37,16551,4,卖盘
1298,10:38:50,41.37,53781,13,卖盘
1299,10:38:53,41.38,49656,12,买盘
1300,10:38:56,41.38,53794,13,买盘
1301,10:38:59,41.36,128238,31,卖盘
1302,10:39:02,41.34,922044,223,卖盘
1303,10:39:05,41.35,37215,9,买盘
1304,10:39:08,41.35,8270,2,中性盘
1305,10:39:11,41.35,37210,9,中性盘
1306,10:39:14,41.36,74408,18,买盘
1307,10:39:17,41.34,45475,11,中性盘
1308,10:39:23,41.35,57890,14,买盘
1309,10:39:26,41.35,214949,52,买盘
1310,10:39:29,41.33,12403,3,卖盘
1311,10:39:32,41.34,119886,29,卖盘
1312,10:39:35,41.34,61992,15,中性盘
1313,10:39:38,41.32,8264,2,卖盘
1314,10:39:41,41.33,78516,19,中性盘
1315,10:39:44,41.32,45460,11,卖盘
1316,10:39:50,41.32,181817,44,卖盘
1317,10:39:56,41.32,86772,21,买盘
1318,10:39:59,41.3,144573,35,卖盘
1319,10:40:02,41.3,16522,4,卖盘
1320,10:40:05,41.3,16520,4,卖盘
1321,10:40:08,41.3,45430,11,卖盘
1322,10:40:11,41.3,144555,35,卖盘
1323,10:40:14,41.3,20650,5,卖盘
1324,10:40:17,41.3,8260,2,卖盘
1325,10:40:20,41.31,57823,14,买盘
1326,10:40:23,41.3,37175,9,卖盘
1327,10:40:26,41.3,12391,3,卖盘
1328,10:40:29,41.3,45430,11,卖盘
1329,10:40:32,41.3,12390,3,卖盘
1330,10:40:35,41.3,313885,76,卖盘
1331,10:40:38,41.29,4129,1,卖盘
1332,10:40:41,41.29,28908,7,卖盘
1333,10:41:02,41.29,8258,2,卖盘
1334,10:41:05,41.3,140420,34,买盘
1335,10:41:11,41.3,53689,13,中性盘
1336,10:41:14,41.29,8258,2,卖盘
1337,10:41:26,41.3,251930,61,卖盘
1338,10:41:29,41.29,33037,8,卖盘
1339,10:41:32,41.3,4130,1,买盘
1340,10:41:35,41.29,16516,4,卖盘
1341,10:41:38,41.29,4129,1,卖盘
1342,10:41:41,41.29,20645,5,卖盘
1343,10:41:47,41.3,94990,23,买盘
1344,10:41:53,41.3,16520,4,卖盘
1345,10:41:59,41.3,28910,7,卖盘
1346,10:42:02,41.29,28907,7,卖盘
1347,10:42:05,41.29,28908,7,卖盘
1348,10:42:11,41.29,61938,15,卖盘
1349,10:42:14,41.28,177556,43,卖盘
1350,10:42:17,41.28,57792,14,卖盘
1351,10:42:20,41.28,33024,8,卖盘
1352,10:42:23,41.27,4127,1,卖盘
1353,10:42:26,41.29,78446,19,买盘
1354,10:42:29,41.27,20635,5,卖盘
1355,10:42:35,41.28,61920,15,买盘
1356,10:42:38,41.28,61920,15,卖盘
1357,10:42:44,41.28,8256,2,卖盘
1358,10:42:47,41.29,181674,44,买盘
1359,10:42:50,41.3,12390,3,买盘
1360,10:42:53,41.29,24777,6,卖盘
1361,10:42:59,41.3,12390,3,买盘
1362,10:43:02,41.29,41299,10,卖盘
1363,10:43:05,41.3,20650,5,买盘
1364,10:43:08,41.3,12390,3,买盘
1365,10:43:11,41.3,49560,12,买盘
1366,10:43:14,41.3,251970,61,中性盘
1367,10:43:17,41.31,45432,11,中性盘
1368,10:43:20,41.31,28916,7,买盘
1369,10:43:23,41.3,4130,1,卖盘
1370,10:43:26,41.3,12390,3,卖盘
1371,10:43:29,41.3,4130,1,卖盘
1372,10:43:32,41.3,45432,11,卖盘
1373,10:43:35,41.3,37178,9,卖盘
1374,10:43:38,41.31,20655,5,买盘
1375,10:43:41,41.3,41300,10,卖盘
1376,10:43:44,41.31,41310,10,买盘
1377,10:43:47,41.31,4131,1,买盘
1378,10:43:50,41.3,24780,6,卖盘
1379,10:43:56,41.3,123900,30,卖盘
1380,10:44:02,41.3,293230,71,卖盘
1381,10:44:05,41.29,289055,70,卖盘
1382,10:44:08,41.29,251869,61,卖盘
1383,10:44:11,41.28,433440,105,卖盘
1384,10:44:14,41.27,57778,14,卖盘
1385,10:44:17,41.26,140284,34,卖盘
1386,10:44:20,41.27,321758,78,买盘
1387,10:44:29,41.28,4128,1,卖盘
1388,10:44:35,41.28,8256,2,卖盘
1389,10:44:47,41.28,8256,2,卖盘
1390,10:44:56,41.27,16509,4,卖盘
1391,10:44:59,41.27,4127,1,卖盘
1392,10:45:05,41.28,4128,1,买盘
1393,10:45:08,41.27,4127,1,卖盘
1394,10:45:14,41.28,8256,2,买盘
1395,10:45:20,41.27,20635,5,卖盘
1396,10:45:29,41.27,4127,1,卖盘
1397,10:45:32,41.28,49527,12,买盘
1398,10:45:35,41.27,4127,1,卖盘
1399,10:45:38,41.28,4128,1,买盘
1400,10:45:41,41.27,61907,15,卖盘
1401,10:45:47,41.28,16512,4,买盘
1402,10:46:02,41.27,24762,6,卖盘
1403,10:46:05,41.27,8254,2,卖盘
1404,10:46:08,41.28,16512,4,买盘
1405,10:46:23,41.29,293106,71,买盘
1406,10:46:29,41.28,177519,43,卖盘
1407,10:46:32,41.29,103248,25,卖盘
1408,10:46:35,41.3,24780,6,买盘
1409,10:46:38,41.29,20645,5,卖盘
1410,10:46:41,41.3,12391,3,卖盘
1411,10:46:44,41.3,8260,2,卖盘
1412,10:46:53,41.3,41306,10,卖盘
1413,10:46:56,41.3,37175,9,卖盘
1414,10:46:59,41.3,99131,24,卖盘
1415,10:47:02,41.3,28910,7,卖盘
1416,10:47:05,41.3,128030,31,卖盘
1417,10:47:08,41.3,82603,20,卖盘
1418,10:47:11,41.29,8258,2,卖盘
1419,10:47:14,41.29,12387,3,卖盘
1420,10:47:29,41.29,24774,6,卖盘
1421,10:47:32,41.29,12387,3,卖盘
1422,10:47:38,41.3,12390,3,买盘
1423,10:47:44,41.29,8258,2,卖盘
1424,10:47:47,41.29,49548,12,卖盘
1425,10:47:50,41.29,4129,1,卖盘
1426,10:47:53,41.29,8258,2,卖盘
1427,10:47:56,41.29,12387,3,卖盘
1428,10:47:59,41.29,20645,5,卖盘
1429,10:48:02,41.28,28902,7,卖盘
1430,10:48:05,41.28,8256,2,卖盘
1431,10:48:20,41.27,127966,31,卖盘
1432,10:48:23,41.27,8254,2,卖盘
1433,10:48:26,41.27,144445,35,卖盘
1434,10:48:29,41.27,12381,3,卖盘
1435,10:48:32,41.27,33016,8,卖盘
1436,10:48:35,41.27,20635,5,卖盘
1437,10:48:38,41.27,8254,2,卖盘
1438,10:48:41,41.27,24762,6,卖盘
1439,10:48:47,41.28,177493,43,买盘
1440,10:48:50,41.28,4128,1,卖盘
1441,10:48:53,41.28,12384,3,卖盘
1442,10:48:56,41.28,16512,4,卖盘
1443,10:49:02,41.26,165096,40,卖盘
1444,10:49:05,41.29,33032,8,买盘
1445,10:49:08,41.29,82580,20,买盘
1446,10:49:11,41.29,12385,3,中性盘
1447,10:49:23,41.3,41296,10,买盘
1448,10:49:29,41.29,4129,1,买盘
1449,10:49:32,41.29,41290,10,买盘
1450,10:49:35,41.28,90816,22,卖盘
1451,10:49:38,41.28,4128,1,卖盘
1452,10:49:44,41.28,16512,4,卖盘
1453,10:49:50,41.28,41280,10,卖盘
1454,10:49:53,41.27,53663,13,卖盘
1455,10:49:56,41.27,4127,1,卖盘
1456,10:50:02,41.28,218782,53,买盘
1457,10:50:05,41.28,313659,76,买盘
1458,10:50:08,41.27,20637,5,卖盘
1459,10:50:11,41.29,8258,2,买盘
1460,10:50:14,41.29,8258,2,买盘
1461,10:50:17,41.28,8257,2,卖盘
1462,10:50:20,41.29,24766,6,买盘
1463,10:50:23,41.28,342484,83,中性盘
1464,10:50:26,41.28,66039,16,买盘
1465,10:50:29,41.29,136249,33,买盘
1466,10:50:32,41.29,557030,135,中性盘
1467,10:50:35,41.3,140393,34,买盘
1468,10:50:38,41.3,214705,52,买盘
1469,10:50:41,41.3,16518,4,买盘
1470,10:50:44,41.3,371713,90,买盘
1471,10:50:47,41.32,107382,26,买盘
1472,10:50:50,41.32,37184,9,买盘
1473,10:50:53,41.32,12395,3,买盘
1474,10:50:59,41.33,8266,2,买盘
1475,10:51:05,41.33,45462,11,买盘
1476,10:51:08,41.33,8266,2,买盘
1477,10:51:11,41.32,16528,4,卖盘
1478,10:51:14,41.32,41327,10,卖盘
1479,10:51:17,41.32,28930,7,卖盘
1480,10:51:20,41.32,107436,26,卖盘
1481,10:51:23,41.31,53716,13,卖盘
1482,10:51:26,41.34,53730,13,买盘
1483,10:51:29,41.34,70274,17,买盘
1484,10:51:32,41.31,4131,1,卖盘
1485,10:51:35,41.34,53734,13,买盘
1486,10:51:38,41.34,41335,10,买盘
1487,10:51:41,41.34,953789,231,买盘
1488,10:51:44,41.34,62010,15,买盘
1489,10:51:47,41.34,82676,20,买盘
1490,10:51:50,41.34,62010,15,买盘
1491,10:51:53,41.34,41340,10,买盘
1492,10:51:56,41.34,45474,11,买盘
1493,10:51:59,41.34,24804,6,买盘
1494,10:52:02,41.34,49608,12,买盘
1495,10:52:08,41.35,24810,6,买盘
1496,10:52:11,41.34,28943,7,卖盘
1497,10:52:14,41.35,12405,3,买盘
1498,10:52:17,41.35,37215,9,买盘
1499,10:52:20,41.35,12405,3,中性盘
1500,10:52:23,41.36,165440,40,买盘
1501,10:52:26,41.36,57904,14,买盘
1502,10:52:29,41.36,235752,57,买盘
1503,10:52:32,41.37,16548,4,买盘
1504,10:52:35,41.37,33092,8,中性盘
1505,10:52:38,41.38,450849,109,买盘
1506,10:52:41,41.38,90983,22,买盘
1507,10:52:44,41.37,351435,85,中性盘
1508,10:52:47,41.38,12414,3,买盘
1509,10:52:50,41.37,16548,4,中性盘
1510,10:52:53,41.35,86851,21,中性盘
1511,10:52:56,41.35,260487,63,中性盘
1512,10:53:02,41.29,528813,128,卖盘
1513,10:53:05,41.32,37176,9,买盘
1514,10:53:08,41.29,8258,2,中性盘
1515,10:53:11,41.3,4130,1,买盘
1516,10:53:14,41.3,8260,2,买盘
1517,10:53:17,41.31,41310,10,买盘
1518,10:53:23,41.34,20667,5,买盘
1519,10:53:26,41.34,409280,99,买盘
1520,10:53:29,41.35,99240,24,中性盘
1521,10:53:32,41.35,24810,6,买盘
1522,10:53:35,41.35,12405,3,买盘
1523,10:53:38,41.35,86837,21,买盘
1524,10:53:44,41.37,4137,1,买盘
1525,10:53:47,41.37,8274,2,买盘
1526,10:53:50,41.37,16548,4,买盘
1527,10:53:53,41.37,24827,6,中性盘
1528,10:53:56,41.37,4137,1,买盘
1529,10:53:59,41.38,53793,13,买盘
1530,10:54:02,41.38,12414,3,买盘
1531,10:54:05,41.38,78586,19,买盘
1532,10:54:08,41.37,74478,18,中性盘
1533,10:54:11,41.35,148894,36,卖盘
1534,10:54:14,41.36,16541,4,买盘
1535,10:54:17,41.35,78566,19,卖盘
1536,10:54:20,41.36,90981,22,买盘
1537,10:54:23,41.35,24812,6,卖盘
1538,10:54:26,41.36,8272,2,买盘
1539,10:54:32,41.35,177821,43,卖盘
1540,10:54:35,41.34,4134,1,卖盘
1541,10:54:38,41.35,45485,11,买盘
1542,10:54:41,41.34,16536,4,买盘
1543,10:54:44,41.34,4134,1,买盘
1544,10:54:47,41.34,20670,5,买盘
1545,10:54:53,41.35,8269,2,买盘
1546,10:54:56,41.35,8270,2,买盘
1547,10:54:59,41.35,8270,2,买盘
1548,10:55:02,41.36,24811,6,买盘
1549,10:55:05,41.34,144702,35,卖盘
1550,10:55:08,41.37,12411,3,买盘
1551,10:55:11,41.36,12408,3,中性盘
1552,10:55:14,41.35,62025,15,卖盘
1553,10:55:17,41.35,8270,2,卖盘
1554,10:55:20,41.35,8270,2,卖盘
1555,10:55:26,41.35,20675,5,卖盘
1556,10:55:38,41.36,4136,1,买盘
1557,10:55:50,41.35,28945,7,卖盘
1558,10:55:56,41.36,12408,3,买盘
1559,10:56:02,41.35,16540,4,卖盘
1560,10:56:05,41.35,4135,1,卖盘
1561,10:56:08,41.35,37218,9,卖盘
1562,10:56:11,41.35,37215,9,卖盘
1563,10:56:17,41.35,8270,2,卖盘
1564,10:56:20,41.35,33086,8,卖盘
1565,10:56:23,41.36,4136,1,买盘
1566,10:56:26,41.35,8270,2,卖盘
1567,10:56:35,41.35,24810,6,卖盘
1568,10:56:38,41.35,57890,14,卖盘
1569,10:56:41,41.36,57904,14,买盘
1570,10:56:44,41.35,169535,41,卖盘
1571,10:56:47,41.35,173675,42,卖盘
1572,10:56:50,41.34,82681,20,卖盘
1573,10:56:53,41.34,8268,2,卖盘
1574,10:56:56,41.34,16536,4,卖盘
1575,10:56:59,41.34,24804,6,卖盘
1576,10:57:02,41.34,4134,1,卖盘
1577,10:57:05,41.33,41336,10,卖盘
1578,10:57:08,41.33,16532,4,卖盘
1579,10:57:14,41.33,53729,13,卖盘
1580,10:57:17,41.33,24798,6,卖盘
1581,10:57:20,41.32,99185,24,卖盘
1582,10:57:26,41.32,107432,26,卖盘
1583,10:57:32,41.32,95036,23,卖盘
1584,10:57:35,41.3,156984,38,卖盘
1585,10:57:38,41.3,24778,6,中性盘
1586,10:57:41,41.3,16520,4,买盘
1587,10:57:44,41.31,66089,16,买盘
1588,10:57:47,41.31,12393,3,卖盘
1589,10:57:50,41.31,161109,39,卖盘
1590,10:57:53,41.31,4131,1,买盘
1591,10:57:56,41.31,107406,26,买盘
1592,10:57:59,41.31,103275,25,买盘
1593,10:58:02,41.31,70227,17,买盘
1594,10:58:05,41.3,1734669,420,卖盘
1595,10:58:08,41.3,49560,12,买盘
1596,10:58:11,41.3,239539,58,买盘
1597,10:58:14,41.3,123896,30,买盘
1598,10:58:17,41.3,45430,11,买盘
1599,10:58:23,41.27,24768,6,卖盘
1600,10:58:29,41.27,8254,2,卖盘
1601,10:58:35,41.27,12381,3,卖盘
1602,10:58:38,41.28,74302,18,买盘
1603,10:58:41,41.28,53663,13,买盘
1604,10:58:44,41.28,37150,9,买盘
1605,10:58:47,41.27,37151,9,卖盘
1606,10:58:50,41.27,49530,12,卖盘
1607,10:58:53,41.27,20635,5,买盘
1608,10:58:56,41.27,16504,4,买盘
1609,10:58:59,41.27,33016,8,买盘
1610,10:59:02,41.27,260010,63,买盘
1611,10:59:08,41.29,24770,6,买盘
1612,10:59:11,41.29,24770,6,买盘
1613,10:59:14,41.29,12387,3,买盘
1614,10:59:17,41.29,8258,2,买盘
1615,10:59:20,41.29,20642,5,买盘
1616,10:59:23,41.29,16516,4,买盘
1617,10:59:26,41.29,4129,1,买盘
1618,10:59:29,41.29,4129,1,买盘
1619,10:59:32,41.28,53675,13,卖盘
1620,10:59:35,41.3,107380,26,买盘
1621,10:59:41,41.3,61940,15,买盘
1622,10:59:44,41.3,45430,11,买盘
1623,10:59:47,41.29,107340,26,中性盘
1624,10:59:50,41.3,115640,28,买盘
1625,10:59:53,41.3,8260,2,中性盘
1626,10:59:56,41.3,8261,2,卖盘
1627,10:59:59,41.3,20650,5,卖盘
1628,11:00:02,41.29,202329,49,卖盘
1629,11:00:05,41.31,4131,1,买盘
1630,11:00:08,41.31,12393,3,买盘
1631,11:00:11,41.31,12393,3,买盘
1632,11:00:14,41.31,12389,3,买盘
1633,11:00:17,41.3,4130,1,买盘
1634,11:00:20,41.29,37161,9,中性盘
1635,11:00:23,41.29,53677,13,买盘
1636,11:00:26,41.29,33032,8,买盘
1637,11:00:29,41.28,37159,9,卖盘
1638,11:00:32,41.29,99093,24,买盘
1639,11:00:35,41.29,33029,8,买盘
1640,11:00:38,41.29,8258,2,买盘
1641,11:00:41,41.28,12386,3,卖盘
1642,11:00:44,41.29,28903,7,买盘
1643,11:00:47,41.29,78451,19,买盘
1644,11:00:50,41.29,33032,8,买盘
1645,11:00:53,41.29,99092,24,买盘
1646,11:00:56,41.29,74322,18,买盘
1647,11:00:59,41.29,57806,14,买盘
1648,11:01:02,41.29,66058,16,买盘
1649,11:01:05,41.29,33032,8,买盘
1650,11:01:08,41.29,33032,8,买盘
1651,11:01:11,41.29,28903,7,买盘
1652,11:01:14,41.27,375641,91,卖盘
1653,11:01:17,41.28,16511,4,买盘
1654,11:01:20,41.28,16510,4,买盘
1655,11:01:23,41.28,16512,4,买盘
1656,11:01:26,41.28,16512,4,买盘
1657,11:01:29,41.28,20640,5,买盘
1658,11:01:32,41.27,111431,27,卖盘
1659,11:01:35,41.28,8256,2,买盘
1660,11:01:38,41.27,61908,15,卖盘
1661,11:01:41,41.28,12383,3,买盘
1662,11:01:47,41.27,24763,6,卖盘
1663,11:01:50,41.28,4128,1,买盘
1664,11:01:53,41.28,4128,1,买盘
1665,11:01:56,41.27,33024,8,卖盘
1666,11:01:59,41.27,41275,10,卖盘
1667,11:02:02,41.28,94925,23,中性盘
1668,11:02:05,41.25,1035491,251,卖盘
1669,11:02:08,41.28,24769,6,中性盘
1670,11:02:11,41.28,45408,11,买盘
1671,11:02:14,41.28,33019,8,买盘
1672,11:02:17,41.28,49529,12,买盘
1673,11:02:20,41.28,12384,3,中性盘
1674,11:02:23,41.28,90796,22,买盘
1675,11:02:26,41.28,379772,92,买盘
1676,11:02:29,41.28,33024,8,买盘
1677,11:02:35,41.27,12381,3,卖盘
1678,11:02:38,41.27,4127,1,卖盘
1679,11:02:47,41.28,78432,19,买盘
1680,11:02:50,41.28,41280,10,卖盘
1681,11:02:53,41.29,24774,6,买盘
1682,11:02:56,41.29,33032,8,买盘
1683,11:02:59,41.3,24779,6,买盘
1684,11:03:05,41.3,12390,3,买盘
1685,11:03:08,41.31,28912,7,买盘
1686,11:03:11,41.3,24780,6,中性盘
1687,11:03:14,41.28,260136,63,卖盘
1688,11:03:17,41.31,24786,6,买盘
1689,11:03:23,41.3,8260,2,卖盘
1690,11:03:29,41.31,4131,1,买盘
1691,11:03:44,41.3,16520,4,卖盘
1692,11:03:47,41.31,82620,20,买盘
1693,11:04:02,41.3,49560,12,卖盘
1694,11:04:05,41.3,20650,5,卖盘
1695,11:04:11,41.31,8261,2,买盘
1696,11:04:14,41.3,8260,2,卖盘
1697,11:04:20,41.3,28911,7,卖盘
1698,11:04:23,41.3,41300,10,卖盘
1699,11:04:26,41.3,61950,15,卖盘
1700,11:04:29,41.3,57820,14,卖盘
1701,11:04:32,41.3,4130,1,卖盘
1702,11:04:35,41.3,20650,5,卖盘
1703,11:04:41,41.3,45431,11,卖盘
1704,11:04:44,41.3,28914,7,卖盘
1705,11:04:47,41.31,4131,1,买盘
1706,11:04:50,41.31,37172,9,买盘
1707,11:04:53,41.31,8262,2,买盘
1708,11:04:56,41.31,28917,7,买盘
1709,11:05:02,41.3,4130,1,卖盘
1710,11:05:14,41.3,24780,6,卖盘
1711,11:05:17,41.3,61959,15,卖盘
1712,11:05:23,41.3,28910,7,卖盘
1713,11:05:29,41.3,4130,1,卖盘
1714,11:05:32,41.3,24780,6,卖盘
1715,11:05:35,41.3,8260,2,卖盘
1716,11:05:38,41.3,4130,1,卖盘
1717,11:05:41,41.3,119797,29,卖盘
1718,11:05:44,41.3,28910,7,卖盘
1719,11:05:47,41.31,53696,13,买盘
1720,11:05:50,41.3,33040,8,卖盘
1721,11:05:56,41.3,20654,5,卖盘
1722,11:05:59,41.31,16524,4,买盘
1723,11:06:02,41.3,4130,1,卖盘
1724,11:06:05,41.32,293324,71,买盘
1725,11:06:08,41.31,74358,18,买盘
1726,11:06:11,41.3,140420,34,卖盘
1727,11:06:17,41.3,82600,20,卖盘
1728,11:06:20,41.3,111514,27,卖盘
1729,11:06:23,41.3,24780,6,卖盘
1730,11:06:26,41.29,301489,73,卖盘
1731,11:06:29,41.28,8258,2,卖盘
1732,11:06:32,41.29,115592,28,中性盘
1733,11:06:35,41.28,8257,2,卖盘
1734,11:06:41,41.28,4128,1,买盘
1735,11:06:47,41.27,33016,8,卖盘
1736,11:06:50,41.27,49524,12,卖盘
1737,11:06:53,41.27,8254,2,卖盘
1738,11:07:05,41.27,103175,25,卖盘
1739,11:07:11,41.28,12382,3,买盘
1740,11:07:14,41.27,99048,24,卖盘
1741,11:07:17,41.28,33021,8,买盘
1742,11:07:20,41.28,177467,43,买盘
1743,11:07:23,41.27,4127,1,卖盘
1744,11:07:29,41.27,8254,2,卖盘
1745,11:07:32,41.28,20640,5,买盘
1746,11:07:35,41.27,16510,4,卖盘
1747,11:07:38,41.27,53651,13,卖盘
1748,11:07:41,41.26,37134,9,卖盘
1749,11:07:44,41.26,12378,3,卖盘
1750,11:07:47,41.26,20630,5,卖盘
1751,11:07:50,41.26,12378,3,卖盘
1752,11:07:53,41.25,305313,74,卖盘
1753,11:07:56,41.25,16500,4,卖盘
1754,11:08:02,41.24,152594,37,卖盘
1755,11:08:05,41.23,111340,27,卖盘
1756,11:08:08,41.23,98952,24,卖盘
1757,11:08:11,41.22,70085,17,卖盘
1758,11:08:14,41.22,24732,6,卖盘
1759,11:08:17,41.22,49464,12,卖盘
1760,11:08:20,41.22,32976,8,卖盘
1761,11:08:23,41.21,49452,12,卖盘
1762,11:08:26,41.21,131872,32,卖盘
1763,11:08:29,41.2,57680,14,卖盘
1764,11:08:35,41.2,140080,34,卖盘
1765,11:08:38,41.2,4120,1,卖盘
1766,11:08:41,41.2,24720,6,卖盘
1767,11:08:47,41.19,49428,12,卖盘
1768,11:08:50,41.19,37071,9,卖盘
1769,11:08:53,41.2,152440,37,买盘
1770,11:08:56,41.2,230720,56,买盘
1771,11:08:59,41.2,20600,5,买盘
1772,11:09:02,41.21,317302,77,买盘
1773,11:09:05,41.22,115372,28,买盘
1774,11:09:08,41.2,111243,27,卖盘
1775,11:09:11,41.21,280172,68,卖盘
1776,11:09:14,41.21,864733,210,卖盘
1777,11:09:17,41.21,341928,83,买盘
1778,11:09:20,41.21,37089,9,卖盘
1779,11:09:23,41.24,32976,8,买盘
1780,11:09:26,41.24,8248,2,买盘
1781,11:09:29,41.24,45371,11,卖盘
1782,11:09:32,41.24,103092,25,买盘
1783,11:09:35,41.26,8252,2,买盘
1784,11:09:38,41.26,86614,21,卖盘
1785,11:09:41,41.25,45375,11,卖盘
1786,11:09:44,41.24,90731,22,卖盘
1787,11:09:50,41.24,98976,24,卖盘
1788,11:09:53,41.24,53606,13,买盘
1789,11:09:56,41.24,37103,9,买盘
1790,11:09:59,41.24,8248,2,买盘
1791,11:10:02,41.24,12372,3,买盘
1792,11:10:05,41.23,41232,10,卖盘
1793,11:10:08,41.24,4124,1,买盘
1794,11:10:14,41.24,12372,3,买盘
1795,11:10:17,41.24,202076,49,买盘
1796,11:10:20,41.24,148432,36,卖盘
1797,11:10:23,41.24,12372,3,买盘
1798,11:10:26,41.24,16496,4,买盘
1799,11:10:35,41.25,119623,29,买盘
1800,11:10:41,41.24,12372,3,卖盘
1801,11:10:47,41.25,28875,7,买盘
1802,11:10:50,41.23,618509,150,卖盘
1803,11:10:56,41.24,8248,2,买盘
1804,11:11:02,41.25,8250,2,买盘
1805,11:11:05,41.24,12372,3,卖盘
1806,11:11:11,41.24,12372,3,买盘
1807,11:11:14,41.24,531651,129,买盘
1808,11:11:17,41.2,370857,90,卖盘
1809,11:11:20,41.24,4124,1,买盘
1810,11:11:26,41.21,8242,2,卖盘
1811,11:11:38,41.23,8246,2,买盘
1812,11:11:50,41.24,8247,2,买盘
1813,11:11:53,41.24,4124,1,买盘
1814,11:11:56,41.24,4124,1,买盘
1815,11:12:02,41.24,16496,4,卖盘
1816,11:12:11,41.25,20624,5,买盘
1817,11:12:14,41.27,156788,38,买盘
1818,11:12:17,41.27,16508,4,买盘
1819,11:12:26,41.28,45407,11,买盘
1820,11:12:29,41.28,28896,7,买盘
1821,11:12:38,41.28,268249,65,中性盘
1822,11:12:41,41.28,4128,1,卖盘
1823,11:12:50,41.28,57792,14,卖盘
1824,11:12:53,41.27,132095,32,卖盘
1825,11:12:56,41.29,12387,3,买盘
1826,11:12:59,41.27,111431,27,卖盘
1827,11:13:02,41.28,78415,19,买盘
1828,11:13:08,41.29,8258,2,买盘
1829,11:13:11,41.28,8256,2,卖盘
1830,11:13:17,41.29,24774,6,买盘
1831,11:13:20,41.28,4128,1,卖盘
1832,11:13:26,41.28,41281,10,卖盘
1833,11:13:29,41.29,4129,1,卖盘
1834,11:13:32,41.3,61948,15,买盘
1835,11:13:35,41.3,4130,1,买盘
1836,11:13:41,41.27,156887,38,卖盘
1837,11:13:44,41.28,41274,10,买盘
1838,11:13:47,41.28,16512,4,买盘
1839,11:13:50,41.28,16512,4,买盘
1840,11:13:59,41.27,16508,4,卖盘
1841,11:14:02,41.28,24768,6,买盘
1842,11:14:08,41.28,4128,1,买盘
1843,11:14:11,41.28,45408,11,买盘
1844,11:14:17,41.3,218887,53,买盘
1845,11:14:20,41.31,8262,2,买盘
1846,11:14:23,41.31,33048,8,买盘
1847,11:14:26,41.32,74374,18,买盘
1848,11:14:35,41.32,4132,1,买盘
1849,11:14:38,41.33,45447,11,买盘
1850,11:14:50,41.32,61970,15,买盘
1851,11:14:53,41.31,37180,9,买盘
1852,11:14:56,41.31,20656,5,卖盘
1853,11:14:59,41.31,66096,16,卖盘
1854,11:15:08,41.3,12388,3,买盘
1855,11:15:11,41.31,33048,8,买盘
1856,11:15:17,41.31,16524,4,买盘
1857,11:15:20,41.31,12393,3,买盘
1858,11:15:26,41.31,4131,1,卖盘
1859,11:15:29,41.31,8262,2,卖盘
1860,11:15:32,41.31,4131,1,卖盘
1861,11:15:35,41.31,8262,2,卖盘
1862,11:15:38,41.31,173508,42,卖盘
1863,11:15:41,41.32,24789,6,买盘
1864,11:15:44,41.31,78489,19,卖盘
1865,11:15:47,41.31,82625,20,卖盘
1866,11:15:50,41.31,57834,14,卖盘
1867,11:15:53,41.32,37184,9,买盘
1868,11:16:05,41.3,103264,25,卖盘
1869,11:16:08,41.31,4131,1,买盘
1870,11:16:17,41.31,28917,7,买盘
1871,11:16:23,41.32,8263,2,买盘
1872,11:16:26,41.32,4132,1,买盘
1873,11:16:32,41.31,4131,1,卖盘
1874,11:16:44,41.31,4131,1,卖盘
1875,11:16:47,41.31,128061,31,卖盘
1876,11:16:50,41.31,4131,1,卖盘
1877,11:16:53,41.32,24789,6,买盘
1878,11:16:59,41.32,8264,2,买盘
1879,11:17:02,41.29,152839,37,卖盘
1880,11:17:08,41.29,8261,2,卖盘
1881,11:17:14,41.32,37183,9,买盘
1882,11:17:17,41.29,1040388,252,卖盘
1883,11:17:20,41.29,8258,2,卖盘
1884,11:17:23,41.29,28903,7,卖盘
1885,11:17:26,41.29,16515,4,买盘
1886,11:17:29,41.27,28893,7,卖盘
1887,11:17:32,41.29,24774,6,买盘
1888,11:17:35,41.29,8258,2,卖盘
1889,11:17:41,41.3,12390,3,买盘
1890,11:17:44,41.3,20650,5,买盘
1891,11:17:47,41.29,4129,1,卖盘
1892,11:17:53,41.3,20650,5,买盘
1893,11:17:56,41.3,4130,1,中性盘
1894,11:18:02,41.29,16517,4,卖盘
1895,11:18:05,41.31,231336,56,买盘
1896,11:18:08,41.32,66112,16,买盘
1897,11:18:11,41.32,4132,1,买盘
1898,11:18:17,41.32,152878,37,买盘
1899,11:18:20,41.32,20660,5,买盘
1900,11:18:23,41.33,148757,36,买盘
1901,11:18:26,41.32,82640,20,卖盘
1902,11:18:32,41.33,144655,35,买盘
1903,11:18:35,41.33,12399,3,买盘
1904,11:18:38,41.34,41340,10,买盘
1905,11:18:41,41.34,41340,10,买盘
1906,11:18:44,41.35,128185,31,买盘
1907,11:18:47,41.36,12406,3,买盘
1908,11:18:50,41.35,45485,11,卖盘
1909,11:18:53,41.36,82720,20,买盘
1910,11:18:59,41.36,12408,3,买盘
1911,11:19:02,41.36,8272,2,卖盘
1912,11:19:05,41.36,74458,18,卖盘
1913,11:19:08,41.36,24816,6,卖盘
1914,11:19:11,41.36,41360,10,卖盘
1915,11:19:14,41.36,86856,21,卖盘
1916,11:19:17,41.36,111666,27,卖盘
1917,11:19:23,41.36,12408,3,买盘
1918,11:19:26,41.36,70309,17,买盘
1919,11:19:32,41.36,115808,28,买盘
1920,11:19:38,41.36,8272,2,买盘
1921,11:19:41,41.36,4136,1,中性盘
1922,11:19:47,41.36,186077,45,买盘
1923,11:19:56,41.35,4135,1,卖盘
1924,11:19:59,41.36,8272,2,买盘
1925,11:20:05,41.36,41360,10,买盘
1926,11:20:08,41.36,4136,1,中性盘
1927,11:20:14,41.36,12408,3,卖盘
1928,11:20:20,41.36,4136,1,买盘
1929,11:20:23,41.35,8270,2,卖盘
1930,11:20:26,41.35,86835,21,卖盘
1931,11:20:29,41.35,45485,11,买盘
1932,11:20:32,41.35,20674,5,买盘
1933,11:20:35,41.34,12403,3,卖盘
1934,11:20:38,41.34,8268,2,卖盘
1935,11:20:41,41.34,4134,1,卖盘
1936,11:20:44,41.34,4134,1,卖盘
1937,11:20:47,41.34,20670,5,卖盘
1938,11:20:50,41.34,8268,2,卖盘
1939,11:20:56,41.35,99239,24,买盘
1940,11:20:59,41.36,8272,2,买盘
1941,11:21:02,41.35,28946,7,卖盘
1942,11:21:05,41.35,28942,7,买盘
1943,11:21:08,41.35,8269,2,买盘
1944,11:21:11,41.31,867790,210,卖盘
1945,11:21:14,41.31,20654,5,买盘
1946,11:21:17,41.32,148782,36,中性盘
1947,11:21:23,41.31,4131,1,买盘
1948,11:21:26,41.32,4132,1,买盘
1949,11:21:29,41.31,4131,1,卖盘
1950,11:21:32,41.32,4132,1,买盘
1951,11:21:44,41.31,4131,1,买盘
1952,11:21:47,41.31,4131,1,买盘
1953,11:21:50,41.32,12394,3,买盘
1954,11:21:56,41.3,4130,1,卖盘
1955,11:21:59,41.31,16524,4,中性盘
1956,11:22:02,41.32,4132,1,买盘
1957,11:22:05,41.32,12395,3,买盘
1958,11:22:08,41.32,4132,1,买盘
1959,11:22:11,41.31,20655,5,卖盘
1960,11:22:14,41.32,28918,7,买盘
1961,11:22:17,41.31,28918,7,卖盘
1962,11:22:20,41.32,16525,4,买盘
1963,11:22:26,41.31,12393,3,卖盘
1964,11:22:29,41.31,49572,12,卖盘
1965,11:22:32,41.31,70227,17,卖盘
1966,11:22:35,41.29,301529,73,卖盘
1967,11:22:38,41.28,4128,1,卖盘
1968,11:22:41,41.3,24770,6,买盘
1969,11:22:50,41.28,8256,2,卖盘
1970,11:23:02,41.31,4131,1,买盘
1971,11:23:05,41.31,8262,2,卖盘
1972,11:23:17,41.31,20658,5,中性盘
1973,11:23:20,41.31,136355,33,卖盘
1974,11:23:23,41.32,4132,1,买盘
1975,11:23:26,41.32,37188,9,买盘
1976,11:23:32,41.33,99187,24,买盘
1977,11:23:35,41.33,37198,9,卖盘
1978,11:23:38,41.33,4133,1,中性盘
1979,11:23:41,41.33,45463,11,买盘
1980,11:23:44,41.33,4133,1,卖盘
1981,11:23:47,41.33,4133,1,卖盘
1982,11:23:53,41.33,4133,1,卖盘
1983,11:24:02,41.34,20670,5,买盘
1984,11:24:05,41.33,8267,2,卖盘
1985,11:24:08,41.33,24802,6,卖盘
1986,11:24:11,41.33,24798,6,卖盘
1987,11:24:17,41.33,4133,1,卖盘
1988,11:24:20,41.34,115739,28,买盘
1989,11:24:23,41.33,4133,1,卖盘
1990,11:24:26,41.32,66130,16,卖盘
1991,11:24:29,41.34,53732,13,买盘
1992,11:24:32,41.33,8266,2,中性盘
1993,11:24:38,41.32,41322,10,卖盘
1994,11:24:41,41.32,16528,4,卖盘
1995,11:24:47,41.32,16528,4,卖盘
1996,11:24:50,41.32,24796,6,卖盘
1997,11:24:53,41.32,20661,5,卖盘
1998,11:24:56,41.33,8266,2,买盘
1999,11:25:05,41.33,16529,4,中性盘
2000,11:25:08,41.34,41335,10,买盘
2001,11:25:14,41.32,12396,3,卖盘
2002,11:25:20,41.34,8268,2,买盘
2003,11:25:23,41.34,20670,5,买盘
2004,11:25:29,41.32,33056,8,卖盘
2005,11:25:32,41.32,33060,8,卖盘
2006,11:25:35,41.32,16528,4,卖盘
2007,11:25:47,41.32,8264,2,卖盘
2008,11:25:50,41.32,33060,8,卖盘
2009,11:25:56,41.32,20662,5,卖盘
2010,11:25:59,41.32,198336,48,卖盘
2011,11:26:02,41.32,70244,17,卖盘
2012,11:26:05,41.34,8268,2,买盘
2013,11:26:11,41.32,45464,11,卖盘
2014,11:26:17,41.32,20660,5,卖盘
2015,11:26:20,41.34,12402,3,买盘
2016,11:26:26,41.32,41320,10,卖盘
2017,11:26:29,41.32,24793,6,卖盘
2018,11:26:35,41.31,8262,2,卖盘
2019,11:26:38,41.32,33052,8,买盘
2020,11:26:41,41.31,8262,2,卖盘
2021,11:26:44,41.33,20665,5,买盘
2022,11:26:47,41.31,8262,2,卖盘
2023,11:26:50,41.31,41310,10,卖盘
2024,11:26:53,41.3,45438,11,卖盘
2025,11:26:56,41.3,28910,7,卖盘
2026,11:26:59,41.3,8260,2,卖盘
2027,11:27:02,41.31,24782,6,买盘
2028,11:27:08,41.29,20651,5,卖盘
2029,11:27:17,41.31,94991,23,买盘
2030,11:27:20,41.3,66093,16,卖盘
2031,11:27:23,41.32,16526,4,中性盘
2032,11:27:26,41.34,37198,9,买盘
2033,11:27:32,41.33,206681,50,卖盘
2034,11:27:35,41.35,4135,1,买盘
2035,11:27:38,41.33,74397,18,卖盘
2036,11:27:41,41.34,231503,56,买盘
2037,11:27:44,41.34,20670,5,买盘
2038,11:27:47,41.33,103327,25,卖盘
2039,11:27:50,41.33,99213,24,卖盘
2040,11:27:53,41.33,45464,11,卖盘
2041,11:27:56,41.33,28932,7,卖盘
2042,11:27:59,41.33,24801,6,卖盘
2043,11:28:02,41.34,8267,2,买盘
2044,11:28:05,41.34,33070,8,买盘
2045,11:28:08,41.33,8266,2,卖盘
2046,11:28:11,41.35,37199,9,买盘
2047,11:28:14,41.33,8266,2,卖盘
2048,11:28:17,41.33,90926,22,卖盘
2049,11:28:20,41.32,41320,10,卖盘
2050,11:28:26,41.33,16531,4,买盘
2051,11:28:53,41.31,24786,6,卖盘
2052,11:28:56,41.31,16524,4,卖盘
2053,11:28:59,41.31,24791,6,卖盘
2054,11:29:02,41.31,202505,49,卖盘
2055,11:29:05,41.3,95002,23,卖盘
2056,11:29:08,41.3,8261,2,卖盘
2057,11:29:11,41.3,33041,8,卖盘
2058,11:29:14,41.3,8261,2,卖盘
2059,11:29:17,41.31,61956,15,买盘
2060,11:29:20,41.3,37166,9,卖盘
2061,11:29:23,41.29,28909,7,卖盘
2062,11:29:26,41.3,16520,4,买盘
2063,11:29:29,41.29,24778,6,卖盘
2064,11:29:32,41.3,8260,2,买盘
2065,11:29:35,41.3,12390,3,卖盘
2066,11:29:38,41.3,8261,2,卖盘
2067,11:29:41,41.31,16521,4,买盘
2068,11:29:44,41.31,4131,1,买盘
2069,11:29:47,41.31,12389,3,买盘
2070,11:29:50,41.31,4131,1,买盘
2071,11:29:53,41.31,4131,1,买盘
2072,11:29:56,41.31,66070,16,买盘
2073,11:29:59,41.29,123880,30,卖盘
2074,13:00:02,41.29,181640,44,买盘
2075,13:00:05,41.27,140331,34,卖盘
2076,13:00:08,41.28,462220,112,买盘
2077,13:00:11,41.27,321951,78,卖盘
2078,13:00:14,41.25,276481,67,卖盘
2079,13:00:17,41.26,119651,29,买盘
2080,13:00:20,41.24,280525,68,卖盘
2081,13:00:23,41.26,198011,48,买盘
2082,13:00:26,41.26,214522,52,买盘
2083,13:00:29,41.25,82500,20,卖盘
2084,13:00:32,41.26,144452,35,卖盘
2085,13:00:35,41.29,656592,159,买盘
2086,13:00:38,41.27,181643,44,卖盘
2087,13:00:41,41.3,334496,81,买盘
2088,13:00:44,41.3,156940,38,卖盘
2089,13:00:47,41.31,28918,7,中性盘
2090,13:00:50,41.32,8264,2,买盘
2091,13:00:53,41.32,33056,8,买盘
2092,13:00:56,41.32,37188,9,中性盘
2093,13:00:59,41.33,33064,8,买盘
2094,13:01:02,41.33,86779,21,买盘
2095,13:01:05,41.33,152936,37,买盘
2096,13:01:08,41.34,95073,23,中性盘
2097,13:01:11,41.35,243965,59,买盘
2098,13:01:14,41.34,529293,128,卖盘
2099,13:01:17,41.36,41319,10,买盘
2100,13:01:20,41.36,181958,44,卖盘
2101,13:01:23,41.37,310271,75,买盘
2102,13:01:26,41.37,124103,30,买盘
2103,13:01:29,41.38,70341,17,买盘
2104,13:01:32,41.38,256532,62,买盘
2105,13:01:35,41.4,840319,203,买盘
2106,13:01:38,41.43,671032,162,买盘
2107,13:01:41,41.42,49702,12,中性盘
2108,13:01:44,41.44,762440,184,买盘
2109,13:01:47,41.45,385368,93,买盘
2110,13:01:50,41.43,343864,83,中性盘
2111,13:01:53,41.43,302401,73,卖盘
2112,13:01:56,41.42,269144,65,中性盘
2113,13:01:59,41.42,4142,1,买盘
2114,13:02:02,41.4,124204,30,卖盘
2115,13:02:05,41.4,45541,11,卖盘
2116,13:02:08,41.4,53822,13,卖盘
2117,13:02:11,41.39,99337,24,卖盘
2118,13:02:14,41.38,120006,29,卖盘
2119,13:02:17,41.39,57946,14,买盘
2120,13:02:20,41.39,78654,19,买盘
2121,13:02:23,41.38,128308,31,卖盘
2122,13:02:29,41.38,161387,39,卖盘
2123,13:02:32,41.4,82766,20,买盘
2124,13:02:35,41.4,86940,21,买盘
2125,13:02:38,41.4,33120,8,中性盘
2126,13:02:41,41.42,70399,17,买盘
2127,13:02:44,41.42,66283,16,卖盘
2128,13:02:47,41.42,91130,22,卖盘
2129,13:02:50,41.43,57993,14,中性盘
2130,13:02:53,41.42,546453,132,卖盘
2131,13:02:56,41.41,66270,16,卖盘
2132,13:02:59,41.39,95235,23,卖盘
2133,13:03:02,41.4,144910,35,卖盘
2134,13:03:05,41.41,57986,14,中性盘
2135,13:03:08,41.41,103548,25,卖盘
2136,13:03:11,41.43,107712,26,买盘
2137,13:03:14,41.43,4143,1,中性盘
2138,13:03:17,41.43,53854,13,买盘
2139,13:03:20,41.42,37280,9,卖盘
2140,13:03:23,41.43,24856,6,买盘
2141,13:03:26,41.43,120146,29,买盘
2142,13:03:29,41.43,24858,6,卖盘
2143,13:03:32,41.43,45573,11,买盘
2144,13:03:35,41.42,12427,3,卖盘
2145,13:03:38,41.44,149173,36,买盘
2146,13:03:41,41.45,422770,102,买盘
2147,13:03:44,41.44,182358,44,卖盘
2148,13:03:47,41.45,87046,21,卖盘
2149,13:03:50,41.46,887341,214,买盘
2150,13:03:53,41.46,74638,18,买盘
2151,13:03:56,41.46,331680,80,卖盘
2152,13:03:59,41.47,174200,42,买盘
2153,13:04:02,41.48,539231,130,买盘
2154,13:04:05,41.49,468621,113,买盘
2155,13:04:08,41.48,141055,34,中性盘
2156,13:04:11,41.49,37335,9,买盘
2157,13:04:14,41.49,232324,56,中性盘
2158,13:04:17,41.51,2108100,508,买盘
2159,13:04:20,41.52,942156,227,买盘
2160,13:04:23,41.47,2493410,601,卖盘
2161,13:04:26,41.47,49772,12,中性盘
2162,13:04:29,41.47,1643141,396,中性盘
2163,13:04:32,41.47,145049,35,买盘
2164,13:04:35,41.46,215596,52,中性盘
2165,13:04:38,41.46,194862,47,卖盘
2166,13:04:41,41.44,178226,43,卖盘
2167,13:04:44,41.44,87024,21,卖盘
2168,13:04:47,41.44,364800,88,卖盘
2169,13:04:50,41.45,107783,26,卖盘
2170,13:04:53,41.44,186499,45,卖盘
2171,13:04:56,41.46,427102,103,卖盘
2172,13:04:59,41.47,589277,142,卖盘
2173,13:05:02,41.5,1054192,254,中性盘
2174,13:05:05,41.5,194996,47,卖盘
2175,13:05:08,41.5,190912,46,卖盘
2176,13:05:11,41.52,141132,34,中性盘
2177,13:05:14,41.52,4152,1,卖盘
2178,13:05:17,41.52,20760,5,卖盘
2179,13:05:20,41.52,91344,22,卖盘
2180,13:05:23,41.5,203400,49,卖盘
2181,13:05:26,41.52,78863,19,中性盘
2182,13:05:29,41.53,128725,31,买盘
2183,13:05:32,41.5,8300,2,卖盘
2184,13:05:35,41.53,946100,228,买盘
2185,13:05:38,41.51,253103,61,买盘
2186,13:05:41,41.46,116090,28,卖盘
2187,13:05:44,41.5,95444,23,买盘
2188,13:05:47,41.49,4149,1,卖盘
2189,13:05:50,41.51,91304,22,买盘
2190,13:05:53,41.48,232299,56,卖盘
2191,13:05:56,41.53,1224720,295,买盘
2192,13:06:02,41.53,1113197,268,买盘
2193,13:06:05,41.56,465458,112,买盘
2194,13:06:08,41.56,2203411,530,中性盘
2195,13:06:11,41.61,1272146,306,买盘
2196,13:06:14,41.56,398956,96,卖盘
2197,13:06:17,41.55,890210,214,卖盘
2198,13:06:23,41.55,78959,19,中性盘
2199,13:06:26,41.56,270024,65,中性盘
2200,13:06:29,41.56,99744,24,卖盘
2201,13:06:32,41.53,938936,226,卖盘
2202,13:06:35,41.55,452767,109,买盘
2203,13:06:38,41.57,344856,83,买盘
2204,13:06:41,41.57,137082,33,买盘
2205,13:06:44,41.59,719164,173,买盘
2206,13:06:47,41.6,415983,100,买盘
2207,13:06:50,41.63,540905,130,买盘
2208,13:06:53,41.6,449388,108,中性盘
2209,13:06:56,41.63,37458,9,买盘
2210,13:07:02,41.58,124791,30,卖盘
2211,13:07:05,41.59,29115,7,卖盘
2212,13:07:08,41.6,45759,11,买盘
2213,13:07:11,41.6,120612,29,买盘
2214,13:07:14,41.58,191304,46,卖盘
2215,13:07:17,41.58,112278,27,卖盘
2216,13:07:20,41.6,291173,70,买盘
2217,13:07:23,41.64,1843709,443,买盘
2218,13:07:26,41.62,54111,13,卖盘
2219,13:07:29,41.64,1178755,283,中性盘
2220,13:07:32,41.66,550075,132,买盘
2221,13:07:35,41.66,8332,2,卖盘
2222,13:07:38,41.66,16665,4,卖盘
2223,13:07:41,41.65,229135,55,卖盘
2224,13:07:44,41.67,212512,51,买盘
2225,13:07:47,41.66,137469,33,买盘
2226,13:07:50,41.65,41654,10,中性盘
2227,13:07:53,41.64,79116,19,卖盘
2228,13:07:56,41.65,116619,28,买盘
2229,13:07:59,41.64,12492,3,卖盘
2230,13:08:02,41.64,129086,31,卖盘
2231,13:08:05,41.63,270659,65,卖盘
2232,13:08:08,41.63,204004,49,卖盘
2233,13:08:11,41.63,91588,22,卖盘
2234,13:08:14,41.63,66608,16,卖盘
2235,13:08:17,41.63,24982,6,买盘
2236,13:08:20,41.62,99893,24,卖盘
2237,13:08:23,41.61,70745,17,卖盘
2238,13:08:26,41.61,37453,9,卖盘
2239,13:08:29,41.6,99848,24,卖盘
2240,13:08:32,41.6,108171,26,卖盘
2241,13:08:35,41.59,41597,10,卖盘
2242,13:08:38,41.59,332777,80,卖盘
2243,13:08:41,41.58,79023,19,中性盘
2244,13:08:44,41.59,29114,7,中性盘
2245,13:08:47,41.63,1569654,377,买盘
2246,13:08:50,41.63,41640,10,卖盘
2247,13:08:53,41.67,754098,181,买盘
2248,13:08:56,41.66,195808,47,卖盘
2249,13:08:59,41.72,6837739,1640,买盘
2250,13:09:02,41.72,333829,80,买盘
2251,13:09:05,41.72,179408,43,卖盘
2252,13:09:08,41.72,70930,17,卖盘
2253,13:09:11,41.73,809729,194,中性盘
2254,13:09:14,41.73,87636,21,卖盘
2255,13:09:17,41.73,150228,36,卖盘
2256,13:09:20,41.74,517562,124,买盘
2257,13:09:23,41.73,66771,16,中性盘
2258,13:09:26,41.75,822410,197,买盘
2259,13:09:29,41.74,66785,16,卖盘
2260,13:09:32,41.74,1666072,399,卖盘
2261,13:09:35,41.77,375898,90,买盘
2262,13:09:38,41.75,45937,11,卖盘
2263,13:09:41,41.75,83531,20,卖盘
2264,13:09:44,41.75,66802,16,卖盘
2265,13:09:47,41.76,955923,229,买盘
2266,13:09:50,41.75,104370,25,买盘
2267,13:09:53,41.75,233799,56,买盘
2268,13:09:56,41.75,225450,54,买盘
2269,13:09:59,41.74,133607,32,卖盘
2270,13:10:02,41.73,83479,20,卖盘
2271,13:10:05,41.77,2705849,648,买盘
2272,13:10:08,41.75,313161,75,中性盘
2273,13:10:11,41.77,885758,212,买盘
2274,13:10:14,41.77,79361,19,中性盘
2275,13:10:17,41.74,680618,163,卖盘
2276,13:10:20,41.77,50125,12,中性盘
2277,13:10:23,41.74,75154,18,卖盘
2278,13:10:26,41.74,446614,107,中性盘
2279,13:10:29,41.73,183681,44,卖盘
2280,13:10:32,41.75,41745,10,买盘
2281,13:10:35,41.75,25054,6,中性盘
2282,13:10:38,41.76,459260,110,中性盘
2283,13:10:41,41.77,342497,82,买盘
2284,13:10:44,41.75,162879,39,卖盘
2285,13:10:47,41.75,141969,34,卖盘
2286,13:10:50,41.77,142002,34,买盘
2287,13:10:53,41.75,66805,16,卖盘
2288,13:10:56,41.75,229632,55,卖盘
2289,13:10:59,41.75,25050,6,卖盘
2290,13:11:02,41.75,41751,10,卖盘
2291,13:11:05,41.75,317352,76,卖盘
2292,13:11:08,41.75,379970,91,卖盘
2293,13:11:11,41.75,29225,7,买盘
2294,13:11:14,41.74,45914,11,卖盘
2295,13:11:17,41.75,621931,149,买盘
2296,13:11:20,41.73,150228,36,卖盘
2297,13:11:23,41.72,634236,152,卖盘
2298,13:11:26,41.71,79249,19,卖盘
2299,13:11:29,41.71,75065,18,买盘
2300,13:11:32,41.7,25020,6,卖盘
2301,13:11:35,41.69,91740,22,卖盘
2302,13:11:38,41.7,33358,8,买盘
2303,13:11:41,41.69,62539,15,卖盘
2304,13:11:44,41.69,79213,19,卖盘
2305,13:11:47,41.68,33344,8,卖盘
2306,13:11:50,41.67,45833,11,卖盘
2307,13:11:53,41.67,120831,29,中性盘
2308,13:11:56,41.66,541760,130,中性盘
2309,13:11:59,41.68,95830,23,中性盘
2310,13:12:02,41.69,279348,67,买盘
2311,13:12:08,41.69,37519,9,卖盘
2312,13:12:14,41.69,8338,2,买盘
2313,13:12:17,41.69,8337,2,买盘
2314,13:12:20,41.68,91696,22,卖盘
2315,13:12:23,41.68,45850,11,卖盘
2316,13:12:26,41.69,162591,39,买盘
2317,13:12:29,41.69,120901,29,买盘
2318,13:12:32,41.7,29184,7,买盘
2319,13:12:35,41.69,41691,10,卖盘
2320,13:12:38,41.69,12507,3,卖盘
2321,13:12:41,41.69,33353,8,卖盘
2322,13:12:44,41.69,87549,21,卖盘
2323,13:12:47,41.68,154216,37,卖盘
2324,13:12:50,41.69,62516,15,买盘
2325,13:12:53,41.69,79187,19,买盘
2326,13:12:56,41.67,41670,10,卖盘
2327,13:12:59,41.66,116650,28,卖盘
2328,13:13:02,41.67,20835,5,买盘
2329,13:13:05,41.65,116647,28,卖盘
2330,13:13:08,41.66,8332,2,买盘
2331,13:13:11,41.66,58320,14,买盘
2332,13:13:14,41.65,191614,46,卖盘
2333,13:13:17,41.65,137447,33,卖盘
2334,13:13:20,41.65,66640,16,买盘
2335,13:13:23,41.68,104137,25,买盘
2336,13:13:26,41.65,129115,31,卖盘
2337,13:13:29,41.65,79147,19,卖盘
2338,13:13:32,41.66,37486,9,中性盘
2339,13:13:35,41.66,12498,3,买盘
2340,13:13:38,41.64,220726,53,卖盘
2341,13:13:41,41.65,45810,11,买盘
2342,13:13:44,41.64,74953,18,卖盘
2343,13:13:47,41.64,24984,6,卖盘
2344,13:13:50,41.64,37477,9,卖盘
2345,13:13:53,41.64,320674,77,卖盘
2346,13:13:56,41.64,137412,33,卖盘
2347,13:13:59,41.63,124891,30,卖盘
2348,13:14:02,41.63,24978,6,卖盘
2349,13:14:05,41.64,58283,14,买盘
2350,13:14:08,41.63,124890,30,卖盘
2351,13:14:11,41.62,91578,22,卖盘
2352,13:14:14,41.62,79081,19,卖盘
2353,13:14:17,41.62,16648,4,卖盘
2354,13:14:20,41.62,20810,5,卖盘
2355,13:14:23,41.63,99889,24,买盘
2356,13:14:26,41.61,45781,11,卖盘
2357,13:14:32,41.62,62422,15,中性盘
2358,13:14:35,41.61,87378,21,卖盘
2359,13:14:38,41.6,12480,3,卖盘
2360,13:14:41,41.63,241431,58,买盘
2361,13:14:44,41.63,29141,7,卖盘
2362,13:14:47,41.62,95746,23,卖盘
2363,13:14:50,41.62,95727,23,卖盘
2364,13:14:53,41.62,12485,3,买盘
2365,13:14:56,41.61,16645,4,卖盘
2366,13:14:59,41.61,45768,11,卖盘
2367,13:15:02,41.6,29123,7,卖盘
2368,13:15:05,41.61,220533,53,买盘
2369,13:15:08,41.61,16646,4,卖盘
2370,13:15:11,41.62,4162,1,买盘
2371,13:15:14,41.62,228961,55,买盘
2372,13:15:17,41.64,212364,51,买盘
2373,13:15:20,41.64,41635,10,买盘
2374,13:15:23,41.64,41642,10,买盘
2375,13:15:29,41.64,8328,2,卖盘
2376,13:15:32,41.65,4165,1,买盘
2377,13:15:35,41.65,149934,36,买盘
2378,13:15:38,41.65,8330,2,买盘
2379,13:15:41,41.64,116594,28,卖盘
2380,13:15:44,41.65,41645,10,买盘
2381,13:15:47,41.66,696056,167,买盘
2382,13:15:50,41.68,70842,17,中性盘
2383,13:15:53,41.7,12508,3,买盘
2384,13:15:56,41.69,4169,1,买盘
2385,13:15:59,41.69,20845,5,买盘
2386,13:16:02,41.68,16672,4,卖盘
2387,13:16:05,41.69,8338,2,买盘
2388,13:16:08,41.68,16672,4,卖盘
2389,13:16:11,41.68,320893,77,卖盘
2390,13:16:14,41.67,45829,11,中性盘
2391,13:16:17,41.66,91651,22,卖盘
2392,13:16:20,41.67,108320,26,买盘
2393,13:16:23,41.65,20829,5,卖盘
2394,13:16:29,41.65,245529,59,卖盘
2395,13:16:32,41.65,21034,5,卖盘
2396,13:16:35,41.64,29149,7,卖盘
2397,13:16:38,41.64,83290,20,卖盘
2398,13:16:41,41.65,303835,73,买盘
2399,13:16:44,41.66,29157,7,买盘
2400,13:16:47,41.65,70808,17,卖盘
2401,13:16:50,41.65,324870,78,卖盘
2402,13:16:53,41.65,87674,21,卖盘
2403,13:16:56,41.64,116599,28,卖盘
2404,13:16:59,41.64,195703,47,卖盘
2405,13:17:02,41.63,24980,6,卖盘
2406,13:17:05,41.64,91598,22,买盘
2407,13:17:08,41.63,45794,11,卖盘
2408,13:17:11,41.63,29141,7,卖盘
2409,13:17:14,41.64,41638,10,买盘
2410,13:17:17,41.64,37472,9,买盘
2411,13:17:23,41.63,20816,5,卖盘
2412,13:17:26,41.64,116591,28,买盘
2413,13:17:29,41.64,87444,21,卖盘
2414,13:17:32,41.66,1620282,389,买盘
2415,13:17:38,41.67,4167,1,中性盘
2416,13:17:41,41.67,79165,19,中性盘
2417,13:17:44,41.66,45836,11,卖盘
2418,13:17:47,41.67,4167,1,卖盘
2419,13:17:50,41.68,4168,1,买盘
2420,13:17:53,41.67,54171,13,卖盘
2421,13:17:56,41.66,420958,101,卖盘
2422,13:18:02,41.67,91656,22,中性盘
2423,13:18:08,41.68,41672,10,买盘
2424,13:18:11,41.67,8334,2,中性盘
2425,13:18:14,41.67,125014,30,卖盘
2426,13:18:17,41.68,12503,3,买盘
2427,13:18:20,41.68,133376,32,买盘
2428,13:18:23,41.67,162565,39,卖盘
2429,13:18:26,41.68,58352,14,买盘
2430,13:18:29,41.69,83370,20,买盘
2431,13:18:32,41.68,4168,1,卖盘
2432,13:18:35,41.69,425298,102,买盘
2433,13:18:38,41.68,33347,8,卖盘
2434,13:18:41,41.68,12505,3,卖盘
2435,13:18:44,41.69,4169,1,买盘
2436,13:18:47,41.68,70856,17,卖盘
2437,13:18:50,41.68,133376,32,买盘
2438,13:18:53,41.68,16672,4,卖盘
2439,13:18:56,41.69,16675,4,买盘
2440,13:19:02,41.68,75024,18,买盘
2441,13:19:05,41.68,95854,23,买盘
2442,13:19:08,41.68,20840,5,买盘
2443,13:19:11,41.68,16670,4,买盘
2444,13:19:14,41.69,321036,77,买盘
2445,13:19:17,41.68,45848,11,卖盘
2446,13:19:20,41.68,145898,35,中性盘
2447,13:19:23,41.69,425295,102,买盘
2448,13:19:26,41.71,738092,177,买盘
2449,13:19:29,41.72,304513,73,买盘
2450,13:19:32,41.72,1380932,331,买盘
2451,13:19:35,41.73,83460,20,买盘
2452,13:19:38,41.73,4173,1,买盘
2453,13:19:41,41.73,187766,45,买盘
2454,13:19:44,41.73,12521,3,卖盘
2455,13:19:47,41.74,20870,5,买盘
2456,13:19:50,41.75,563491,135,买盘
2457,13:19:53,41.73,146074,35,卖盘
2458,13:19:56,41.73,87633,21,买盘
2459,13:19:59,41.73,16692,4,买盘
2460,13:20:02,41.73,25033,6,买盘
2461,13:20:05,41.72,358822,86,卖盘
2462,13:20:08,41.72,191923,46,卖盘
2463,13:20:11,41.72,772004,185,买盘
2464,13:20:14,41.76,989495,237,买盘
2465,13:20:17,41.76,238001,57,买盘
2466,13:20:20,41.78,1750287,419,买盘
2467,13:20:23,41.77,62663,15,中性盘
2468,13:20:26,41.78,526428,126,买盘
2469,13:20:29,41.76,242263,58,卖盘
2470,13:20:32,41.78,71031,17,中性盘
2471,13:20:35,41.78,50136,12,买盘
2472,13:20:38,41.78,162937,39,买盘
2473,13:20:41,41.78,179654,43,买盘
2474,13:20:44,41.78,66848,16,卖盘
2475,13:20:47,41.78,789825,189,卖盘
2476,13:20:50,41.78,513902,123,卖盘
2477,13:20:53,41.79,154623,37,买盘
2478,13:20:56,41.78,213078,51,卖盘
2479,13:20:59,41.77,25064,6,卖盘
2480,13:21:02,41.77,225596,54,卖盘
2481,13:21:05,41.77,108602,26,卖盘
2482,13:21:08,41.78,208896,50,买盘
2483,13:21:11,41.78,146207,35,买盘
2484,13:21:14,41.77,104428,25,卖盘
2485,13:21:17,41.78,4178,1,买盘
2486,13:21:20,41.77,83553,20,卖盘
2487,13:21:23,41.77,279864,67,卖盘
2488,13:21:26,41.77,192142,46,卖盘
2489,13:21:29,41.77,334161,80,卖盘
2490,13:21:32,41.77,20885,5,买盘
2491,13:21:35,41.76,12528,3,卖盘
2492,13:21:38,41.76,29236,7,卖盘
2493,13:21:41,41.76,45936,11,卖盘
2494,13:21:44,41.76,12529,3,卖盘
2495,13:21:47,41.77,271441,65,买盘
2496,13:21:50,41.76,37584,9,卖盘
2497,13:21:53,41.77,121123,29,买盘
2498,13:21:56,41.76,187954,45,卖盘
2499,13:21:59,41.76,8352,2,卖盘
2500,13:22:02,41.76,438481,105,卖盘
2501,13:22:05,41.76,45936,11,卖盘
2502,13:22:08,41.76,20879,5,中性盘
2503,13:22:11,41.76,54284,13,买盘
2504,13:22:17,41.75,175389,42,卖盘
2505,13:22:20,41.76,321542,77,买盘
2506,13:22:23,41.76,200447,48,买盘
2507,13:22:26,41.76,66816,16,卖盘
2508,13:22:29,41.77,568057,136,买盘
2509,13:22:32,41.76,626433,150,卖盘
2510,13:22:35,41.76,4176,1,买盘
2511,13:22:38,41.75,141954,34,卖盘
2512,13:22:41,41.76,121098,29,买盘
2513,13:22:44,41.75,154491,37,卖盘
2514,13:22:47,41.76,96047,23,买盘
2515,13:22:50,41.76,108570,26,卖盘
2516,13:22:56,41.75,29226,7,卖盘
2517,13:22:59,41.76,20880,5,买盘
2518,13:23:02,41.75,425850,102,卖盘
2519,13:23:05,41.75,50100,12,卖盘
2520,13:23:08,41.75,12525,3,卖盘
2521,13:23:11,41.75,20875,5,卖盘
2522,13:23:14,41.75,25053,6,卖盘
2523,13:23:17,41.75,25051,6,卖盘
2524,13:23:20,41.75,41750,10,卖盘
2525,13:23:23,41.76,1098126,263,买盘
2526,13:23:26,41.76,935354,224,买盘
2527,13:23:29,41.76,609663,146,买盘
2528,13:23:32,41.76,442564,106,卖盘
2529,13:23:35,41.77,66817,16,买盘
2530,13:23:38,41.76,129439,31,卖盘
2531,13:23:41,41.76,83520,20,买盘
2532,13:23:44,41.76,8352,2,卖盘
2533,13:23:47,41.76,847886,203,卖盘
2534,13:23:50,41.76,325728,78,买盘
2535,13:23:53,41.76,16704,4,卖盘
2536,13:23:56,41.75,133622,32,卖盘
2537,13:23:59,41.76,501228,120,中性盘
2538,13:24:02,41.76,271469,65,卖盘
2539,13:24:05,41.76,37583,9,买盘
2540,13:24:08,41.76,388368,93,买盘
2541,13:24:11,41.76,308903,74,卖盘
2542,13:24:14,41.75,87671,21,中性盘
2543,13:24:17,41.74,75155,18,卖盘
2544,13:24:23,41.74,217053,52,卖盘
2545,13:24:26,41.76,813945,195,买盘
2546,13:24:29,41.76,104395,25,买盘
2547,13:24:32,41.76,438272,105,买盘
2548,13:24:35,41.76,29227,7,买盘
2549,13:24:38,41.75,20871,5,买盘
2550,13:24:41,41.75,54272,13,中性盘
2551,13:24:44,41.75,16700,4,卖盘
2552,13:24:47,41.76,16699,4,买盘
2553,13:24:50,41.75,121075,29,中性盘
2554,13:24:53,41.75,91863,22,卖盘
2555,13:24:56,41.76,45935,11,买盘
2556,13:24:59,41.76,179566,43,买盘
2557,13:25:02,41.76,430058,103,中性盘
2558,13:25:05,41.77,388461,93,买盘
2559,13:25:08,41.82,6106086,1461,买盘
2560,13:25:11,41.81,234178,56,卖盘
2561,13:25:14,41.81,66915,16,中性盘
2562,13:25:17,41.8,41817,10,卖盘
2563,13:25:20,41.82,108732,26,买盘
2564,13:25:23,41.83,29275,7,买盘
2565,13:25:26,41.83,669278,160,买盘
2566,13:25:29,41.84,20920,5,买盘
2567,13:25:32,41.84,2435846,582,买盘
2568,13:25:35,41.83,125497,30,卖盘
2569,13:25:38,41.86,406167,97,买盘
2570,13:25:41,41.87,62761,15,买盘
2571,13:25:44,41.83,163171,39,卖盘
2572,13:25:47,41.83,263530,63,卖盘
2573,13:25:50,41.83,142234,34,买盘
2574,13:25:53,41.83,217561,52,中性盘
2575,13:25:56,41.82,359777,86,卖盘
2576,13:25:59,41.83,368224,88,中性盘
2577,13:26:02,41.82,330466,79,卖盘
2578,13:26:05,41.82,16729,4,买盘
2579,13:26:11,41.82,92023,22,卖盘
2580,13:26:14,41.82,96208,23,卖盘
2581,13:26:17,41.83,405719,97,买盘
2582,13:26:20,41.82,87840,21,中性盘
2583,13:26:23,41.82,37636,9,买盘
2584,13:26:26,41.82,87823,21,卖盘
2585,13:26:29,41.83,100390,24,买盘
2586,13:26:32,41.82,158922,38,卖盘
2587,13:26:35,41.82,100368,24,买盘
2588,13:26:38,41.82,125460,30,买盘
2589,13:26:41,41.82,8364,2,买盘
2590,13:26:44,41.82,179824,43,买盘
2591,13:26:47,41.83,29280,7,买盘
2592,13:26:50,41.83,71107,17,买盘
2593,13:26:53,41.82,20912,5,卖盘
2594,13:26:56,41.83,62739,15,买盘
2595,13:26:59,41.83,20915,5,买盘
2596,13:27:02,41.82,723487,173,卖盘
2597,13:27:05,41.82,100391,24,卖盘
2598,13:27:08,41.82,125488,30,卖盘
2599,13:27:11,41.82,129666,31,卖盘
2600,13:27:14,41.86,2783110,665,买盘
2601,13:27:17,41.87,636421,152,买盘
2602,13:27:20,41.88,20940,5,买盘
2603,13:27:23,41.87,268005,64,卖盘
2604,13:27:26,41.87,163293,39,买盘
2605,13:27:29,41.88,138196,33,买盘
2606,13:27:32,41.86,422800,101,卖盘
2607,13:27:35,41.86,318198,76,卖盘
2608,13:27:38,41.86,456413,109,卖盘
2609,13:27:41,41.86,133976,32,卖盘
2610,13:27:44,41.86,58606,14,卖盘
2611,13:27:47,41.87,113045,27,买盘
2612,13:27:50,41.87,138164,33,买盘
2613,13:27:53,41.86,66980,16,卖盘
2614,13:27:56,41.86,62802,15,卖盘
2615,13:27:59,41.87,71178,17,买盘
2616,13:28:02,41.86,665625,159,卖盘
2617,13:28:05,41.87,217721,52,买盘
2618,13:28:08,41.86,37679,9,卖盘
2619,13:28:11,41.86,251210,60,卖盘
2620,13:28:14,41.86,133952,32,卖盘
2621,13:28:17,41.84,1699303,406,卖盘
2622,13:28:20,41.84,192464,46,卖盘
2623,13:28:23,41.84,20918,5,买盘
2624,13:28:26,41.83,12549,3,卖盘
2625,13:28:29,41.84,698567,167,买盘
2626,13:28:32,41.82,217543,52,卖盘
2627,13:28:35,41.83,83655,20,买盘
2628,13:28:38,41.81,823713,197,卖盘
2629,13:28:41,41.81,100344,24,卖盘
2630,13:28:44,41.81,188114,45,买盘
2631,13:28:47,41.8,137942,33,卖盘
2632,13:28:50,41.81,50164,12,买盘
2633,13:28:53,41.81,37625,9,买盘
2634,13:28:56,41.81,409660,98,买盘
2635,13:29:02,41.79,188097,45,卖盘
2636,13:29:05,41.79,125370,30,卖盘
2637,13:29:08,41.79,50152,12,卖盘
2638,13:29:11,41.79,50148,12,卖盘
2639,13:29:14,41.79,50154,12,卖盘
2640,13:29:17,41.79,45969,11,卖盘
2641,13:29:20,41.79,37611,9,卖盘
2642,13:29:23,41.79,79401,19,卖盘
2643,13:29:26,41.79,117012,28,卖盘
2644,13:29:29,41.79,16716,4,卖盘
2645,13:29:32,41.79,96117,23,卖盘
2646,13:29:35,41.79,62683,15,买盘
2647,13:29:38,41.77,100260,24,卖盘
2648,13:29:41,41.77,66832,16,卖盘
2649,13:29:44,41.77,12531,3,买盘
2650,13:29:47,41.75,12527,3,卖盘
2651,13:29:50,41.75,37582,9,卖盘
2652,13:29:53,41.75,45925,11,卖盘
2653,13:29:56,41.75,359084,86,卖盘
2654,13:29:59,41.75,638778,153,买盘
2655,13:30:02,41.76,242152,58,买盘
2656,13:30:05,41.74,296373,71,卖盘
2657,13:30:11,41.74,12522,3,买盘
2658,13:30:14,41.73,16694,4,卖盘
2659,13:30:17,41.74,246261,59,买盘
2660,13:30:20,41.74,20868,5,买盘
2661,13:30:23,41.75,108545,26,买盘
2662,13:30:26,41.74,12522,3,中性盘
2663,13:30:35,41.74,70958,17,卖盘
2664,13:30:38,41.74,4174,1,买盘
2665,13:30:41,41.74,16693,4,买盘
2666,13:30:44,41.74,4174,1,买盘
2667,13:30:47,41.74,58431,14,买盘
2668,13:30:50,41.72,525803,126,卖盘
2669,13:30:53,41.72,12516,3,买盘
2670,13:30:56,41.71,62567,15,卖盘
2671,13:30:59,41.71,70922,17,卖盘
2672,13:31:05,41.69,33356,8,卖盘
2673,13:31:08,41.69,70885,17,卖盘
2674,13:31:11,41.7,25020,6,买盘
2675,13:31:14,41.7,58374,14,买盘
2676,13:31:17,41.69,83380,20,卖盘
2677,13:31:20,41.69,45860,11,卖盘
2678,13:31:23,41.69,70870,17,买盘
2679,13:31:32,41.68,16672,4,卖盘
2680,13:31:35,41.68,33344,8,卖盘
2681,13:31:41,41.68,108368,26,买盘
2682,13:31:44,41.67,33337,8,卖盘
2683,13:31:47,41.67,12501,3,卖盘
2684,13:31:50,41.67,66673,16,卖盘
2685,13:31:53,41.67,29174,7,卖盘
2686,13:31:56,41.67,12501,3,卖盘
2687,13:31:59,41.67,4167,1,卖盘
2688,13:32:02,41.67,45837,11,卖盘
2689,13:32:05,41.67,100030,24,卖盘
2690,13:32:08,41.67,300037,72,卖盘
2691,13:32:11,41.68,50005,12,买盘
2692,13:32:14,41.67,16668,4,卖盘
2693,13:32:17,41.67,4167,1,卖盘
2694,13:32:20,41.68,137521,33,买盘
2695,13:32:23,41.67,41670,10,卖盘
2696,13:32:26,41.68,4168,1,买盘
2697,13:32:29,41.67,125010,30,卖盘
2698,13:32:32,41.67,129205,31,卖盘
2699,13:32:35,41.68,37512,9,买盘
2700,13:32:41,41.68,154216,37,买盘
2701,13:32:44,41.66,612554,147,卖盘
2702,13:32:47,41.66,99985,24,卖盘
2703,13:32:50,41.66,108316,26,卖盘
2704,13:32:53,41.65,79135,19,卖盘
2705,13:32:56,41.66,20827,5,买盘
2706,13:32:59,41.65,70819,17,卖盘
2707,13:33:02,41.65,183260,44,卖盘
2708,13:33:05,41.64,16656,4,卖盘
2709,13:33:08,41.63,345590,83,卖盘
2710,13:33:11,41.61,191418,46,卖盘
2711,13:33:14,41.6,149765,36,卖盘
2712,13:33:17,41.6,116491,28,卖盘
2713,13:33:20,41.6,336960,81,卖盘
2714,13:33:23,41.61,249544,60,买盘
2715,13:33:26,41.6,99833,24,中性盘
2716,13:33:29,41.59,108143,26,卖盘
2717,13:33:32,41.59,87335,21,卖盘
2718,13:33:35,41.58,578186,139,卖盘
2719,13:33:38,41.58,199644,48,卖盘
2720,13:33:41,41.58,108109,26,卖盘
2721,13:33:44,41.59,33279,8,中性盘
2722,13:33:47,41.58,141430,34,卖盘
2723,13:33:50,41.58,20790,5,中性盘
2724,13:33:53,41.6,178825,43,买盘
2725,13:33:56,41.58,87322,21,中性盘
2726,13:33:59,41.59,237102,57,卖盘
2727,13:34:02,41.6,16640,4,买盘
2728,13:34:05,41.6,49920,12,买盘
2729,13:34:08,41.61,54090,13,买盘
2730,13:34:11,41.62,20806,5,买盘
2731,13:34:14,41.62,8325,2,中性盘
2732,13:34:17,41.62,41615,10,买盘
2733,13:34:20,41.63,20815,5,买盘
2734,13:34:23,41.63,8326,2,卖盘
2735,13:34:26,41.63,33309,8,卖盘
2736,13:34:29,41.63,99937,24,卖盘
2737,13:34:32,41.63,37467,9,卖盘
2738,13:34:35,41.63,212323,51,卖盘
2739,13:34:38,41.63,4163,1,买盘
2740,13:34:41,41.63,37466,9,买盘
2741,13:34:44,41.62,116536,28,卖盘
2742,13:34:47,41.62,108212,26,买盘
2743,13:34:50,41.62,20810,5,中性盘
2744,13:34:53,41.61,33293,8,卖盘
2745,13:34:56,41.62,24972,6,买盘
2746,13:34:59,41.62,41628,10,卖盘
2747,13:35:02,41.63,4163,1,买盘
2748,13:35:05,41.62,199778,48,卖盘
2749,13:35:08,41.61,457654,110,卖盘
2750,13:35:11,41.6,24960,6,卖盘
2751,13:35:14,41.61,54090,13,买盘
2752,13:35:17,41.6,8320,2,卖盘
2753,13:35:20,41.6,24960,6,卖盘
2754,13:35:23,41.59,99834,24,卖盘
2755,13:35:26,41.59,37432,9,卖盘
2756,13:35:32,41.58,12474,3,卖盘
2757,13:35:38,41.58,20790,5,卖盘
2758,13:35:41,41.58,12474,3,卖盘
2759,13:35:44,41.57,120576,29,卖盘
2760,13:35:47,41.58,24945,6,中性盘
2761,13:35:50,41.57,91454,22,卖盘
2762,13:35:53,41.58,4158,1,买盘
2763,13:35:56,41.58,16629,4,买盘
2764,13:35:59,41.57,24945,6,卖盘
2765,13:36:02,41.57,33256,8,卖盘
2766,13:36:05,41.58,24945,6,买盘
2767,13:36:08,41.57,20785,5,卖盘
2768,13:36:11,41.58,16629,4,买盘
2769,13:36:14,41.57,41570,10,卖盘
2770,13:36:17,41.58,45735,11,买盘
2771,13:36:20,41.58,70672,17,买盘
2772,13:36:23,41.57,153811,37,卖盘
2773,13:36:26,41.58,37421,9,买盘
2774,13:36:29,41.58,228684,55,买盘
2775,13:36:32,41.59,37425,9,买盘
2776,13:36:35,41.58,37422,9,卖盘
2777,13:36:38,41.59,103975,25,买盘
2778,13:36:44,41.6,4160,1,买盘
2779,13:36:47,41.59,37431,9,卖盘
2780,13:36:53,41.59,278649,67,卖盘
2781,13:36:56,41.58,20790,5,卖盘
2782,13:36:59,41.58,220374,53,卖盘
2783,13:37:02,41.55,623468,150,卖盘
2784,13:37:05,41.56,70642,17,中性盘
2785,13:37:08,41.55,8310,2,卖盘
2786,13:37:11,41.56,4156,1,买盘
2787,13:37:14,41.55,8310,2,卖盘
2788,13:37:17,41.56,29090,7,买盘
2789,13:37:20,41.53,660511,159,卖盘
2790,13:37:23,41.56,319781,77,买盘
2791,13:37:26,41.53,49836,12,买盘
2792,13:37:29,41.53,4153,1,买盘
2793,13:37:32,41.55,20767,5,买盘
2794,13:37:35,41.53,45678,11,卖盘
2795,13:37:38,41.53,16612,4,卖盘
2796,13:37:41,41.54,24923,6,买盘
2797,13:37:50,41.53,12459,3,卖盘
2798,13:37:53,41.53,95525,23,卖盘
2799,13:37:59,41.54,8307,2,买盘
2800,13:38:02,41.53,112131,27,卖盘
2801,13:38:05,41.54,16614,4,买盘
2802,13:38:08,41.54,83088,20,买盘
2803,13:38:11,41.54,4154,1,卖盘
2804,13:38:14,41.55,62325,15,买盘
2805,13:38:17,41.54,29082,7,卖盘
2806,13:38:20,41.54,66465,16,卖盘
2807,13:38:23,41.54,20770,5,卖盘
2808,13:38:26,41.54,62310,15,买盘
2809,13:38:29,41.53,41530,10,卖盘
2810,13:38:35,41.55,49860,12,买盘
2811,13:38:41,41.55,4155,1,买盘
2812,13:38:44,41.55,4155,1,买盘
2813,13:38:47,41.55,24930,6,中性盘
2814,13:38:50,41.54,207707,50,卖盘
2815,13:38:56,41.56,33246,8,买盘
2816,13:38:59,41.56,12468,3,买盘
2817,13:39:02,41.55,8310,2,卖盘
2818,13:39:11,41.55,12465,3,卖盘
2819,13:39:14,41.56,4156,1,买盘
2820,13:39:17,41.55,12465,3,卖盘
2821,13:39:20,41.55,16620,4,卖盘
2822,13:39:26,41.55,12465,3,卖盘
2823,13:39:29,41.55,108032,26,卖盘
2824,13:39:32,41.56,245204,59,买盘
2825,13:39:35,41.56,4156,1,卖盘
2826,13:39:38,41.56,4156,1,卖盘
2827,13:39:44,41.56,58183,14,卖盘
2828,13:39:47,41.55,37398,9,卖盘
2829,13:39:50,41.55,20777,5,卖盘
2830,13:39:53,41.56,4156,1,买盘
2831,13:39:56,41.55,12465,3,卖盘
2832,13:39:59,41.56,70645,17,买盘
2833,13:40:02,41.55,20776,5,卖盘
2834,13:40:05,41.55,8310,2,卖盘
2835,13:40:08,41.56,37399,9,买盘
2836,13:40:11,41.56,33248,8,买盘
2837,13:40:17,41.56,132988,32,买盘
2838,13:40:20,41.56,33248,8,中性盘
2839,13:40:23,41.57,29099,7,买盘
2840,13:40:26,41.57,62355,15,买盘
2841,13:40:29,41.57,4157,1,买盘
2842,13:40:32,41.58,12474,3,买盘
2843,13:40:35,41.58,141368,34,买盘
2844,13:40:38,41.58,24946,6,买盘
2845,13:40:44,41.58,33264,8,买盘
2846,13:40:47,41.58,199584,48,卖盘
2847,13:40:53,41.59,33266,8,买盘
2848,13:40:56,41.59,20791,5,买盘
2849,13:40:59,41.59,12477,3,买盘
2850,13:41:02,41.59,24950,6,买盘
2851,13:41:05,41.58,33267,8,卖盘
2852,13:41:08,41.58,24952,6,卖盘
2853,13:41:11,41.59,79018,19,买盘
2854,13:41:14,41.59,83180,20,买盘
2855,13:41:17,41.6,232960,56,买盘
2856,13:41:20,41.61,37446,9,买盘
2857,13:41:23,41.6,20800,5,卖盘
2858,13:41:26,41.61,224694,54,买盘
2859,13:41:29,41.61,8322,2,买盘
2860,13:41:32,41.61,8322,2,买盘
2861,13:41:35,41.61,553281,133,买盘
2862,13:41:38,41.61,33285,8,买盘
2863,13:41:41,41.61,12483,3,买盘
2864,13:41:44,41.62,91555,22,买盘
2865,13:41:47,41.61,24976,6,卖盘
2866,13:41:56,41.62,37459,9,卖盘
2867,13:41:59,41.62,145671,35,卖盘
2868,13:42:02,41.63,20812,5,买盘
2869,13:42:08,41.63,54116,13,买盘
2870,13:42:11,41.63,8326,2,买盘
2871,13:42:14,41.63,145705,35,买盘
2872,13:42:17,41.62,124860,30,卖盘
2873,13:42:20,41.61,79072,19,卖盘
2874,13:42:23,41.63,8326,2,买盘
2875,13:42:29,41.61,12483,3,卖盘
2876,13:42:32,41.61,399459,96,卖盘
2877,13:42:35,41.6,490991,118,卖盘
2878,13:42:38,41.61,20805,5,买盘
2879,13:42:44,41.6,12480,3,卖盘
2880,13:42:47,41.6,20800,5,卖盘
2881,13:42:53,41.6,12480,3,卖盘
2882,13:42:56,41.6,12480,3,卖盘
2883,13:42:59,41.6,4160,1,卖盘
2884,13:43:02,41.61,33285,8,买盘
2885,13:43:05,41.6,99850,24,卖盘
2886,13:43:08,41.6,12480,3,卖盘
2887,13:43:11,41.6,74880,18,卖盘
2888,13:43:14,41.6,24960,6,卖盘
2889,13:43:20,41.61,49929,12,买盘
2890,13:43:23,41.6,20801,5,卖盘
2891,13:43:26,41.61,49932,12,买盘
2892,13:43:29,41.6,12480,3,卖盘
2893,13:43:32,41.61,54093,13,买盘
2894,13:43:38,41.61,20803,5,买盘
2895,13:43:41,41.61,45771,11,买盘
2896,13:43:44,41.61,12483,3,买盘
2897,13:43:47,41.61,20804,5,买盘
2898,13:43:50,41.61,4161,1,买盘
2899,13:43:53,41.6,20801,5,卖盘
2900,13:43:56,41.61,20804,5,买盘
2901,13:43:59,41.61,37448,9,买盘
2902,13:44:05,41.6,12480,3,卖盘
2903,13:44:08,41.6,37443,9,卖盘
2904,13:44:11,41.61,20805,5,买盘
2905,13:44:14,41.61,4161,1,买盘
2906,13:44:17,41.6,79040,19,卖盘
2907,13:44:20,41.61,95684,23,买盘
2908,13:44:23,41.6,49920,12,卖盘
2909,13:44:26,41.59,70705,17,卖盘
2910,13:44:29,41.59,20795,5,卖盘
2911,13:44:32,41.59,41591,10,卖盘
2912,13:44:35,41.6,4160,1,买盘
2913,13:44:38,41.59,199665,48,卖盘
2914,13:44:41,41.59,4159,1,买盘
2915,13:44:44,41.59,12477,3,买盘
2916,13:44:47,41.59,128926,31,买盘
2917,13:44:50,41.58,12474,3,卖盘
2918,13:44:56,41.59,245383,59,买盘
2919,13:44:59,41.6,58224,14,买盘
2920,13:45:02,41.6,33275,8,买盘
2921,13:45:08,41.59,16636,4,卖盘
2922,13:45:14,41.61,58241,14,买盘
2923,13:45:20,41.6,33280,8,中性盘
2924,13:45:23,41.6,66549,16,买盘
2925,13:45:26,41.6,8320,2,买盘
2926,13:45:29,41.61,374490,90,买盘
2927,13:45:35,41.62,49942,12,买盘
2928,13:45:38,41.61,62425,15,卖盘
2929,13:45:41,41.62,104040,25,买盘
2930,13:45:44,41.62,62432,15,卖盘
2931,13:45:47,41.63,270595,65,买盘
2932,13:45:50,41.64,99931,24,买盘
2933,13:45:53,41.64,4164,1,买盘
2934,13:45:56,41.64,58291,14,买盘
2935,13:46:02,41.63,399666,96,卖盘
2936,13:46:05,41.63,16652,4,买盘
2937,13:46:08,41.62,112374,27,卖盘
2938,13:46:11,41.61,33292,8,卖盘
2939,13:46:14,41.6,386971,93,卖盘
2940,13:46:17,41.59,141406,34,卖盘
2941,13:46:20,41.59,112286,27,买盘
2942,13:46:29,41.59,74861,18,买盘
2943,13:46:32,41.58,128924,31,卖盘
2944,13:46:35,41.58,41580,10,买盘
2945,13:46:41,41.57,8314,2,卖盘
2946,13:46:44,41.58,141372,34,买盘
2947,13:46:47,41.58,4158,1,买盘
2948,13:46:50,41.58,16632,4,买盘
2949,13:46:56,41.58,74840,18,买盘
2950,13:47:05,41.58,12474,3,卖盘
2951,13:47:08,41.59,12476,3,买盘
2952,13:47:14,41.58,37424,9,卖盘
2953,13:47:20,41.58,16632,4,卖盘
2954,13:47:23,41.58,20790,5,卖盘
2955,13:47:26,41.59,70689,17,买盘
2956,13:47:29,41.58,24948,6,卖盘
2957,13:47:32,41.59,153877,37,买盘
2958,13:47:41,41.59,37427,9,买盘
2959,13:47:47,41.59,54067,13,买盘
2960,13:47:50,41.59,4159,1,买盘
2961,13:48:02,41.58,145530,35,卖盘
2962,13:48:05,41.58,33264,8,卖盘
2963,13:48:08,41.58,24949,6,卖盘
2964,13:48:14,41.58,4158,1,卖盘
2965,13:48:17,41.58,16632,4,卖盘
2966,13:48:20,41.58,33264,8,卖盘
2967,13:48:23,41.59,4159,1,买盘
2968,13:48:26,41.58,24948,6,卖盘
2969,13:48:29,41.58,12474,3,卖盘
2970,13:48:32,41.58,33264,8,卖盘
2971,13:48:35,41.59,212108,51,买盘
2972,13:48:41,41.58,16632,4,卖盘
2973,13:48:44,41.59,49908,12,买盘
2974,13:48:47,41.59,74861,18,买盘
2975,13:48:50,41.59,4159,1,中性盘
2976,13:48:53,41.59,29113,7,买盘
2977,13:48:59,41.59,16636,4,卖盘
2978,13:49:02,41.6,4160,1,买盘
2979,13:49:05,41.59,187155,45,卖盘
2980,13:49:08,41.59,54067,13,卖盘
2981,13:49:11,41.6,12480,3,买盘
2982,13:49:14,41.59,74863,18,卖盘
2983,13:49:17,41.59,8318,2,卖盘
2984,13:49:20,41.59,54067,13,卖盘
2985,13:49:26,41.59,58226,14,卖盘
2986,13:49:32,41.59,16636,4,卖盘
2987,13:49:35,41.59,45749,11,卖盘
2988,13:49:38,41.59,124794,30,卖盘
2989,13:49:44,41.59,12477,3,卖盘
2990,13:49:47,41.6,4160,1,买盘
2991,13:49:50,41.59,24954,6,卖盘
2992,13:49:53,41.59,33272,8,卖盘
2993,13:49:59,41.59,12477,3,卖盘
2994,13:50:02,41.6,312000,75,买盘
2995,13:50:05,41.6,24961,6,卖盘
2996,13:50:08,41.61,4161,1,买盘
2997,13:50:11,41.6,12480,3,卖盘
2998,13:50:14,41.61,24966,6,买盘
2999,13:50:17,41.61,128991,31,买盘
3000,13:50:26,41.62,49944,12,买盘
3001,13:50:29,41.62,12484,3,买盘
3002,13:50:32,41.62,49944,12,买盘
3003,13:50:35,41.62,33296,8,买盘
3004,13:50:38,41.62,8324,2,卖盘
3005,13:50:41,41.63,95728,23,买盘
3006,13:50:44,41.62,37460,9,卖盘
3007,13:50:50,41.62,37464,9,卖盘
3008,13:50:53,41.63,45793,11,买盘
3009,13:50:56,41.62,8324,2,卖盘
3010,13:50:59,41.62,58269,14,卖盘
3011,13:51:02,41.63,74934,18,买盘
3012,13:51:08,41.63,29141,7,买盘
3013,13:51:11,41.63,8326,2,买盘
3014,13:51:14,41.63,12489,3,买盘
3015,13:51:29,41.65,87441,21,买盘
3016,13:51:32,41.66,345700,83,买盘
3017,13:51:35,41.67,1153431,277,买盘
3018,13:51:41,41.65,16660,4,中性盘
3019,13:51:44,41.66,49986,12,买盘
3020,13:51:47,41.66,20834,5,中性盘
3021,13:51:50,41.66,12498,3,中性盘
3022,13:51:56,41.66,24994,6,中性盘
3023,13:51:59,41.66,20830,5,买盘
3024,13:52:02,41.65,4165,1,卖盘
3025,13:52:08,41.66,12498,3,买盘
3026,13:52:11,41.66,29157,7,买盘
3027,13:52:14,41.65,41651,10,卖盘
3028,13:52:17,41.66,124980,30,买盘
3029,13:52:20,41.66,8332,2,买盘
3030,13:52:26,41.65,54145,13,卖盘
3031,13:52:32,41.66,37486,9,买盘
3032,13:52:35,41.66,37489,9,买盘
3033,13:52:41,41.65,12495,3,卖盘
3034,13:52:44,41.65,12495,3,卖盘
3035,13:52:47,41.66,87486,21,买盘
3036,13:52:50,41.66,12498,3,买盘
3037,13:52:53,41.66,20827,5,买盘
3038,13:52:56,41.65,20825,5,卖盘
3039,13:52:59,41.65,79140,19,卖盘
3040,13:53:02,41.65,33320,8,卖盘
3041,13:53:05,41.66,29157,7,买盘
3042,13:53:11,41.66,183300,44,买盘
3043,13:53:17,41.65,58312,14,卖盘
3044,13:53:20,41.66,162466,39,买盘
3045,13:53:23,41.67,4167,1,买盘
3046,13:53:29,41.67,16668,4,买盘
3047,13:53:32,41.67,12501,3,买盘
3048,13:53:35,41.67,29164,7,买盘
3049,13:53:38,41.67,125006,30,买盘
3050,13:53:44,41.66,20830,5,卖盘
3051,13:53:47,41.67,37503,9,买盘
3052,13:53:50,41.66,16664,4,卖盘
3053,13:53:53,41.67,462537,111,买盘
3054,13:53:56,41.68,33339,8,买盘
3055,13:54:02,41.73,1876373,450,买盘
3056,13:54:05,41.71,12515,3,中性盘
3057,13:54:08,41.72,33374,8,买盘
3058,13:54:11,41.71,148438,36,卖盘
3059,13:54:14,41.71,187698,45,卖盘
3060,13:54:17,41.71,50052,12,买盘
3061,13:54:20,41.71,75078,18,买盘
3062,13:54:23,41.71,50052,12,中性盘
3063,13:54:26,41.7,16680,4,卖盘
3064,13:54:29,41.71,33368,8,买盘
3065,13:54:32,41.71,8342,2,买盘
3066,13:54:35,41.72,95936,23,买盘
3067,13:54:41,41.71,50052,12,买盘
3068,13:54:44,41.72,79251,19,买盘
3069,13:54:47,41.71,12513,3,中性盘
3070,13:54:50,41.72,266945,64,买盘
3071,13:54:53,41.72,137668,33,买盘
3072,13:54:59,41.71,33371,8,卖盘
3073,13:55:02,41.71,25028,6,卖盘
3074,13:55:05,41.72,296212,71,买盘
3075,13:55:08,41.72,158536,38,买盘
3076,13:55:11,41.71,79251,19,卖盘
3077,13:55:14,41.71,50060,12,卖盘
3078,13:55:17,41.71,116809,28,卖盘
3079,13:55:20,41.72,12514,3,买盘
3080,13:55:23,41.71,100106,24,卖盘
3081,13:55:29,41.7,1167668,280,卖盘
3082,13:55:32,41.7,20850,5,卖盘
3083,13:55:38,41.71,29194,7,买盘
3084,13:55:41,41.71,45881,11,买盘
3085,13:55:44,41.7,33366,8,卖盘
3086,13:55:47,41.7,16680,4,卖盘
3087,13:55:50,41.71,50046,12,买盘
3088,13:55:53,41.7,50041,12,卖盘
3089,13:55:56,41.7,66730,16,卖盘
3090,13:55:59,41.71,37539,9,买盘
3091,13:56:08,41.7,79244,19,卖盘
3092,13:56:14,41.7,20850,5,卖盘
3093,13:56:17,41.71,29194,7,买盘
3094,13:56:20,41.71,54223,13,买盘
3095,13:56:23,41.71,8342,2,卖盘
3096,13:56:29,41.71,200216,48,卖盘
3097,13:56:32,41.71,8342,2,买盘
3098,13:56:35,41.7,12510,3,卖盘
3099,13:56:41,41.7,12510,3,卖盘
3100,13:56:44,41.71,87591,21,买盘
3101,13:56:50,41.71,50052,12,买盘
3102,13:56:53,41.71,41708,10,买盘
3103,13:56:59,41.71,12513,3,买盘
3104,13:57:02,41.7,16680,4,卖盘
3105,13:57:05,41.7,237693,57,卖盘
3106,13:57:08,41.7,29190,7,卖盘
3107,13:57:11,41.7,104250,25,卖盘
3108,13:57:14,41.7,54210,13,卖盘
3109,13:57:17,41.7,25020,6,卖盘
3110,13:57:20,41.7,154290,37,卖盘
3111,13:57:23,41.7,45870,11,卖盘
3112,13:57:29,41.7,850680,204,卖盘
3113,13:57:32,41.7,225182,54,卖盘
3114,13:57:35,41.7,33360,8,卖盘
3115,13:57:38,41.7,1301040,312,卖盘
3116,13:57:41,41.7,45870,11,卖盘
3117,13:57:44,41.7,633840,152,卖盘
3118,13:57:47,41.7,79230,19,买盘
3119,13:57:50,41.69,12507,3,卖盘
3120,13:57:53,41.69,8338,2,卖盘
3121,13:57:56,41.69,12507,3,卖盘
3122,13:58:02,41.69,12507,3,卖盘
3123,13:58:05,41.69,33352,8,卖盘
3124,13:58:08,41.69,95899,23,卖盘
3125,13:58:11,41.69,20845,5,卖盘
3126,13:58:14,41.7,29187,7,买盘
3127,13:58:17,41.68,158384,38,卖盘
3128,13:58:20,41.68,170895,41,买盘
3129,13:58:23,41.69,75042,18,买盘
3130,13:58:26,41.69,4169,1,卖盘
3131,13:58:29,41.69,12507,3,卖盘
3132,13:58:32,41.69,4169,1,卖盘
3133,13:58:35,41.69,25015,6,卖盘
3134,13:58:38,41.69,8338,2,卖盘
3135,13:58:41,41.69,37525,9,卖盘
3136,13:58:44,41.68,20844,5,卖盘
3137,13:58:47,41.69,29180,7,买盘
3138,13:58:53,41.68,12504,3,卖盘
3139,13:58:59,41.72,1067661,256,买盘
3140,13:59:02,41.73,659177,158,买盘
3141,13:59:05,41.73,50084,12,卖盘
3142,13:59:08,41.73,8346,2,卖盘
3143,13:59:11,41.74,41732,10,买盘
3144,13:59:14,41.74,29215,7,买盘
3145,13:59:17,41.72,16690,4,卖盘
3146,13:59:20,41.72,4172,1,卖盘
3147,13:59:23,41.74,50088,12,买盘
3148,13:59:26,41.73,8346,2,卖盘
3149,13:59:29,41.73,29212,7,卖盘
3150,13:59:32,41.73,171093,41,买盘
3151,13:59:35,41.73,41730,10,买盘
3152,13:59:38,41.73,408954,98,买盘
3153,13:59:41,41.74,62610,15,买盘
3154,13:59:44,41.74,1097669,263,买盘
3155,13:59:47,41.75,722273,173,买盘
3156,13:59:50,41.76,20880,5,买盘
3157,13:59:53,41.76,50112,12,买盘
3158,13:59:56,41.76,129455,31,买盘
3159,13:59:59,41.77,12529,3,买盘
3160,14:00:02,41.77,8354,2,买盘
3161,14:00:05,41.76,58468,14,卖盘
3162,14:00:08,41.76,8352,2,中性盘
3163,14:00:11,41.77,16706,4,买盘
3164,14:00:14,41.78,522208,125,买盘
3165,14:00:17,41.77,96071,23,卖盘
3166,14:00:20,41.78,12534,3,买盘
3167,14:00:23,41.78,16709,4,买盘
