,成交时间,成交价格,成交金额,成交量,性质
0,09:25:04,40.77,5495796,1348,卖盘
1,09:30:00,40.77,61155,15,买盘
2,09:30:03,40.76,628020,154,卖盘
3,09:30:06,40.75,1259550,309,中性盘
4,09:30:10,40.75,1381350,339,买盘
5,09:30:12,40.75,1658393,407,买盘
6,09:30:16,40.75,1462367,359,买盘
7,09:30:18,40.75,912811,224,买盘
8,09:30:21,40.79,884567,217,买盘
9,09:30:25,40.84,151009,37,买盘
10,09:30:27,40.8,350981,86,卖盘
11,09:30:30,40.84,281711,69,买盘
12,09:30:34,40.84,367657,90,卖盘
13,09:30:36,40.88,220781,54,中性盘
14,09:30:40,40.85,510746,125,卖盘
15,09:30:42,40.84,572093,140,卖盘
16,09:30:45,40.85,281992,69,中性盘
17,09:30:49,40.86,506977,124,中性盘
18,09:30:51,40.86,118562,29,卖盘
19,09:30:54,40.91,335456,82,买盘
20,09:30:57,40.85,474028,116,卖盘
21,09:31:00,40.95,420995,103,买盘
22,09:31:03,40.95,667340,163,买盘
23,09:31:06,40.99,1851371,452,买盘
24,09:31:09,40.99,180340,44,买盘
25,09:31:13,40.99,664208,162,卖盘
26,09:31:16,41.0,754783,184,中性盘
27,09:31:18,41.04,143617,35,中性盘
28,09:31:21,41.01,414563,101,卖盘
29,09:31:25,41.07,221608,54,买盘
30,09:31:27,41.04,410658,100,卖盘
31,09:31:30,41.07,139599,34,中性盘
32,09:31:34,41.09,620235,151,买盘
33,09:31:37,41.1,402543,98,买盘
34,09:31:39,41.09,406790,99,买盘
35,09:31:42,41.11,542685,132,买盘
36,09:31:45,41.14,365963,89,买盘
37,09:31:49,41.12,197483,48,卖盘
38,09:31:51,41.15,1452318,353,买盘
39,09:31:55,41.2,740928,180,买盘
40,09:31:58,41.19,321253,78,中性盘
41,09:32:01,41.24,1900007,461,买盘
42,09:32:03,41.25,750670,182,中性盘
43,09:32:06,41.28,916550,222,买盘
44,09:32:09,41.3,887688,215,买盘
45,09:32:13,41.32,545193,132,买盘
46,09:32:15,41.27,788450,191,卖盘
47,09:32:18,41.2,870390,211,卖盘
48,09:32:21,41.24,1492233,362,买盘
49,09:32:25,41.2,668224,162,卖盘
50,09:32:28,41.24,2586720,627,买盘
51,09:32:30,41.2,428693,104,卖盘
52,09:32:33,41.25,750441,182,买盘
53,09:32:37,41.29,577680,140,买盘
54,09:32:39,41.26,284772,69,卖盘
55,09:32:42,41.27,152770,37,中性盘
56,09:32:45,41.3,1651654,400,买盘
57,09:32:48,41.3,524768,127,卖盘
58,09:32:51,41.21,3978191,964,卖盘
59,09:32:55,41.27,647843,157,买盘
60,09:32:57,41.28,272444,66,买盘
61,09:33:01,41.27,123835,30,卖盘
62,09:33:04,41.25,1213075,294,卖盘
63,09:33:06,41.28,495227,120,买盘
64,09:33:10,41.28,478879,116,卖盘
65,09:33:12,41.28,355013,86,卖盘
66,09:33:16,41.26,193890,47,中性盘
67,09:33:18,41.21,119549,29,卖盘
68,09:33:21,41.22,49456,12,买盘
69,09:33:25,41.22,164870,40,买盘
70,09:33:27,41.22,1388793,337,买盘
71,09:33:30,41.22,222639,54,卖盘
72,09:33:33,41.21,230788,56,买盘
73,09:33:37,41.22,309126,75,买盘
74,09:33:40,41.26,494981,120,买盘
75,09:33:42,41.25,86644,21,卖盘
76,09:33:45,41.22,498804,121,卖盘
77,09:33:48,41.24,239141,58,中性盘
78,09:33:52,41.24,103076,25,买盘
79,09:33:54,41.25,2227442,540,买盘
80,09:33:57,41.22,65967,16,卖盘
81,09:34:01,41.19,498510,121,卖盘
82,09:34:03,41.15,279920,68,卖盘
83,09:34:06,41.15,41149,10,卖盘
84,09:34:10,41.14,16457,4,卖盘
85,09:34:12,41.14,716001,174,中性盘
86,09:34:15,41.15,349600,85,买盘
87,09:34:19,41.17,205820,50,中性盘
88,09:34:22,41.16,152267,37,卖盘
89,09:34:24,41.18,271658,66,买盘
90,09:34:27,41.16,49403,12,中性盘
91,09:34:30,41.16,370565,90,卖盘
92,09:34:33,41.19,494457,120,中性盘
93,09:34:36,41.23,304861,74,买盘
94,09:34:39,41.23,45332,11,买盘
95,09:34:42,41.23,49452,12,买盘
96,09:34:45,41.23,519494,126,买盘
97,09:34:48,41.2,321436,78,卖盘
98,09:34:51,41.2,28838,7,买盘
99,09:34:54,41.2,78280,19,买盘
100,09:34:58,41.2,127720,31,买盘
101,09:35:01,41.22,593354,144,买盘
102,09:35:03,41.22,436839,106,中性盘
103,09:35:06,41.19,502772,122,卖盘
104,09:35:09,41.18,94749,23,卖盘
105,09:35:12,41.16,568076,138,卖盘
106,09:35:16,41.15,172837,42,卖盘
107,09:35:18,41.13,432058,105,卖盘
108,09:35:21,41.11,24668,6,卖盘
109,09:35:24,41.08,801251,195,卖盘
110,09:35:28,41.07,110885,27,卖盘
111,09:35:30,41.06,36962,9,卖盘
112,09:35:34,41.05,61577,15,卖盘
113,09:35:37,41.05,94417,23,卖盘
114,09:35:40,41.05,69781,17,买盘
115,09:35:43,41.04,24625,6,卖盘
116,09:35:45,41.03,209292,51,卖盘
117,09:35:49,41.03,110749,27,买盘
118,09:35:51,41.03,853634,208,买盘
119,09:35:54,41.02,49216,12,买盘
120,09:35:57,41.03,242052,59,买盘
121,09:36:01,41.01,82065,20,卖盘
122,09:36:03,41.02,110754,27,中性盘
123,09:36:06,41.02,65644,16,卖盘
124,09:36:09,41.03,480188,117,买盘
125,09:36:12,41.1,1306733,318,买盘
126,09:36:15,41.1,3982654,969,买盘
127,09:36:18,41.08,480715,117,卖盘
128,09:36:22,41.06,209402,51,卖盘
129,09:36:24,41.05,90315,22,中性盘
130,09:36:27,41.1,373837,91,买盘
131,09:36:30,41.08,164378,40,卖盘
132,09:36:33,41.1,24660,6,中性盘
133,09:36:37,41.1,189058,46,卖盘
134,09:36:39,41.1,160264,39,买盘
135,09:36:42,41.1,86307,21,买盘
136,09:36:45,41.08,164322,40,卖盘
137,09:36:48,41.1,69861,17,买盘
138,09:36:51,41.1,135582,33,买盘
139,09:36:55,41.05,53391,13,卖盘
140,09:36:58,41.08,24641,6,买盘
141,09:37:01,41.03,1186317,289,卖盘
142,09:37:03,41.02,291270,71,卖盘
143,09:37:06,41.01,332331,81,卖盘
144,09:37:09,41.0,1867875,455,卖盘
145,09:37:12,41.0,250124,61,卖盘
146,09:37:15,41.05,139517,34,买盘
147,09:37:19,41.04,209262,51,中性盘
148,09:37:21,41.04,98506,24,卖盘
149,09:37:24,41.06,168289,41,买盘
150,09:37:27,41.04,233941,57,卖盘
151,09:37:31,41.02,1561533,381,卖盘
152,09:37:33,41.04,176460,43,买盘
153,09:37:37,41.04,332420,81,买盘
154,09:37:39,41.03,398060,97,卖盘
155,09:37:43,41.05,102613,25,买盘
156,09:37:45,41.05,385856,94,买盘
157,09:37:49,41.05,311967,76,买盘
158,09:37:51,41.05,20519,5,买盘
159,09:37:54,41.05,274994,67,买盘
160,09:37:57,41.04,270903,66,卖盘
161,09:38:00,41.06,69770,17,买盘
162,09:38:03,41.06,73906,18,卖盘
163,09:38:07,41.05,86203,21,中性盘
164,09:38:10,41.06,139614,34,买盘
165,09:38:13,41.07,20532,5,中性盘
166,09:38:16,41.07,28749,7,买盘
167,09:38:18,41.07,69810,17,买盘
168,09:38:21,41.07,49275,12,买盘
169,09:38:24,41.07,192989,47,买盘
170,09:38:27,41.07,73919,18,买盘
171,09:38:31,41.06,574956,140,卖盘
172,09:38:33,41.05,131380,32,卖盘
173,09:38:36,41.06,168356,41,买盘
174,09:38:40,41.06,119082,29,卖盘
175,09:38:42,41.07,41070,10,买盘
176,09:38:46,41.07,143745,35,卖盘
177,09:38:48,41.06,98569,24,卖盘
178,09:38:51,41.06,28745,7,卖盘
179,09:38:54,41.05,20525,5,卖盘
180,09:38:57,41.06,147788,36,买盘
181,09:39:00,41.05,250437,61,卖盘
182,09:39:04,41.05,73894,18,卖盘
183,09:39:07,41.05,36945,9,卖盘
184,09:39:10,41.05,135443,33,买盘
185,09:39:12,41.06,32847,8,买盘
186,09:39:15,41.06,312023,76,卖盘
187,09:39:18,41.07,69818,17,买盘
188,09:39:22,41.06,57494,14,卖盘
189,09:39:24,41.07,28752,7,中性盘
190,09:39:27,41.1,123279,30,买盘
191,09:39:30,41.1,164334,40,买盘
192,09:39:34,41.09,164343,40,中性盘
193,09:39:36,41.08,90404,22,卖盘
194,09:39:39,41.04,279204,68,卖盘
195,09:39:42,41.02,586839,143,卖盘
196,09:39:46,41.01,254312,62,卖盘
197,09:39:48,40.98,475581,116,卖盘
198,09:39:51,40.97,45077,11,卖盘
199,09:39:54,41.0,102498,25,买盘
200,09:39:57,40.98,61498,15,卖盘
201,09:40:01,40.97,278604,68,卖盘
202,09:40:04,40.96,217202,53,卖盘
203,09:40:06,40.97,233465,57,买盘
204,09:40:09,40.97,114696,28,买盘
205,09:40:13,40.97,20485,5,买盘
206,09:40:16,40.98,159826,39,买盘
207,09:40:19,40.98,209086,51,卖盘
208,09:40:21,41.0,40994,10,中性盘
209,09:40:24,41.01,77908,19,买盘
210,09:40:28,41.0,106628,26,卖盘
211,09:40:30,41.05,151777,37,买盘
212,09:40:34,41.03,127205,31,中性盘
213,09:40:36,41.05,69777,17,买盘
214,09:40:39,41.05,12315,3,中性盘
215,09:40:42,41.06,53370,13,买盘
216,09:40:45,41.06,73902,18,买盘
217,09:40:48,41.04,529435,129,卖盘
218,09:40:51,41.02,32818,8,卖盘
219,09:40:54,41.03,110781,27,买盘
220,09:40:57,41.03,57438,14,买盘
221,09:41:00,41.01,730252,178,卖盘
222,09:41:04,40.99,897894,219,卖盘
223,09:41:06,40.98,36883,9,卖盘
224,09:41:09,40.97,53263,13,卖盘
225,09:41:13,40.97,90134,22,卖盘
226,09:41:15,40.97,376924,92,卖盘
227,09:41:18,40.97,221255,54,卖盘
228,09:41:21,40.98,344135,84,买盘
229,09:41:24,40.98,270505,66,卖盘
230,09:41:27,40.97,319668,78,卖盘
231,09:41:30,40.98,12295,3,中性盘
232,09:41:33,40.97,217164,53,卖盘
233,09:41:36,41.0,49194,12,买盘
234,09:41:39,41.02,57405,14,买盘
235,09:41:42,41.0,12300,3,中性盘
236,09:41:46,41.0,69709,17,卖盘
237,09:41:49,40.99,73792,18,卖盘
238,09:41:52,40.99,12297,3,卖盘
239,09:41:54,40.98,147558,36,卖盘
240,09:41:57,41.0,102477,25,买盘
241,09:42:01,40.99,57386,14,中性盘
242,09:42:04,41.0,45096,11,买盘
243,09:42:06,41.0,135336,33,买盘
244,09:42:10,41.0,65605,16,卖盘
245,09:42:13,41.0,32804,8,卖盘
246,09:42:15,41.0,90199,22,买盘
247,09:42:18,40.99,61490,15,卖盘
248,09:42:21,41.0,28694,7,买盘
249,09:42:24,40.99,61485,15,卖盘
250,09:42:27,41.0,295172,72,买盘
251,09:42:30,41.01,82028,20,中性盘
252,09:42:33,41.01,106649,26,卖盘
253,09:42:37,41.06,160091,39,买盘
254,09:42:39,41.09,90333,22,买盘
255,09:42:42,41.06,28749,7,卖盘
256,09:42:46,41.09,32865,8,买盘
257,09:42:48,41.12,353478,86,买盘
258,09:42:51,41.12,65770,16,买盘
259,09:42:54,41.12,45223,11,买盘
260,09:42:58,41.11,279497,68,卖盘
261,09:43:00,41.1,78082,19,中性盘
262,09:43:03,41.11,139768,34,买盘
263,09:43:07,41.11,123291,30,买盘
264,09:43:09,41.11,176762,43,买盘
265,09:43:12,41.12,12335,3,买盘
266,09:43:15,41.11,74007,18,卖盘
267,09:43:18,41.11,37003,9,卖盘
268,09:43:21,41.16,1863937,453,买盘
269,09:43:25,41.18,152373,37,买盘
270,09:43:28,41.16,341964,83,卖盘
271,09:43:30,41.18,333613,81,买盘
272,09:43:33,41.21,53544,13,买盘
273,09:43:36,41.2,28840,7,中性盘
274,09:43:39,41.2,98877,24,买盘
275,09:43:42,41.19,102996,25,卖盘
276,09:43:46,41.19,123592,30,卖盘
277,09:43:48,41.2,247163,60,买盘
278,09:43:51,41.21,206107,50,买盘
279,09:43:54,41.22,98909,24,买盘
280,09:43:57,41.23,210160,51,买盘
281,09:44:01,41.23,94807,23,买盘
282,09:44:03,41.24,688546,167,买盘
283,09:44:07,41.26,152668,37,买盘
284,09:44:09,41.27,160953,39,买盘
285,09:44:13,41.28,189841,46,买盘
286,09:44:15,41.28,198094,48,买盘
287,09:44:18,41.29,1906571,462,买盘
288,09:44:22,41.28,202213,49,中性盘
289,09:44:24,41.29,421103,102,买盘
290,09:44:27,41.29,239459,58,买盘
291,09:44:31,41.29,483175,117,卖盘
292,09:44:33,41.29,470802,114,买盘
293,09:44:36,41.29,247734,60,买盘
294,09:44:40,41.28,127989,31,卖盘
295,09:44:42,41.29,165134,40,买盘
296,09:44:46,41.28,111487,27,卖盘
297,09:44:48,41.28,33024,8,买盘
298,09:44:52,41.27,226989,55,卖盘
299,09:44:54,41.26,45387,11,卖盘
300,09:44:58,41.25,66009,16,卖盘
301,09:45:01,41.27,247589,60,买盘
302,09:45:03,41.28,189879,46,买盘
303,09:45:06,41.27,408604,99,卖盘
304,09:45:09,41.27,66049,16,卖盘
305,09:45:12,41.29,123872,30,买盘
306,09:45:15,41.28,37150,9,卖盘
307,09:45:18,41.27,536550,130,卖盘
308,09:45:21,41.26,243471,59,中性盘
309,09:45:24,41.27,111413,27,买盘
310,09:45:28,41.27,231109,56,买盘
311,09:45:31,41.27,148546,36,买盘
312,09:45:34,41.26,288814,70,中性盘
313,09:45:37,41.25,259888,63,卖盘
314,09:45:39,41.26,251678,61,买盘
315,09:45:42,41.26,86640,21,买盘
316,09:45:46,41.25,37129,9,卖盘
317,09:45:48,41.27,2794166,677,买盘
318,09:45:52,41.27,144467,35,卖盘
319,09:45:54,41.29,780376,189,买盘
320,09:45:57,41.27,330279,80,卖盘
321,09:46:00,41.28,280719,68,买盘
322,09:46:03,41.28,160964,39,中性盘
323,09:46:07,41.25,408420,99,卖盘
324,09:46:09,41.26,144368,35,买盘
325,09:46:12,41.26,86628,21,买盘
326,09:46:15,41.24,144341,35,卖盘
327,09:46:18,41.23,152553,37,卖盘
328,09:46:21,41.19,1034156,251,卖盘
329,09:46:24,41.18,131802,32,卖盘
330,09:46:27,41.18,61771,15,卖盘
331,09:46:30,41.18,102961,25,卖盘
332,09:46:33,41.18,49416,12,卖盘
333,09:46:36,41.18,127664,31,卖盘
334,09:46:39,41.18,37062,9,卖盘
335,09:46:42,41.18,49403,12,买盘
336,09:46:45,41.17,61753,15,买盘
337,09:46:48,41.18,201789,49,买盘
338,09:46:52,41.19,296585,72,买盘
339,09:46:54,41.21,86535,21,买盘
340,09:46:58,41.2,304901,74,卖盘
341,09:47:00,41.21,292642,71,中性盘
342,09:47:03,41.23,436961,106,买盘
343,09:47:06,41.21,461709,112,卖盘
344,09:47:09,41.21,292691,71,卖盘
345,09:47:13,41.21,144235,35,卖盘
346,09:47:16,41.21,70057,17,买盘
347,09:47:18,41.2,41200,10,卖盘
348,09:47:22,41.2,74165,18,卖盘
349,09:47:24,41.21,94774,23,买盘
350,09:47:28,41.21,144235,35,买盘
351,09:47:30,41.21,82439,20,卖盘
352,09:47:33,41.21,98917,24,卖盘
353,09:47:37,41.23,86562,21,买盘
354,09:47:39,41.21,20605,5,卖盘
355,09:47:42,41.21,49457,12,卖盘
356,09:47:45,41.21,12363,3,卖盘
357,09:47:48,41.26,1270031,308,买盘
358,09:47:51,41.28,796478,193,买盘
359,09:47:55,41.27,181692,44,中性盘
360,09:47:58,41.3,111489,27,买盘
361,09:48:01,41.29,24774,6,中性盘
362,09:48:03,41.29,2018521,489,买盘
363,09:48:06,41.27,20636,5,卖盘
364,09:48:12,41.32,598837,145,买盘
365,09:48:16,41.27,392261,95,卖盘
366,09:48:19,41.33,128062,31,买盘
367,09:48:22,41.32,86768,21,中性盘
368,09:48:25,41.32,41312,10,买盘
369,09:48:27,41.31,24786,6,买盘
370,09:48:31,41.31,165235,40,买盘
371,09:48:33,41.31,156943,38,买盘
372,09:48:37,41.31,82609,20,买盘
373,09:48:39,41.29,86748,21,卖盘
374,09:48:42,41.3,90847,22,买盘
375,09:48:45,41.28,37160,9,中性盘
376,09:48:48,41.27,226987,55,卖盘
377,09:48:52,41.27,66030,16,买盘
378,09:48:54,41.26,206364,50,卖盘
379,09:48:58,41.26,235228,57,买盘
380,09:49:00,41.26,74254,18,买盘
381,09:49:04,41.25,24745,6,买盘
382,09:49:06,41.24,28877,7,中性盘
383,09:49:09,41.25,140222,34,买盘
384,09:49:13,41.26,107251,26,买盘
385,09:49:16,41.25,37130,9,卖盘
386,09:49:18,41.25,49507,12,卖盘
387,09:49:24,41.24,57746,14,卖盘
388,09:49:27,41.26,284666,69,买盘
389,09:49:31,41.26,70128,17,买盘
390,09:49:34,41.24,28868,7,卖盘
391,09:49:36,41.25,338312,82,买盘
392,09:49:40,41.25,111363,27,买盘
393,09:49:42,41.25,20625,5,买盘
394,09:49:45,41.23,247480,60,卖盘
395,09:49:49,41.2,412148,100,卖盘
396,09:49:52,41.24,144284,35,买盘
397,09:49:55,41.2,164831,40,卖盘
398,09:49:57,41.2,74199,18,卖盘
399,09:50:04,41.2,362622,88,卖盘
400,09:50:06,41.24,98943,24,买盘
401,09:50:10,41.28,1212691,294,买盘
402,09:50:13,41.3,355058,86,买盘
403,09:50:15,41.3,99114,24,买盘
404,09:50:18,41.31,264325,64,买盘
405,09:50:22,41.31,322185,78,买盘
406,09:50:24,41.31,86746,21,买盘
407,09:50:27,41.31,384183,93,买盘
408,09:50:31,41.31,582184,141,买盘
409,09:50:33,41.31,1916679,464,买盘
410,09:50:36,41.27,441835,107,中性盘
411,09:50:39,41.31,379901,92,买盘
412,09:50:42,41.31,74351,18,买盘
413,09:50:46,41.26,569503,138,卖盘
414,09:50:48,41.3,392178,95,买盘
415,09:50:52,41.3,136232,33,买盘
416,09:50:55,41.29,28891,7,买盘
417,09:50:57,41.25,66012,16,卖盘
418,09:51:01,41.22,164964,40,卖盘
419,09:51:04,41.23,131923,32,中性盘
420,09:51:07,41.23,28853,7,买盘
421,09:51:09,41.21,197764,48,买盘
422,09:51:13,41.23,82427,20,买盘
423,09:51:15,41.2,49441,12,卖盘
424,09:51:18,41.25,74205,18,买盘
425,09:51:21,41.23,57708,14,卖盘
426,09:51:24,41.25,65948,16,买盘
427,09:51:27,41.19,708743,172,卖盘
428,09:51:31,41.21,284267,69,中性盘
429,09:51:34,41.2,107120,26,中性盘
430,09:51:37,41.19,86513,21,卖盘
431,09:51:39,41.2,4120,1,中性盘
432,09:51:42,41.21,49434,12,买盘
433,09:51:46,41.19,230672,56,卖盘
434,09:51:48,41.19,78261,19,买盘
435,09:51:52,41.18,8236,2,卖盘
436,09:51:54,41.18,16473,4,卖盘
437,09:51:57,41.18,61766,15,买盘
438,09:52:01,41.16,214084,52,卖盘
439,09:52:04,41.16,246964,60,卖盘
440,09:52:06,41.16,312721,76,买盘
441,09:52:10,41.16,86414,21,买盘
442,09:52:12,41.12,90468,22,卖盘
443,09:52:16,41.11,94545,23,买盘
444,09:52:18,41.1,168510,41,卖盘
445,09:52:22,41.1,98637,24,买盘
446,09:52:25,41.1,476566,116,买盘
447,09:52:27,41.11,106866,26,买盘
448,09:52:30,41.11,279283,68,买盘
449,09:52:33,41.1,123302,30,卖盘
450,09:52:36,41.1,180818,44,卖盘
451,09:52:40,41.12,476955,116,买盘
452,09:52:42,41.17,164609,40,买盘
453,09:52:45,41.12,333109,81,卖盘
454,09:52:48,41.12,102800,25,买盘
455,09:52:52,41.1,1233156,300,卖盘
456,09:52:55,41.13,65828,16,卖盘
457,09:52:57,41.13,263238,64,卖盘
458,09:53:01,41.13,185085,45,买盘
459,09:53:04,41.12,316672,77,卖盘
460,09:53:07,41.12,53456,13,卖盘
461,09:53:09,41.13,168632,41,买盘
462,09:53:12,41.14,28792,7,买盘
463,09:53:15,41.13,74067,18,卖盘
464,09:53:18,41.13,382670,93,卖盘
465,09:53:22,41.13,456920,111,卖盘
466,09:53:25,41.2,317114,77,买盘
467,09:53:27,41.2,1013495,246,买盘
468,09:53:30,41.2,78303,19,卖盘
469,09:53:33,41.24,239051,58,买盘
470,09:53:36,41.2,12360,3,卖盘
471,09:53:39,41.21,70056,17,买盘
472,09:53:42,41.21,144206,35,买盘
473,09:53:46,41.2,45327,11,卖盘
474,09:53:48,41.2,416120,101,买盘
475,09:53:52,41.2,12360,3,买盘
476,09:53:55,41.2,131920,32,买盘
477,09:53:57,41.2,12360,3,买盘
478,09:54:00,41.2,82406,20,卖盘
479,09:54:03,41.2,103010,25,卖盘
480,09:54:06,41.21,37089,9,买盘
481,09:54:09,41.21,65956,16,卖盘
482,09:54:13,41.21,103011,25,卖盘
483,09:54:15,41.22,107172,26,买盘
484,09:54:18,41.22,206111,50,买盘
485,09:54:22,41.22,98957,24,卖盘
486,09:54:25,41.25,111359,27,买盘
487,09:54:27,41.25,65998,16,买盘
488,09:54:31,41.25,57750,14,买盘
489,09:54:33,41.25,66000,16,买盘
490,09:54:37,41.25,74246,18,买盘
491,09:54:39,41.25,28875,7,买盘
492,09:54:42,41.24,346426,84,卖盘
493,09:54:45,41.23,428891,104,卖盘
494,09:54:48,41.24,74241,18,中性盘
495,09:54:52,41.24,24744,6,中性盘
496,09:54:54,41.25,70121,17,买盘
497,09:54:58,41.26,293044,71,买盘
498,09:55:00,41.3,272569,66,买盘
499,09:55:03,41.24,4803157,1163,卖盘
500,09:55:06,41.32,963002,233,中性盘
501,09:55:09,41.31,219059,53,中性盘
502,09:55:12,41.31,8262,2,买盘
503,09:55:15,41.34,37191,9,买盘
504,09:55:19,41.32,16528,4,卖盘
505,09:55:21,41.31,161176,39,卖盘
506,09:55:24,41.32,107407,26,中性盘
507,09:55:27,41.3,313919,76,卖盘
508,09:55:30,41.3,132147,32,买盘
509,09:55:33,41.28,37158,9,卖盘
510,09:55:36,41.29,70190,17,买盘
511,09:55:39,41.27,66036,16,卖盘
512,09:55:43,41.26,49517,12,卖盘
513,09:55:45,41.25,816576,198,卖盘
514,09:55:49,41.27,189806,46,买盘
515,09:55:51,41.27,4127,1,买盘
516,09:55:54,41.26,66030,16,中性盘
517,09:55:57,41.25,49521,12,卖盘
518,09:56:00,41.25,119638,29,卖盘
519,09:56:03,41.25,136125,33,卖盘
520,09:56:06,41.23,585600,142,卖盘
521,09:56:09,41.22,395766,96,卖盘
522,09:56:13,41.23,61833,15,买盘
523,09:56:15,41.22,201970,49,卖盘
524,09:56:19,41.22,350370,85,买盘
525,09:56:21,41.22,115417,28,卖盘
526,09:56:25,41.22,354492,86,卖盘
527,09:56:28,41.22,210222,51,买盘
528,09:56:31,41.22,49464,12,买盘
529,09:56:34,41.21,78301,19,卖盘
530,09:56:36,41.21,309090,75,卖盘
531,09:56:39,41.22,57703,14,买盘
532,09:56:42,41.23,185532,45,买盘
533,09:56:45,41.22,94818,23,中性盘
534,09:56:48,41.22,53586,13,卖盘
535,09:56:51,41.23,28861,7,买盘
536,09:56:55,41.21,119521,29,卖盘
537,09:56:57,41.22,37097,9,买盘
538,09:57:00,41.21,20605,5,卖盘
539,09:57:06,41.22,160739,39,买盘
540,09:57:09,41.22,49460,12,买盘
541,09:57:12,41.21,98926,24,卖盘
542,09:57:15,41.23,226723,55,买盘
543,09:57:19,41.23,65963,16,买盘
544,09:57:21,41.22,16489,4,卖盘
545,09:57:24,41.23,49476,12,买盘
546,09:57:28,41.23,24738,6,中性盘
547,09:57:30,41.23,416558,101,买盘
548,09:57:33,41.25,164956,40,买盘
549,09:57:37,41.25,449618,109,买盘
550,09:57:40,41.26,86624,21,买盘
551,09:57:42,41.26,49505,12,买盘
552,09:57:45,41.25,70137,17,卖盘
553,09:57:49,41.25,156780,38,卖盘
554,09:57:51,41.27,53634,13,买盘
555,09:57:55,41.26,12378,3,中性盘
556,09:57:58,41.27,41269,10,买盘
557,09:58:00,41.29,107329,26,买盘
558,09:58:03,41.3,458410,111,买盘
559,09:58:06,41.3,227187,55,买盘
560,09:58:09,41.32,78499,19,买盘
561,09:58:15,41.31,45449,11,中性盘
562,09:58:19,41.32,1441385,349,买盘
563,09:58:21,41.33,851213,206,买盘
564,09:58:24,41.31,181848,44,卖盘
565,09:58:28,41.32,49582,12,买盘
566,09:58:31,41.31,239599,58,卖盘
567,09:58:33,41.33,826603,200,买盘
568,09:58:37,41.34,347228,84,买盘
569,09:58:39,41.36,744325,180,买盘
570,09:58:43,41.35,103396,25,卖盘
571,09:58:46,41.36,153052,37,买盘
572,09:58:49,41.38,1141826,276,买盘
573,09:58:52,41.39,604271,146,买盘
574,09:58:55,41.39,471743,114,买盘
575,09:58:57,41.38,765602,185,买盘
576,09:59:00,41.37,157235,38,卖盘
577,09:59:03,41.37,993132,240,卖盘
578,09:59:06,41.37,2421672,585,卖盘
579,09:59:09,41.39,368325,89,买盘
580,09:59:12,41.37,583935,141,卖盘
581,09:59:15,41.37,811051,196,卖盘
582,09:59:19,41.37,285430,69,买盘
583,09:59:22,41.38,645509,156,买盘
584,09:59:25,41.39,206921,50,买盘
585,09:59:28,41.37,264887,64,卖盘
586,09:59:31,41.4,430352,104,买盘
587,09:59:33,41.4,509220,123,卖盘
588,09:59:37,41.37,128301,31,卖盘
589,09:59:40,41.37,533921,129,卖盘
590,09:59:43,41.37,91073,22,卖盘
591,09:59:49,41.37,124152,30,卖盘
592,09:59:52,41.4,45525,11,买盘
593,09:59:54,41.41,1093262,264,买盘
594,09:59:57,41.41,513691,124,卖盘
595,10:00:01,41.45,103618,25,买盘
596,10:00:03,41.41,517728,125,卖盘
597,10:00:06,41.42,285861,69,买盘
598,10:00:09,41.4,555078,134,卖盘
599,10:00:13,41.4,501011,121,卖盘
600,10:00:16,41.37,335265,81,卖盘
601,10:00:19,41.35,157193,38,卖盘
602,10:00:22,41.34,136486,33,卖盘
603,10:00:24,41.35,86810,21,买盘
604,10:00:27,41.32,66112,16,中性盘
605,10:00:30,41.35,2906782,703,买盘
606,10:00:33,41.33,636730,154,买盘
607,10:00:36,41.31,41303,10,中性盘
608,10:00:40,41.3,28910,7,卖盘
609,10:00:42,41.3,454214,110,中性盘
610,10:00:46,41.28,78430,19,卖盘
611,10:00:48,41.27,57800,14,卖盘
612,10:00:52,41.27,24762,6,卖盘
613,10:00:55,41.27,28893,7,卖盘
614,10:00:57,41.26,86667,21,卖盘
615,10:01:00,41.26,235182,57,卖盘
616,10:01:03,41.25,78381,19,卖盘
617,10:01:06,41.25,37127,9,卖盘
618,10:01:09,41.26,94898,23,买盘
619,10:01:13,41.29,441686,107,买盘
620,10:01:16,41.3,545019,132,买盘
621,10:01:19,41.3,524504,127,买盘
622,10:01:22,41.29,86727,21,卖盘
623,10:01:24,41.27,553100,134,卖盘
624,10:01:27,41.27,90796,22,买盘
625,10:01:30,41.26,24756,6,卖盘
626,10:01:33,41.27,57778,14,买盘
627,10:01:36,41.26,111408,27,卖盘
628,10:01:40,41.26,20633,5,卖盘
629,10:01:42,41.27,45397,11,买盘
630,10:01:45,41.27,28889,7,买盘
631,10:01:49,41.27,53643,13,卖盘
632,10:01:52,41.27,94912,23,买盘
633,10:01:57,41.27,41264,10,买盘
634,10:02:00,41.27,82540,20,买盘
635,10:02:10,41.27,57774,14,买盘
636,10:02:13,41.27,359034,87,买盘
637,10:02:15,41.26,4126,1,卖盘
638,10:02:19,41.26,86656,21,卖盘
639,10:02:22,41.26,41269,10,卖盘
640,10:02:25,41.26,693102,168,卖盘
641,10:02:27,41.25,482558,117,中性盘
642,10:02:34,41.28,379655,92,买盘
643,10:02:36,41.28,61914,15,卖盘
644,10:02:39,41.27,355153,86,卖盘
645,10:02:42,41.27,128017,31,卖盘
646,10:02:46,41.28,70168,17,中性盘
647,10:02:49,41.27,70173,17,卖盘
648,10:02:51,41.3,33028,8,买盘
649,10:02:54,41.27,107302,26,卖盘
650,10:02:57,41.27,730477,177,买盘
651,10:03:00,41.33,206515,50,买盘
652,10:03:04,41.35,95037,23,买盘
653,10:03:07,41.34,281088,68,买盘
654,10:03:10,41.37,115859,28,买盘
655,10:03:13,41.37,99345,24,卖盘
656,10:03:16,41.4,49667,12,买盘
657,10:03:19,41.38,4138,1,卖盘
658,10:03:21,41.38,119977,29,卖盘
659,10:03:24,41.37,103414,25,中性盘
660,10:03:27,41.37,57890,14,买盘
661,10:03:30,41.34,78546,19,卖盘
662,10:03:34,41.35,62016,15,买盘
663,10:03:37,41.34,4134,1,卖盘
664,10:03:40,41.34,136394,33,买盘
665,10:03:43,41.35,194300,47,买盘
666,10:03:45,41.34,99213,24,卖盘
667,10:03:49,41.35,161228,39,买盘
668,10:03:52,41.35,90965,22,买盘
669,10:03:55,41.34,28938,7,卖盘
670,10:03:57,41.35,210873,51,买盘
671,10:04:00,41.35,103374,25,买盘
672,10:04:04,41.37,95115,23,买盘
673,10:04:06,41.34,326619,79,卖盘
674,10:04:09,41.34,128192,31,卖盘
675,10:04:13,41.37,41355,10,买盘
676,10:04:16,41.36,28952,7,中性盘
677,10:04:19,41.37,28955,7,买盘
678,10:04:21,41.36,57914,14,卖盘
679,10:04:25,41.37,62050,15,买盘
680,10:04:27,41.36,190266,46,卖盘
681,10:04:30,41.38,62058,15,买盘
682,10:04:33,41.35,4135,1,卖盘
683,10:04:36,41.36,45496,11,买盘
684,10:04:39,41.37,24822,6,中性盘
685,10:04:43,41.36,95131,23,卖盘
686,10:04:46,41.37,165479,40,买盘
687,10:04:48,41.38,219234,53,买盘
688,10:04:52,41.36,128214,31,中性盘
689,10:04:54,41.36,24816,6,买盘
690,10:04:58,41.34,198511,48,卖盘
691,10:05:00,41.36,173600,42,买盘
692,10:05:03,41.36,119914,29,买盘
693,10:05:06,41.35,115750,28,买盘
694,10:05:10,41.36,45483,11,买盘
695,10:05:12,41.34,12400,3,买盘
696,10:05:16,41.33,107458,26,卖盘
697,10:05:19,41.33,123990,30,买盘
698,10:05:22,41.33,173551,42,买盘
699,10:05:24,41.32,70255,17,中性盘
700,10:05:27,41.34,173556,42,买盘
701,10:05:30,41.38,186050,45,买盘
702,10:05:34,41.34,82710,20,中性盘
703,10:05:36,41.34,281280,68,卖盘
704,10:05:40,41.34,136484,33,卖盘
705,10:05:42,41.37,74466,18,中性盘
706,10:05:46,41.35,45494,11,卖盘
707,10:05:49,41.36,107521,26,买盘
708,10:05:51,41.35,45485,11,卖盘
709,10:05:58,41.35,45483,11,买盘
710,10:06:00,41.35,49616,12,买盘
711,10:06:03,41.34,16536,4,卖盘
712,10:06:07,41.3,1999363,484,卖盘
713,10:06:10,41.32,458881,111,中性盘
714,10:06:12,41.36,136449,33,买盘
715,10:06:16,41.34,243939,59,卖盘
716,10:06:19,41.36,45481,11,买盘
717,10:06:22,41.34,8268,2,卖盘
718,10:06:25,41.34,2837284,686,卖盘
719,10:06:27,41.32,177703,43,卖盘
720,10:06:31,41.34,41336,10,买盘
721,10:06:33,41.33,4133,1,卖盘
722,10:06:37,41.33,206651,50,卖盘
723,10:06:40,41.33,41330,10,卖盘
724,10:06:43,41.32,491821,119,卖盘
725,10:06:46,41.32,45459,11,卖盘
726,10:06:49,41.33,45457,11,买盘
727,10:06:51,41.32,12396,3,卖盘
728,10:06:54,41.32,157019,38,卖盘
729,10:06:57,41.33,57861,14,买盘
730,10:07:00,41.32,128094,31,卖盘
731,10:07:04,41.33,111568,27,买盘
732,10:07:07,41.34,1925922,466,买盘
733,10:07:10,41.34,28943,7,卖盘
734,10:07:13,41.35,239705,58,买盘
735,10:07:16,41.35,49611,12,买盘
736,10:07:22,41.34,95076,23,买盘
737,10:07:25,41.34,119882,29,买盘
738,10:07:30,41.34,16536,4,买盘
739,10:07:34,41.35,620240,150,买盘
740,10:07:37,41.4,1137973,275,买盘
741,10:07:40,41.41,1001745,242,买盘
742,10:07:43,41.41,327109,79,买盘
743,10:07:46,41.41,530063,128,买盘
744,10:07:49,41.4,99411,24,卖盘
745,10:07:52,41.42,356247,86,中性盘
746,10:07:55,41.43,37287,9,买盘
747,10:07:57,41.41,265066,64,卖盘
748,10:08:00,41.4,103484,25,中性盘
749,10:08:04,41.37,132437,32,卖盘
750,10:08:06,41.37,62060,15,卖盘
751,10:08:10,41.34,78574,19,卖盘
752,10:08:12,41.34,28938,7,卖盘
753,10:08:16,41.35,28945,7,买盘
754,10:08:18,41.33,20669,5,卖盘
755,10:08:22,41.35,355490,86,买盘
756,10:08:24,41.33,277030,67,卖盘
757,10:08:27,41.33,177801,43,卖盘
758,10:08:30,41.34,438280,106,中性盘
759,10:08:33,41.38,62043,15,买盘
760,10:08:37,41.37,111717,27,买盘
761,10:08:40,41.36,74448,18,中性盘
762,10:08:43,41.36,202678,49,卖盘
763,10:08:45,41.37,91011,22,中性盘
764,10:08:49,41.36,144773,35,卖盘
765,10:08:54,41.36,190257,46,卖盘
766,10:08:57,41.36,186120,45,卖盘
767,10:09:00,41.35,339185,82,卖盘
768,10:09:03,41.35,103375,25,卖盘
769,10:09:06,41.35,177849,43,卖盘
770,10:09:10,41.37,248161,60,买盘
771,10:09:13,41.4,509068,123,买盘
772,10:09:16,41.41,53833,13,买盘
773,10:09:19,41.41,517803,125,买盘
774,10:09:21,41.43,182275,44,买盘
775,10:09:25,41.44,66304,16,买盘
776,10:09:28,41.42,12426,3,中性盘
777,10:09:31,41.42,8284,2,买盘
778,10:09:34,41.39,128362,31,卖盘
779,10:09:37,41.41,103517,25,买盘
780,10:09:39,41.38,1097492,265,卖盘
781,10:09:42,41.42,289896,70,买盘
782,10:09:46,41.39,82832,20,卖盘
783,10:09:49,41.41,322998,78,买盘
784,10:09:52,41.41,95242,23,买盘
785,10:09:55,41.39,124200,30,卖盘
786,10:09:58,41.39,107631,26,卖盘
787,10:10:01,41.39,66224,16,买盘
788,10:10:04,41.39,24832,6,买盘
789,10:10:07,41.39,227694,55,买盘
790,10:10:10,41.41,74532,18,买盘
791,10:10:12,41.41,24846,6,买盘
792,10:10:16,41.41,62115,15,买盘
793,10:10:18,41.42,426527,103,买盘
794,10:10:22,41.42,111845,27,买盘
795,10:10:24,41.43,534247,129,买盘
796,10:10:28,41.42,128428,31,卖盘
797,10:10:31,41.42,95264,23,卖盘
798,10:10:34,41.42,57983,14,买盘
799,10:10:37,41.41,173925,42,卖盘
800,10:10:40,41.42,194638,47,买盘
801,10:10:42,41.43,1105921,267,买盘
802,10:10:46,41.44,1954272,472,买盘
803,10:10:49,41.41,33136,8,中性盘
804,10:10:52,41.41,203005,49,卖盘
805,10:10:55,41.44,62151,15,买盘
806,10:10:57,41.43,120143,29,中性盘
807,10:11:00,41.44,1176990,284,买盘
808,10:11:04,41.46,1069465,258,买盘
809,10:11:07,41.47,406335,98,买盘
810,10:11:09,41.45,373206,90,卖盘
811,10:11:13,41.45,236291,57,卖盘
812,10:11:15,41.44,493152,119,卖盘
813,10:11:19,41.44,45583,11,买盘
814,10:11:21,41.43,107733,26,卖盘
815,10:11:24,41.43,74574,18,卖盘
816,10:11:28,41.4,733006,177,卖盘
817,10:11:31,41.39,8278,2,卖盘
818,10:11:34,41.4,144879,35,买盘
819,10:11:36,41.37,140707,34,卖盘
820,10:11:43,41.39,16556,4,卖盘
821,10:11:46,41.37,70330,17,卖盘
822,10:11:48,41.39,182069,44,买盘
823,10:11:51,41.38,8276,2,卖盘
824,10:11:54,41.39,8278,2,买盘
825,10:11:57,41.39,165545,40,买盘
826,10:12:00,41.39,95195,23,买盘
827,10:12:04,41.39,12417,3,买盘
828,10:12:07,41.38,132420,32,卖盘
829,10:12:10,41.38,8276,2,买盘
830,10:12:13,41.37,62055,15,卖盘
831,10:12:16,41.37,599910,145,卖盘
832,10:12:18,41.36,8272,2,卖盘
833,10:12:22,41.37,37232,9,买盘
834,10:12:24,41.37,33091,8,买盘
835,10:12:28,41.37,53775,13,买盘
836,10:12:31,41.36,86859,21,中性盘
837,10:12:34,41.37,111674,27,买盘
838,10:12:37,41.37,140644,34,买盘
839,10:12:39,41.37,426132,103,买盘
840,10:12:45,41.38,28966,7,卖盘
841,10:12:48,41.38,49654,12,卖盘
842,10:12:52,41.39,388998,94,买盘
843,10:12:55,41.38,74500,18,卖盘
844,10:12:57,41.38,33111,8,中性盘
845,10:13:00,41.38,16552,4,买盘
846,10:13:03,41.38,20690,5,买盘
847,10:13:07,41.37,70329,17,卖盘
848,10:13:10,41.36,24816,6,卖盘
849,10:13:12,41.36,74448,18,卖盘
850,10:13:15,41.37,177880,43,买盘
851,10:13:18,41.36,132352,32,卖盘
852,10:13:21,41.35,70295,17,卖盘
853,10:13:24,41.35,392846,95,卖盘
854,10:13:27,41.35,359745,87,买盘
855,10:13:31,41.36,28952,7,买盘
856,10:13:34,41.37,554304,134,买盘
857,10:13:37,41.38,450937,109,买盘
858,10:13:40,41.37,347615,84,卖盘
859,10:13:43,41.38,28962,7,中性盘
860,10:13:46,41.38,4138,1,卖盘
861,10:13:49,41.39,132447,32,买盘
862,10:13:51,41.4,86923,21,买盘
863,10:13:57,41.4,24839,6,买盘
864,10:14:01,41.39,4139,1,卖盘
865,10:14:03,41.4,78654,19,买盘
866,10:14:07,41.39,33113,8,卖盘
867,10:14:09,41.39,389073,94,卖盘
868,10:14:13,41.39,111753,27,卖盘
869,10:14:15,41.39,132463,32,卖盘
870,10:14:21,41.4,285650,69,买盘
871,10:14:24,41.39,37252,9,卖盘
872,10:14:28,41.38,8276,2,卖盘
873,10:14:30,41.38,37243,9,卖盘
874,10:14:34,41.38,20690,5,卖盘
875,10:14:37,41.38,28968,7,卖盘
876,10:14:39,41.38,82760,20,卖盘
877,10:14:42,41.38,53794,13,卖盘
878,10:14:45,41.38,194526,47,卖盘
879,10:14:48,41.38,24833,6,卖盘
880,10:14:51,41.43,811500,196,买盘
881,10:14:54,41.44,990265,239,买盘
882,10:14:58,41.46,456007,110,买盘
883,10:15:01,41.47,33176,8,买盘
884,10:15:04,41.48,1198751,289,买盘
885,10:15:07,41.48,99532,24,买盘
886,10:15:10,41.48,70513,17,买盘
887,10:15:13,41.48,58063,14,买盘
888,10:15:16,41.48,145161,35,买盘
889,10:15:19,41.47,199095,48,卖盘
890,10:15:21,41.47,62218,15,卖盘
891,10:15:25,41.47,87104,21,卖盘
892,10:15:27,41.48,750781,181,买盘
893,10:15:31,41.48,1057324,255,买盘
894,10:15:34,41.47,194929,47,中性盘
895,10:15:36,41.48,294508,71,买盘
896,10:15:40,41.47,41472,10,卖盘
897,10:15:43,41.48,37331,9,买盘
898,10:15:46,41.47,377464,91,卖盘
899,10:15:48,41.47,8294,2,卖盘
900,10:15:52,41.47,41476,10,卖盘
901,10:15:55,41.47,738270,178,卖盘
902,10:15:57,41.47,8294,2,买盘
903,10:16:00,41.46,157548,38,卖盘
904,10:16:04,41.45,360776,87,卖盘
905,10:16:10,41.44,20724,5,卖盘
906,10:16:12,41.45,339759,82,买盘
907,10:16:15,41.42,20710,5,卖盘
908,10:16:19,41.42,95273,23,卖盘
909,10:16:21,41.45,29000,7,买盘
910,10:16:24,41.45,120197,29,买盘
911,10:16:27,41.44,273509,66,卖盘
912,10:16:30,41.45,82900,20,买盘
913,10:16:34,41.44,534755,129,卖盘
914,10:16:36,41.45,174073,42,买盘
915,10:16:39,41.44,194810,47,卖盘
916,10:16:43,41.46,33166,8,买盘
917,10:16:46,41.44,70462,17,卖盘
918,10:16:49,41.44,29008,7,卖盘
919,10:16:51,41.44,37296,9,卖盘
920,10:16:55,41.43,29004,7,卖盘
921,10:16:57,41.43,49716,12,卖盘
922,10:17:01,41.43,107730,26,卖盘
923,10:17:04,41.4,215339,52,卖盘
924,10:17:07,41.38,70360,17,卖盘
925,10:17:10,41.4,41405,10,卖盘
926,10:17:16,41.36,368275,89,卖盘
927,10:17:19,41.37,132353,32,中性盘
928,10:17:21,41.35,12405,3,卖盘
929,10:17:25,41.36,8272,2,买盘
930,10:17:28,41.35,95119,23,卖盘
931,10:17:30,41.35,24810,6,卖盘
932,10:17:34,41.35,62032,15,卖盘
933,10:17:36,41.36,41360,10,买盘
934,10:17:39,41.35,78565,19,卖盘
935,10:17:43,41.35,8270,2,买盘
936,10:17:45,41.35,272904,66,买盘
937,10:17:49,41.34,177776,43,卖盘
938,10:17:51,41.34,533306,129,卖盘
939,10:17:55,41.34,57876,14,买盘
940,10:17:58,41.33,157066,38,卖盘
941,10:18:01,41.33,194279,47,卖盘
942,10:18:04,41.34,70278,17,买盘
943,10:18:07,41.33,90934,22,卖盘
944,10:18:10,41.33,41330,10,买盘
945,10:18:13,41.32,326502,79,卖盘
946,10:18:16,41.33,301757,73,中性盘
947,10:18:18,41.34,115762,28,买盘
948,10:18:22,41.34,148838,36,买盘
949,10:18:25,41.34,20670,5,买盘
950,10:18:27,41.34,219092,53,买盘
951,10:18:31,41.34,53745,13,卖盘
952,10:18:34,41.34,16536,4,卖盘
953,10:18:37,41.34,74414,18,卖盘
954,10:18:40,41.35,165402,40,买盘
955,10:18:43,41.35,66167,16,卖盘
956,10:18:46,41.35,33080,8,卖盘
957,10:18:49,41.36,78576,19,买盘
958,10:18:51,41.35,215060,52,卖盘
959,10:18:55,41.35,438310,106,卖盘
960,10:18:58,41.35,33080,8,卖盘
961,10:19:01,41.32,533209,129,卖盘
962,10:19:04,41.32,123960,30,卖盘
963,10:19:07,41.32,61980,15,卖盘
964,10:19:10,41.31,140459,34,卖盘
965,10:19:13,41.31,404759,98,买盘
966,10:19:16,41.29,20645,5,中性盘
967,10:19:19,41.29,132157,32,中性盘
968,10:19:22,41.29,37161,9,买盘
969,10:19:24,41.28,251867,61,卖盘
970,10:19:28,41.29,136257,33,买盘
971,10:19:31,41.29,115634,28,卖盘
972,10:19:34,41.29,41292,10,卖盘
973,10:19:37,41.29,156914,38,卖盘
974,10:19:40,41.29,4129,1,买盘
975,10:19:43,41.28,94951,23,卖盘
976,10:19:46,41.28,243552,59,卖盘
977,10:19:48,41.29,41282,10,买盘
978,10:19:52,41.29,404637,98,买盘
979,10:19:54,41.3,111509,27,买盘
980,10:19:58,41.3,140393,34,买盘
981,10:20:01,41.3,115640,28,买盘
982,10:20:04,41.3,53698,13,卖盘
983,10:20:07,41.31,280908,68,买盘
984,10:20:10,41.3,61976,15,卖盘
985,10:20:13,41.31,41317,10,卖盘
986,10:20:15,41.32,252016,61,买盘
987,10:20:19,41.31,8262,2,中性盘
988,10:20:22,41.31,28917,7,买盘
989,10:20:25,41.31,12393,3,买盘
990,10:20:28,41.3,148685,36,卖盘
991,10:20:31,41.3,24783,6,卖盘
992,10:20:33,41.3,24780,6,卖盘
993,10:20:36,41.31,148686,36,买盘
994,10:20:42,41.3,218910,53,卖盘
995,10:20:45,41.28,445911,108,卖盘
996,10:20:49,41.29,165187,40,中性盘
997,10:20:51,41.29,103225,25,卖盘
998,10:20:55,41.29,4129,1,卖盘
999,10:20:57,41.29,28904,7,卖盘
1000,10:21:01,41.29,156907,38,卖盘
1001,10:21:04,41.3,45427,11,买盘
1002,10:21:07,41.27,429379,104,卖盘
1003,10:21:09,41.31,231240,56,买盘
1004,10:21:13,41.28,8256,2,卖盘
1005,10:21:15,41.29,12387,3,中性盘
1006,10:21:18,41.29,425322,103,卖盘
1007,10:21:21,41.27,747056,181,卖盘
1008,10:21:24,41.27,313652,76,卖盘
1009,10:21:28,41.26,78403,19,卖盘
1010,10:21:31,41.26,37134,9,卖盘
1011,10:21:34,41.26,86646,21,卖盘
1012,10:21:37,41.25,82512,20,卖盘
1013,10:21:40,41.25,28880,7,卖盘
1014,10:21:43,41.25,193910,47,卖盘
1015,10:21:46,41.25,280520,68,卖盘
1016,10:21:49,41.25,66012,16,卖盘
1017,10:21:52,41.25,61884,15,卖盘
1018,10:21:57,41.26,189766,46,买盘
1019,10:22:01,41.25,45375,11,卖盘
1020,10:22:04,41.24,486764,118,卖盘
1021,10:22:06,41.25,107235,26,买盘
1022,10:22:09,41.24,160868,39,卖盘
1023,10:22:13,41.24,251528,61,卖盘
1024,10:22:15,41.3,1906611,462,买盘
1025,10:22:19,41.3,834265,202,卖盘
1026,10:22:22,41.26,359265,87,卖盘
1027,10:22:28,41.29,12387,3,买盘
1028,10:22:31,41.29,20645,5,买盘
1029,10:22:34,41.3,74339,18,买盘
1030,10:22:37,41.3,280846,68,卖盘
1031,10:22:40,41.31,28915,7,买盘
1032,10:22:42,41.31,4131,1,买盘
1033,10:22:46,41.31,70219,17,买盘
1034,10:22:49,41.3,28911,7,中性盘
1035,10:22:51,41.3,330411,80,买盘
1036,10:22:55,41.31,8262,2,买盘
1037,10:22:58,41.31,4131,1,买盘
1038,10:23:01,41.36,2720386,658,买盘
1039,10:23:04,41.36,74448,18,买盘
1040,10:23:07,41.36,173711,42,买盘
1041,10:23:10,41.35,235712,57,卖盘
1042,10:23:13,41.35,1083379,262,卖盘
1043,10:23:16,41.35,570630,138,卖盘
1044,10:23:18,41.31,4114313,995,卖盘
1045,10:23:22,41.3,94998,23,卖盘
1046,10:23:25,41.3,16520,4,卖盘
1047,10:23:28,41.29,45419,11,卖盘
1048,10:23:31,41.3,82597,20,买盘
1049,10:23:34,41.3,148678,36,买盘
1050,10:23:37,41.29,598897,145,卖盘
1051,10:23:39,41.35,82655,20,买盘
1052,10:23:42,41.31,41340,10,卖盘
1053,10:23:46,41.34,933728,226,买盘
1054,10:23:49,41.34,140556,34,买盘
1055,10:23:51,41.34,20667,5,买盘
1056,10:23:55,41.33,45470,11,卖盘
1057,10:23:58,41.34,66130,16,买盘
1058,10:24:00,41.33,37199,9,中性盘
1059,10:24:07,41.33,8266,2,买盘
1060,10:24:10,41.32,4132,1,卖盘
1061,10:24:13,41.33,95051,23,买盘
1062,10:24:16,41.34,314115,76,买盘
1063,10:24:18,41.33,33064,8,中性盘
1064,10:24:25,41.33,4133,1,买盘
1065,10:24:30,41.29,202350,49,卖盘
1066,10:24:34,41.33,1066264,258,买盘
1067,10:24:37,41.33,929826,225,买盘
1068,10:24:40,41.33,115724,28,卖盘
1069,10:24:42,41.33,45463,11,买盘
1070,10:24:45,41.29,202326,49,卖盘
1071,10:24:49,41.29,28903,7,卖盘
1072,10:24:52,41.29,346836,84,卖盘
1073,10:24:55,41.29,8258,2,卖盘
1074,10:24:57,41.32,33038,8,买盘
1075,10:25:01,41.29,33033,8,卖盘
1076,10:25:04,41.3,33039,8,买盘
1077,10:25:06,41.3,57820,14,买盘
1078,10:25:10,41.31,251933,61,买盘
1079,10:25:13,41.3,8260,2,卖盘
1080,10:25:15,41.31,264374,64,买盘
1081,10:25:18,41.32,665064,161,买盘
1082,10:25:22,41.32,74376,18,卖盘
1083,10:25:25,41.33,49595,12,买盘
1084,10:25:28,41.33,247979,60,买盘
1085,10:25:31,41.32,8264,2,卖盘
1086,10:25:33,41.33,12399,3,买盘
1087,10:25:36,41.32,53722,13,卖盘
1088,10:25:39,41.32,66112,16,卖盘
1089,10:25:42,41.32,66112,16,卖盘
1090,10:25:45,41.32,20660,5,卖盘
1091,10:25:49,41.32,371880,90,卖盘
1092,10:25:52,41.31,16524,4,卖盘
1093,10:25:55,41.31,37176,9,买盘
1094,10:25:57,41.31,247860,60,买盘
1095,10:26:00,41.3,227153,55,卖盘
1096,10:26:07,41.28,86721,21,卖盘
1097,10:26:10,41.27,57790,14,卖盘
1098,10:26:13,41.26,1056505,256,卖盘
1099,10:26:15,41.27,193954,47,买盘
1100,10:26:21,41.26,82503,20,买盘
1101,10:26:28,41.25,8250,2,卖盘
1102,10:26:34,41.25,33000,8,卖盘
1103,10:26:40,41.25,12375,3,卖盘
1104,10:26:42,41.25,750750,182,卖盘
1105,10:26:46,41.25,387750,94,卖盘
1106,10:26:49,41.23,338214,82,卖盘
1107,10:26:51,41.23,123691,30,卖盘
1108,10:26:55,41.23,12369,3,买盘
1109,10:26:57,41.23,927247,225,买盘
1110,10:27:01,41.22,144251,35,买盘
1111,10:27:04,41.2,164826,40,卖盘
1112,10:27:06,41.22,305025,74,买盘
1113,10:27:10,41.23,82460,20,买盘
1114,10:27:13,41.23,82450,20,买盘
1115,10:27:16,41.22,144278,35,卖盘
1116,10:27:19,41.22,37098,9,买盘
1117,10:27:22,41.23,696622,169,买盘
1118,10:27:25,41.23,119565,29,买盘
1119,10:27:28,41.23,1347690,327,买盘
1120,10:27:31,41.23,16494,4,卖盘
1121,10:27:34,41.24,12372,3,买盘
1122,10:27:37,41.24,4124,1,卖盘
1123,10:27:39,41.24,86607,21,卖盘
1124,10:27:42,41.25,16500,4,买盘
1125,10:27:46,41.24,61860,15,卖盘
1126,10:27:49,41.25,12373,3,买盘
1127,10:27:52,41.25,222721,54,买盘
1128,10:27:55,41.25,20623,5,买盘
1129,10:27:58,41.25,82490,20,买盘
1130,10:28:01,41.22,412322,100,卖盘
1131,10:28:03,41.22,24736,6,卖盘
1132,10:28:06,41.22,140148,34,卖盘
1133,10:28:10,41.22,8244,2,买盘
1134,10:28:12,41.21,45331,11,卖盘
1135,10:28:15,41.21,61818,15,卖盘
1136,10:28:18,41.22,32969,8,买盘
1137,10:28:22,41.21,111267,27,卖盘
1138,10:28:25,41.21,247260,60,卖盘
1139,10:28:27,41.21,346140,84,卖盘
1140,10:28:30,41.21,53568,13,买盘
1141,10:28:34,41.2,490282,119,卖盘
1142,10:28:37,41.2,263680,64,卖盘
1143,10:28:39,41.2,70040,17,买盘
1144,10:28:42,41.2,12359,3,买盘
1145,10:28:45,41.19,523114,127,卖盘
1146,10:28:48,41.18,152388,37,卖盘
1147,10:28:52,41.18,20596,5,卖盘
1148,10:28:55,41.19,4119,1,买盘
1149,10:28:58,41.18,374737,91,卖盘
1150,10:29:01,41.16,90573,22,卖盘
1151,10:29:04,41.17,24702,6,买盘
1152,10:29:07,41.16,90552,22,卖盘
1153,10:29:09,41.15,12345,3,卖盘
1154,10:29:13,41.15,45272,11,卖盘
1155,10:29:16,41.16,8232,2,买盘
1156,10:29:19,41.16,24693,6,买盘
1157,10:29:22,41.16,57613,14,买盘
1158,10:29:25,41.15,246935,60,卖盘
1159,10:29:28,41.16,115245,28,买盘
1160,10:29:30,41.16,329250,80,买盘
1161,10:29:34,41.18,247002,60,买盘
1162,10:29:36,41.17,214013,52,中性盘
1163,10:29:40,41.17,32935,8,买盘
1164,10:29:43,41.18,37062,9,买盘
1165,10:29:45,41.18,160565,39,买盘
1166,10:29:48,41.18,148240,36,买盘
1167,10:29:52,41.18,49416,12,买盘
1168,10:29:55,41.17,242903,59,卖盘
1169,10:29:57,41.18,325245,79,买盘
1170,10:30:00,41.17,94682,23,卖盘
1171,10:30:04,41.19,28827,7,买盘
1172,10:30:07,41.19,37063,9,买盘
1173,10:30:10,41.19,57660,14,买盘
1174,10:30:12,41.19,82362,20,买盘
1175,10:30:15,41.19,86499,21,买盘
1176,10:30:18,41.2,41200,10,买盘
1177,10:30:21,41.19,32952,8,卖盘
1178,10:30:25,41.19,49420,12,买盘
1179,10:30:31,41.18,12356,3,卖盘
1180,10:30:33,41.19,8238,2,买盘
1181,10:30:36,41.19,86483,21,买盘
1182,10:30:39,41.19,24708,6,买盘
1183,10:30:46,41.18,20590,5,买盘
1184,10:30:48,41.17,57642,14,卖盘
1185,10:30:51,41.18,41180,10,买盘
1186,10:30:55,41.18,12354,3,买盘
1187,10:30:58,41.18,74123,18,买盘
1188,10:31:01,41.18,53534,13,买盘
1189,10:31:04,41.18,131776,32,买盘
1190,10:31:10,41.18,148419,36,卖盘
1191,10:31:13,41.18,70006,17,卖盘
1192,10:31:15,41.18,123376,30,卖盘
1193,10:31:18,41.17,317015,77,卖盘
1194,10:31:21,41.17,49404,12,卖盘
1195,10:31:25,41.15,765642,186,卖盘
1196,10:31:31,41.15,61725,15,卖盘
1197,10:31:33,41.15,12345,3,卖盘
1198,10:31:36,41.12,736412,179,卖盘
1199,10:31:40,41.11,102779,25,卖盘
1200,10:31:42,41.11,12333,3,卖盘
1201,10:31:45,41.11,254885,62,卖盘
1202,10:31:48,41.12,222004,54,买盘
1203,10:31:52,41.12,12335,3,买盘
1204,10:31:55,41.11,4111,1,卖盘
1205,10:31:57,41.11,65777,16,卖盘
1206,10:32:00,41.12,24670,6,买盘
1207,10:32:04,41.11,57555,14,卖盘
1208,10:32:06,41.12,415331,101,买盘
1209,10:32:09,41.12,4112,1,卖盘
1210,10:32:12,41.14,49367,12,买盘
1211,10:32:15,41.15,28804,7,买盘
1212,10:32:19,41.14,69934,17,买盘
1213,10:32:22,41.14,69938,17,买盘
1214,10:32:25,41.14,65827,16,卖盘
1215,10:32:27,41.14,32917,8,卖盘
1216,10:32:30,41.15,32920,8,买盘
1217,10:32:33,41.15,139910,34,买盘
1218,10:32:36,41.14,57609,14,卖盘
1219,10:32:40,41.15,242832,59,买盘
1220,10:32:42,41.16,16460,4,买盘
1221,10:32:46,41.17,12350,3,买盘
1222,10:32:49,41.16,156378,38,中性盘
1223,10:32:54,41.15,102911,25,卖盘
1224,10:32:58,41.17,53510,13,买盘
1225,10:33:00,41.16,8232,2,卖盘
1226,10:33:03,41.2,280189,68,买盘
1227,10:33:06,41.2,4120,1,买盘
1228,10:33:09,41.22,177228,43,买盘
1229,10:33:13,41.2,24722,6,中性盘
1230,10:33:15,41.26,1364821,331,买盘
1231,10:33:19,41.27,854074,207,买盘
1232,10:33:22,41.26,140286,34,卖盘
1233,10:33:25,41.27,210471,51,买盘
1234,10:33:28,41.28,28893,7,买盘
1235,10:33:30,41.28,239467,58,买盘
1236,10:33:34,41.29,173392,42,买盘
1237,10:33:39,41.27,4127,1,卖盘
1238,10:33:42,41.27,202283,49,卖盘
1239,10:33:46,41.27,218831,53,卖盘
1240,10:33:49,41.27,4127,1,卖盘
1241,10:33:52,41.31,136258,33,买盘
1242,10:33:55,41.27,86687,21,卖盘
1243,10:33:58,41.32,144567,35,买盘
1244,10:34:03,41.27,194118,47,卖盘
1245,10:34:07,41.3,20649,5,买盘
1246,10:34:09,41.3,152800,37,买盘
1247,10:34:13,41.33,239619,58,买盘
1248,10:34:15,41.33,152915,37,买盘
1249,10:34:22,41.32,144688,35,中性盘
1250,10:34:25,41.29,28909,7,卖盘
1251,10:34:28,41.31,223100,54,中性盘
1252,10:34:30,41.34,4134,1,买盘
1253,10:34:34,41.36,922292,223,买盘
1254,10:34:36,41.34,78528,19,中性盘
1255,10:34:39,41.35,12405,3,中性盘
1256,10:34:42,41.38,206892,50,买盘
1257,10:34:45,41.36,24816,6,中性盘
1258,10:34:49,41.36,41360,10,买盘
1259,10:34:55,41.35,28948,7,卖盘
1260,10:34:57,41.35,4135,1,卖盘
1261,10:35:00,41.35,8270,2,卖盘
1262,10:35:04,41.35,78565,19,卖盘
1263,10:35:06,41.34,12402,3,中性盘
1264,10:35:09,41.33,24798,6,卖盘
1265,10:35:16,41.33,8266,2,卖盘
1266,10:35:18,41.34,185998,45,买盘
1267,10:35:21,41.32,123972,30,卖盘
1268,10:35:27,41.35,33079,8,买盘
1269,10:35:34,41.32,268580,65,卖盘
1270,10:35:37,41.31,24788,6,卖盘
1271,10:35:40,41.3,8260,2,卖盘
1272,10:35:42,41.3,156963,38,卖盘
1273,10:35:45,41.31,504084,122,中性盘
1274,10:35:49,41.32,227230,55,买盘
1275,10:35:51,41.31,61965,15,卖盘
1276,10:35:54,41.31,66096,16,卖盘
1277,10:35:57,41.31,214812,52,买盘
1278,10:36:00,41.3,49566,12,卖盘
1279,10:36:03,41.31,61959,15,买盘
1280,10:36:07,41.3,70210,17,卖盘
1281,10:36:12,41.29,24774,6,卖盘
1282,10:36:15,41.29,24777,6,卖盘
1283,10:36:18,41.29,53676,13,卖盘
1284,10:36:25,41.28,4128,1,卖盘
1285,10:36:27,41.29,78437,19,买盘
1286,10:36:31,41.28,94940,23,中性盘
1287,10:36:33,41.3,140410,34,买盘
1288,10:36:37,41.3,586592,142,卖盘
1289,10:36:39,41.3,33041,8,买盘
1290,10:36:42,41.31,61964,15,买盘
1291,10:36:46,41.3,132182,32,卖盘
1292,10:36:48,41.29,74331,18,卖盘
1293,10:36:51,41.3,330400,80,买盘
1294,10:36:55,41.3,12390,3,买盘
1295,10:36:58,41.3,53686,13,买盘
1296,10:37:01,41.3,103230,25,买盘
1297,10:37:07,41.28,12384,3,中性盘
1298,10:37:13,41.28,16512,4,卖盘
1299,10:37:15,41.27,49524,12,卖盘
1300,10:37:22,41.27,20635,5,卖盘
1301,10:37:25,41.27,127936,31,卖盘
1302,10:37:28,41.27,239366,58,中性盘
1303,10:37:30,41.28,41277,10,买盘
1304,10:37:34,41.25,45375,11,卖盘
1305,10:37:36,41.27,4127,1,中性盘
1306,10:37:40,41.25,532125,129,卖盘
1307,10:37:43,41.28,734396,178,买盘
1308,10:37:45,41.29,507867,123,买盘
1309,10:37:48,41.29,12387,3,卖盘
1310,10:37:51,41.29,16516,4,卖盘
1311,10:37:55,41.28,33030,8,卖盘
1312,10:38:00,41.28,4128,1,卖盘
1313,10:38:03,41.28,165159,40,卖盘
1314,10:38:07,41.28,41280,10,卖盘
1315,10:38:09,41.27,16508,4,中性盘
1316,10:38:12,41.27,53651,13,买盘
1317,10:38:16,41.29,214690,52,买盘
1318,10:38:18,41.3,177549,43,买盘
1319,10:38:24,41.3,119770,29,买盘
1320,10:38:27,41.29,152781,37,卖盘
1321,10:38:33,41.28,41280,10,卖盘
1322,10:38:36,41.28,57792,14,卖盘
1323,10:38:39,41.28,20640,5,卖盘
1324,10:38:42,41.28,37152,9,卖盘
1325,10:38:48,41.29,189932,46,买盘
1326,10:38:52,41.3,94972,23,买盘
1327,10:38:55,41.29,78469,19,中性盘
1328,10:38:58,41.29,12387,3,卖盘
1329,10:39:04,41.29,53677,13,买盘
1330,10:39:06,41.29,127999,31,买盘
1331,10:39:10,41.3,206485,50,买盘
1332,10:39:15,41.31,450279,109,买盘
1333,10:39:18,41.31,268454,65,卖盘
1334,10:39:22,41.31,53698,13,买盘
1335,10:39:25,41.32,57848,14,买盘
1336,10:39:27,41.31,28917,7,卖盘
1337,10:39:30,41.3,33040,8,卖盘
1338,10:39:34,41.31,74354,18,买盘
1339,10:39:37,41.31,53691,13,买盘
1340,10:39:39,41.31,8261,2,买盘
1341,10:39:43,41.31,12393,3,买盘
1342,10:39:45,41.3,16520,4,卖盘
1343,10:39:48,41.31,214810,52,买盘
1344,10:39:52,41.3,57823,14,卖盘
1345,10:39:55,41.33,801561,194,买盘
1346,10:39:57,41.32,86772,21,卖盘
1347,10:40:01,41.34,148798,36,买盘
1348,10:40:04,41.33,45462,11,中性盘
1349,10:40:06,41.35,239801,58,买盘
1350,10:40:09,41.33,219045,53,卖盘
1351,10:40:12,41.33,144653,35,买盘
1352,10:40:16,41.33,665454,161,买盘
1353,10:40:18,41.35,157082,38,买盘
1354,10:40:22,41.32,673534,163,卖盘
1355,10:40:25,41.32,140488,34,买盘
1356,10:40:27,41.31,66108,16,卖盘
1357,10:40:31,41.32,2561066,619,买盘
1358,10:40:34,41.32,4132,1,买盘
1359,10:40:37,41.32,74371,18,中性盘
1360,10:40:39,41.32,49578,12,买盘
1361,10:40:42,41.31,8262,2,卖盘
1362,10:40:46,41.32,4132,1,买盘
1363,10:40:51,41.28,53690,13,卖盘
1364,10:40:55,41.28,53664,13,卖盘
1365,10:40:57,41.27,173374,42,卖盘
1366,10:41:03,41.26,8253,2,卖盘
1367,10:41:06,41.27,41263,10,买盘
1368,10:41:13,41.26,33008,8,卖盘
1369,10:41:16,41.26,49512,12,卖盘
1370,10:41:18,41.28,590097,143,买盘
1371,10:41:21,41.27,338490,82,卖盘
1372,10:41:24,41.28,28896,7,买盘
1373,10:41:27,41.28,24768,6,买盘
1374,10:41:31,41.27,37143,9,卖盘
1375,10:41:36,41.27,33016,8,卖盘
1376,10:41:39,41.27,4127,1,卖盘
1377,10:41:42,41.28,20640,5,买盘
1378,10:41:45,41.27,107302,26,卖盘
1379,10:41:49,41.27,24762,6,卖盘
1380,10:41:51,41.26,78407,19,卖盘
1381,10:41:57,41.26,28882,7,卖盘
1382,10:42:00,41.26,28882,7,卖盘
1383,10:42:06,41.27,78396,19,买盘
1384,10:42:09,41.27,16506,4,买盘
1385,10:42:12,41.26,12378,3,卖盘
1386,10:42:15,41.26,20630,5,卖盘
1387,10:42:19,41.27,8254,2,买盘
1388,10:42:22,41.26,4126,1,卖盘
1389,10:42:27,41.26,66003,16,买盘
1390,10:42:30,41.24,24750,6,卖盘
1391,10:42:33,41.26,20630,5,买盘
1392,10:42:39,41.25,86625,21,买盘
1393,10:42:43,41.25,4125,1,卖盘
1394,10:42:46,41.25,20625,5,买盘
1395,10:42:49,41.26,4126,1,买盘
1396,10:42:52,41.25,41250,10,买盘
1397,10:42:54,41.25,20625,5,卖盘
1398,10:42:58,41.25,4125,1,买盘
1399,10:43:00,41.25,8250,2,买盘
1400,10:43:03,41.25,165000,40,买盘
1401,10:43:06,41.28,850138,206,买盘
1402,10:43:09,41.27,123829,30,卖盘
1403,10:43:12,41.3,33038,8,买盘
1404,10:43:19,41.31,462565,112,买盘
1405,10:43:22,41.35,1445981,350,买盘
1406,10:43:25,41.36,136486,33,买盘
1407,10:43:28,41.37,49632,12,买盘
1408,10:43:30,41.35,16541,4,卖盘
1409,10:43:34,41.35,57890,14,卖盘
1410,10:43:37,41.35,996559,241,卖盘
1411,10:43:40,41.37,45507,11,买盘
1412,10:43:43,41.4,107596,26,买盘
1413,10:43:45,41.4,37259,9,买盘
1414,10:43:48,41.4,70367,17,买盘
1415,10:43:51,41.4,74528,18,中性盘
1416,10:43:54,41.37,269007,65,卖盘
1417,10:43:58,41.4,418142,101,中性盘
1418,10:44:00,41.42,136684,33,买盘
1419,10:44:03,41.42,74567,18,买盘
1420,10:44:07,41.43,41424,10,买盘
1421,10:44:10,41.41,16566,4,卖盘
1422,10:44:12,41.41,422583,102,卖盘
1423,10:44:15,41.41,149076,36,卖盘
1424,10:44:19,41.39,53817,13,卖盘
1425,10:44:24,41.4,33114,8,买盘
1426,10:44:28,41.41,492724,119,买盘
1427,10:44:33,41.39,16553,4,买盘
1428,10:44:36,41.38,227663,55,卖盘
1429,10:44:39,41.38,4138,1,卖盘
1430,10:44:43,41.41,144893,35,买盘
1431,10:44:48,41.41,513413,124,买盘
1432,10:44:51,41.4,57951,14,中性盘
1433,10:44:55,41.41,165635,40,买盘
1434,10:44:58,41.41,1523553,368,买盘
1435,10:45:00,41.4,4140,1,卖盘
1436,10:45:03,41.4,852821,206,卖盘
1437,10:45:07,41.4,115899,28,买盘
1438,10:45:10,41.39,33112,8,卖盘
1439,10:45:12,41.4,645848,156,买盘
1440,10:45:15,41.41,269048,65,买盘
1441,10:45:19,41.42,306467,74,买盘
1442,10:45:22,41.41,426675,103,卖盘
1443,10:45:25,41.46,1931699,466,买盘
1444,10:45:27,41.46,111951,27,卖盘
1445,10:45:30,41.47,381524,92,买盘
1446,10:45:34,41.47,70489,17,卖盘
1447,10:45:36,41.47,29031,7,卖盘
1448,10:45:40,41.47,468324,113,买盘
1449,10:45:43,41.47,1613094,389,买盘
1450,10:45:45,41.47,82922,20,买盘
1451,10:45:48,41.47,825183,199,买盘
1452,10:45:51,41.47,165910,40,卖盘
1453,10:45:54,41.48,194956,47,买盘
1454,10:45:57,41.48,435538,105,买盘
1455,10:46:00,41.48,41480,10,买盘
1456,10:46:03,41.48,526696,127,买盘
1457,10:46:06,41.48,124437,30,买盘
1458,10:46:09,41.49,721820,174,买盘
1459,10:46:12,41.48,62226,15,卖盘
1460,10:46:15,41.49,1020648,246,买盘
1461,10:46:18,41.5,360884,87,买盘
1462,10:46:21,41.49,45642,11,卖盘
1463,10:46:25,41.47,2178672,525,卖盘
1464,10:46:27,41.49,120311,29,卖盘
1465,10:46:30,41.48,33184,8,卖盘
1466,10:46:34,41.48,12444,3,卖盘
1467,10:46:37,41.48,103700,25,卖盘
1468,10:46:40,41.45,128542,31,卖盘
1469,10:46:42,41.44,78746,19,卖盘
1470,10:46:45,41.44,24864,6,卖盘
1471,10:46:48,41.44,103611,25,卖盘
1472,10:46:51,41.43,248690,60,卖盘
1473,10:46:55,41.43,4143,1,买盘
1474,10:46:57,41.43,49719,12,卖盘
1475,10:47:01,41.43,53861,13,卖盘
1476,10:47:03,41.47,464265,112,买盘
1477,10:47:07,41.47,62206,15,中性盘
1478,10:47:10,41.49,2219440,535,买盘
1479,10:47:12,41.5,12450,3,买盘
1480,10:47:16,41.5,337567,81,买盘
1481,10:47:18,41.5,3205997,773,买盘
1482,10:47:21,41.49,136938,33,卖盘
1483,10:47:24,41.47,116130,28,卖盘
1484,10:47:27,41.47,520168,125,卖盘
1485,10:47:31,41.47,16588,4,卖盘
1486,10:47:33,41.45,493526,119,卖盘
1487,10:47:37,41.45,49740,12,卖盘
1488,10:47:39,41.45,41450,10,买盘
1489,10:47:42,41.45,53874,13,买盘
1490,10:47:46,41.44,157498,38,卖盘
1491,10:47:51,41.44,103600,25,买盘
1492,10:47:54,41.44,111888,27,卖盘
1493,10:47:58,41.44,49728,12,卖盘
1494,10:48:01,41.44,124319,30,买盘
1495,10:48:03,41.44,348096,84,买盘
1496,10:48:07,41.43,323190,78,卖盘
1497,10:48:09,41.43,53848,13,买盘
1498,10:48:13,41.43,16572,4,买盘
1499,10:48:15,41.42,215382,52,卖盘
1500,10:48:18,41.42,347928,84,买盘
1501,10:48:22,41.42,157378,38,买盘
1502,10:48:27,41.41,294031,71,卖盘
1503,10:48:30,41.42,103550,25,买盘
1504,10:48:34,41.42,4142,1,买盘
1505,10:48:36,41.41,198771,48,卖盘
1506,10:48:42,41.41,53830,13,买盘
1507,10:48:45,41.41,33128,8,卖盘
1508,10:48:49,41.44,443187,107,买盘
1509,10:48:51,41.44,37296,9,卖盘
1510,10:48:54,41.43,124315,30,卖盘
1511,10:48:57,41.45,16580,4,买盘
1512,10:49:00,41.43,103599,25,卖盘
1513,10:49:03,41.43,339874,82,卖盘
1514,10:49:06,41.45,8290,2,买盘
1515,10:49:10,41.45,4145,1,卖盘
1516,10:49:13,41.45,149220,36,卖盘
1517,10:49:16,41.46,58042,14,买盘
1518,10:49:18,41.46,663518,160,卖盘
1519,10:49:21,41.47,269632,65,买盘
1520,10:49:24,41.47,29029,7,卖盘
1521,10:49:28,41.48,53924,13,中性盘
1522,10:49:30,41.49,8298,2,买盘
1523,10:49:34,41.5,307035,74,买盘
1524,10:49:37,41.51,634969,153,买盘
1525,10:49:39,41.51,900767,217,买盘
1526,10:49:43,41.5,693214,167,卖盘
1527,10:49:45,41.52,53976,13,买盘
1528,10:49:48,41.51,232495,56,卖盘
1529,10:49:52,41.52,635254,153,买盘
1530,10:49:54,41.53,112130,27,买盘
1531,10:49:57,41.53,240873,58,买盘
1532,10:50:01,41.54,552377,133,买盘
1533,10:50:03,41.54,153668,37,买盘
1534,10:50:06,41.54,344761,83,买盘
1535,10:50:10,41.54,53992,13,买盘
1536,10:50:12,41.56,3087078,743,买盘
1537,10:50:15,41.56,5162892,1242,买盘
1538,10:50:19,41.59,332712,80,买盘
1539,10:50:22,41.58,170505,41,中性盘
1540,10:50:25,41.59,357737,86,买盘
1541,10:50:27,41.59,445095,107,卖盘
1542,10:50:30,41.6,2408573,579,买盘
1543,10:50:33,41.6,103987,25,卖盘
1544,10:50:36,41.6,91520,22,卖盘
1545,10:50:40,41.6,232952,56,卖盘
1546,10:50:43,41.6,287037,69,买盘
1547,10:50:45,41.61,95685,23,买盘
1548,10:50:48,41.58,137269,33,卖盘
1549,10:50:52,41.55,1014182,244,卖盘
1550,10:50:54,41.59,145454,35,买盘
1551,10:50:57,41.54,87257,21,卖盘
1552,10:51:01,41.54,83082,20,卖盘
1553,10:51:03,41.53,2279925,549,卖盘
1554,10:51:07,41.54,91376,22,买盘
1555,10:51:10,41.53,485912,117,卖盘
1556,10:51:13,41.54,290761,70,买盘
1557,10:51:15,41.52,107974,26,中性盘
1558,10:51:19,41.52,269862,65,买盘
1559,10:51:22,41.54,149516,36,买盘
1560,10:51:24,41.53,99672,24,卖盘
1561,10:51:28,41.54,16615,4,买盘
1562,10:51:30,41.54,87233,21,买盘
1563,10:51:33,41.53,70602,17,买盘
1564,10:51:37,41.53,20764,5,买盘
1565,10:51:39,41.5,303107,73,卖盘
1566,10:51:42,41.5,83030,20,卖盘
1567,10:51:46,41.5,1245531,300,卖盘
1568,10:51:49,41.47,24897,6,卖盘
1569,10:51:52,41.47,995457,240,卖盘
1570,10:51:54,41.47,4147,1,卖盘
1571,10:51:58,41.47,787990,190,卖盘
1572,10:52:03,41.49,153543,37,买盘
1573,10:52:06,41.5,120340,29,买盘
1574,10:52:09,41.49,45642,11,卖盘
1575,10:52:12,41.49,20748,5,中性盘
1576,10:52:15,41.48,178418,43,卖盘
1577,10:52:19,41.48,37338,9,卖盘
1578,10:52:22,41.5,219915,53,买盘
1579,10:52:24,41.48,33184,8,卖盘
1580,10:52:27,41.49,70532,17,买盘
1581,10:52:30,41.49,265534,64,买盘
1582,10:52:33,41.48,16592,4,买盘
1583,10:52:36,41.47,344292,83,卖盘
1584,10:52:39,41.47,116132,28,卖盘
1585,10:52:42,41.47,78795,19,卖盘
1586,10:52:45,41.48,45633,11,买盘
1587,10:52:48,41.52,1510632,364,买盘
1588,10:52:52,41.53,195180,47,买盘
1589,10:52:54,41.53,307321,74,买盘
1590,10:52:58,41.52,107977,26,卖盘
1591,10:53:00,41.53,294854,71,买盘
1592,10:53:03,41.52,274088,66,卖盘
1593,10:53:07,41.53,514912,124,买盘
1594,10:53:09,41.52,938446,226,中性盘
1595,10:53:12,41.53,440314,106,中性盘
1596,10:53:16,41.53,348948,84,买盘
1597,10:53:19,41.54,49838,12,买盘
1598,10:53:22,41.55,357306,86,买盘
1599,10:53:25,41.55,54015,13,卖盘
1600,10:53:27,41.56,116356,28,买盘
1601,10:53:31,41.56,78980,19,卖盘
1602,10:53:33,41.57,20781,5,买盘
1603,10:53:36,41.57,139883,34,买盘
1604,10:53:40,41.58,386685,93,买盘
1605,10:53:42,41.58,49896,12,买盘
1606,10:53:46,41.58,95632,23,买盘
1607,10:53:48,41.58,54062,13,买盘
1608,10:53:51,41.59,873380,210,买盘
1609,10:53:54,41.58,33270,8,卖盘
1610,10:53:58,41.59,158042,38,买盘
1611,10:54:00,41.6,391027,94,买盘
1612,10:54:04,41.59,62397,15,卖盘
1613,10:54:06,41.6,357766,86,买盘
1614,10:54:09,41.59,989779,238,卖盘
1615,10:54:13,41.59,145548,35,买盘
1616,10:54:15,41.58,253665,61,买盘
1617,10:54:18,41.57,437903,105,卖盘
1618,10:54:21,41.56,91432,22,中性盘
1619,10:54:24,41.54,37395,9,卖盘
1620,10:54:27,41.54,8308,2,买盘
1621,10:54:34,41.53,24923,6,卖盘
1622,10:54:36,41.52,37375,9,卖盘
1623,10:54:39,41.52,58117,14,买盘
1624,10:54:42,41.52,37359,9,买盘
1625,10:54:48,41.5,477364,115,中性盘
1626,10:54:52,41.52,83027,20,买盘
1627,10:54:55,41.5,45650,11,中性盘
1628,10:55:01,41.48,116153,28,卖盘
1629,10:55:03,41.47,107836,26,卖盘
1630,10:55:06,41.49,410684,99,买盘
1631,10:55:09,41.5,377597,91,买盘
1632,10:55:13,41.48,547727,132,卖盘
1633,10:55:15,41.5,16600,4,中性盘
1634,10:55:18,41.5,203374,49,中性盘
1635,10:55:21,41.51,99581,24,买盘
1636,10:55:24,41.5,24895,6,买盘
1637,10:55:27,41.49,207467,50,卖盘
1638,10:55:30,41.49,132783,32,卖盘
1639,10:55:33,41.51,298825,72,买盘
1640,10:55:36,41.52,124553,30,买盘
1641,10:55:40,41.52,33214,8,买盘
1642,10:55:43,41.5,464876,112,卖盘
1643,10:55:45,41.5,211648,51,买盘
1644,10:55:48,41.52,107939,26,买盘
1645,10:55:51,41.51,41512,10,中性盘
1646,10:55:54,41.51,78869,19,卖盘
1647,10:55:58,41.51,369455,89,卖盘
1648,10:56:00,41.51,103773,25,买盘
1649,10:56:04,41.5,12450,3,卖盘
1650,10:56:06,41.52,726424,175,买盘
1651,10:56:09,41.53,95514,23,买盘
1652,10:56:12,41.53,290710,70,买盘
1653,10:56:16,41.53,540016,130,卖盘
1654,10:56:18,41.56,299235,72,买盘
1655,10:56:22,41.58,842595,203,买盘
1656,10:56:24,41.59,349325,84,买盘
1657,10:56:27,41.6,486658,117,买盘
1658,10:56:30,41.59,636450,153,卖盘
1659,10:56:33,41.61,137304,33,买盘
1660,10:56:37,41.61,162245,39,买盘
1661,10:56:39,41.6,108163,26,中性盘
1662,10:56:42,41.59,124809,30,卖盘
1663,10:56:46,41.59,54069,13,卖盘
1664,10:56:49,41.58,99841,24,卖盘
1665,10:56:52,41.6,45753,11,买盘
1666,10:56:55,41.58,8316,2,卖盘
1667,10:56:57,41.59,116444,28,买盘
1668,10:57:01,41.57,419947,101,卖盘
1669,10:57:03,41.59,320197,77,买盘
1670,10:57:07,41.6,79016,19,买盘
1671,10:57:09,41.59,58217,14,买盘
1672,10:57:12,41.58,24948,6,买盘
1673,10:57:15,41.57,195379,47,卖盘
1674,10:57:18,41.57,99766,24,买盘
1675,10:57:22,41.56,91445,22,卖盘
1676,10:57:24,41.56,245204,59,卖盘
1677,10:57:28,41.56,178733,43,卖盘
1678,10:57:30,41.56,58184,14,卖盘
1679,10:57:33,41.56,120520,29,卖盘
1680,10:57:36,41.56,49871,12,买盘
1681,10:57:40,41.56,249356,60,买盘
1682,10:57:43,41.54,91401,22,卖盘
1683,10:57:45,41.55,415497,100,买盘
1684,10:57:48,41.51,157762,38,卖盘
1685,10:57:51,41.53,232597,56,中性盘
1686,10:57:55,41.52,627056,151,卖盘
1687,10:57:57,41.56,431958,104,买盘
1688,10:58:00,41.55,112204,27,卖盘
1689,10:58:03,41.55,216060,52,买盘
1690,10:58:06,41.56,103920,25,买盘
1691,10:58:10,41.57,187097,45,中性盘
1692,10:58:13,41.59,1231059,296,买盘
1693,10:58:15,41.59,1027514,247,卖盘
1694,10:58:18,41.59,495035,119,卖盘
1695,10:58:22,41.6,482560,116,买盘
1696,10:58:24,41.61,1115136,268,买盘
1697,10:58:27,41.61,91547,22,买盘
1698,10:58:30,41.62,811590,195,买盘
1699,10:58:33,41.62,437075,105,卖盘
1700,10:58:36,41.63,149850,36,买盘
1701,10:58:39,41.63,303897,73,买盘
1702,10:58:43,41.63,187299,45,买盘
1703,10:58:45,41.62,728393,175,卖盘
1704,10:58:49,41.63,274741,66,买盘
1705,10:58:52,41.62,212304,51,卖盘
1706,10:58:55,41.61,45771,11,卖盘
1707,10:58:57,41.61,312120,75,卖盘
1708,10:59:01,41.61,58264,14,卖盘
1709,10:59:03,41.62,95715,23,买盘
1710,10:59:06,41.62,95720,23,买盘
1711,10:59:10,41.62,37458,9,卖盘
1712,10:59:12,41.63,332973,80,买盘
1713,10:59:15,41.62,112396,27,卖盘
1714,10:59:19,41.63,391327,94,买盘
1715,10:59:22,41.63,124898,30,卖盘
1716,10:59:25,41.63,129059,31,买盘
1717,10:59:28,41.63,841123,202,卖盘
1718,10:59:31,41.65,1016246,244,买盘
1719,10:59:33,41.64,216547,52,卖盘
1720,10:59:36,41.65,320683,77,买盘
1721,10:59:40,41.65,87464,21,买盘
1722,10:59:42,41.65,120794,29,买盘
1723,10:59:45,41.66,1099808,264,买盘
1724,10:59:48,41.66,70820,17,买盘
1725,10:59:51,41.66,429162,103,卖盘
1726,10:59:54,41.68,837588,201,买盘
1727,10:59:58,41.68,416798,100,买盘
1728,11:00:00,41.67,462647,111,卖盘
1729,11:00:03,41.68,1475471,354,买盘
1730,11:00:07,41.68,621052,149,买盘
1731,11:00:10,41.68,183372,44,买盘
1732,11:00:12,41.67,604367,145,卖盘
1733,11:00:15,41.67,200048,48,卖盘
1734,11:00:18,41.67,116693,28,卖盘
1735,11:00:21,41.66,54158,13,卖盘
1736,11:00:25,41.66,24996,6,买盘
1737,11:00:27,41.64,95782,23,卖盘
1738,11:00:30,41.63,74941,18,卖盘
1739,11:00:34,41.63,83265,20,卖盘
1740,11:00:36,41.63,37473,9,卖盘
1741,11:00:39,41.62,83255,20,卖盘
1742,11:00:42,41.62,133225,32,卖盘
1743,11:00:46,41.62,41628,10,卖盘
1744,11:00:48,41.62,270532,65,卖盘
1745,11:00:52,41.61,24970,6,卖盘
1746,11:00:54,41.61,8322,2,卖盘
1747,11:00:57,41.61,141454,34,买盘
1748,11:01:00,41.6,166403,40,卖盘
1749,11:01:03,41.6,141463,34,卖盘
1750,11:01:07,41.6,29120,7,卖盘
1751,11:01:09,41.61,137301,33,买盘
1752,11:01:12,41.6,20799,5,卖盘
1753,11:01:15,41.59,37435,9,卖盘
1754,11:01:18,41.58,12474,3,卖盘
1755,11:01:22,41.57,58176,14,中性盘
1756,11:01:25,41.56,112210,27,中性盘
1757,11:01:28,41.55,295071,71,卖盘
1758,11:01:30,41.58,182934,44,买盘
1759,11:01:34,41.61,640622,154,买盘
1760,11:01:37,41.62,112362,27,买盘
1761,11:01:39,41.64,187333,45,买盘
1762,11:01:43,41.63,158221,38,卖盘
1763,11:01:45,41.62,212313,51,卖盘
1764,11:01:48,41.62,162319,39,中性盘
1765,11:01:51,41.61,183108,44,卖盘
1766,11:01:57,41.61,37449,9,买盘
1767,11:02:01,41.6,199742,48,卖盘
1768,11:02:03,41.6,37444,9,卖盘
1769,11:02:06,41.61,162249,39,买盘
1770,11:02:10,41.6,170585,41,卖盘
1771,11:02:12,41.6,16640,4,中性盘
1772,11:02:15,41.58,45739,11,卖盘
1773,11:02:19,41.59,4159,1,买盘
1774,11:02:21,41.59,58217,14,买盘
1775,11:02:24,41.58,79004,19,卖盘
1776,11:02:27,41.57,49893,12,卖盘
1777,11:02:31,41.57,12471,3,卖盘
1778,11:02:34,41.57,12472,3,卖盘
1779,11:02:36,41.57,99775,24,卖盘
1780,11:02:39,41.57,478030,115,买盘
1781,11:02:43,41.56,45716,11,卖盘
1782,11:02:45,41.56,103903,25,买盘
1783,11:02:48,41.57,4157,1,买盘
1784,11:02:51,41.57,33255,8,买盘
1785,11:02:54,41.55,33245,8,卖盘
1786,11:02:58,41.56,41553,10,买盘
1787,11:03:00,41.55,45705,11,卖盘
1788,11:03:03,41.54,33232,8,中性盘
1789,11:03:06,41.53,58146,14,卖盘
1790,11:03:13,41.54,20770,5,买盘
1791,11:03:16,41.54,124607,30,买盘
1792,11:03:18,41.55,49853,12,买盘
1793,11:03:22,41.54,49848,12,卖盘
1794,11:03:25,41.54,461121,111,卖盘
1795,11:03:27,41.54,211854,51,买盘
1796,11:03:31,41.53,4153,1,卖盘
1797,11:03:34,41.55,74763,18,买盘
1798,11:03:37,41.54,78939,19,卖盘
1799,11:03:39,41.54,41540,10,卖盘
1800,11:03:42,41.53,41530,10,卖盘
1801,11:03:46,41.53,74764,18,卖盘
1802,11:03:52,41.52,53988,13,卖盘
1803,11:03:55,41.53,269940,65,买盘
1804,11:03:57,41.5,601850,145,卖盘
1805,11:04:01,41.53,265702,64,买盘
1806,11:04:03,41.51,41513,10,买盘
1807,11:04:06,41.53,224220,54,买盘
1808,11:04:10,41.53,66443,16,买盘
1809,11:04:12,41.52,70596,17,卖盘
1810,11:04:15,41.52,37368,9,卖盘
1811,11:04:18,41.52,37361,9,买盘
1812,11:04:22,41.52,24907,6,买盘
1813,11:04:24,41.52,24910,6,买盘
1814,11:04:28,41.53,2362980,569,买盘
1815,11:04:31,41.53,1515837,365,买盘
1816,11:04:33,41.55,228481,55,买盘
1817,11:04:36,41.56,373992,90,买盘
1818,11:04:40,41.57,257658,62,买盘
1819,11:04:43,41.54,54031,13,卖盘
1820,11:04:49,41.54,20770,5,卖盘
1821,11:04:51,41.53,45683,11,卖盘
1822,11:04:54,41.53,49834,12,买盘
1823,11:05:00,41.52,99648,24,卖盘
1824,11:05:04,41.52,29064,7,买盘
1825,11:05:06,41.51,45662,11,卖盘
1826,11:05:13,41.51,190947,46,卖盘
1827,11:05:15,41.51,41510,10,买盘
1828,11:05:18,41.51,12453,3,买盘
1829,11:05:21,41.51,166035,40,买盘
1830,11:05:24,41.51,70560,17,买盘
1831,11:05:27,41.51,485623,117,中性盘
1832,11:05:30,41.52,116254,28,买盘
1833,11:05:34,41.52,53976,13,买盘
1834,11:05:37,41.54,49837,12,买盘
1835,11:05:39,41.55,62303,15,买盘
1836,11:05:42,41.56,58174,14,买盘
1837,11:05:45,41.58,99775,24,买盘
1838,11:05:48,41.59,241168,58,买盘
1839,11:05:52,41.58,336813,81,卖盘
1840,11:05:54,41.59,253741,61,中性盘
1841,11:05:57,41.6,37424,9,买盘
1842,11:06:01,41.6,170558,41,买盘
1843,11:06:03,41.61,104022,25,买盘
1844,11:06:07,41.61,116512,28,卖盘
1845,11:06:10,41.6,83200,20,卖盘
1846,11:06:12,41.6,49920,12,卖盘
1847,11:06:16,41.59,262063,63,卖盘
1848,11:06:18,41.57,58213,14,卖盘
1849,11:06:21,41.57,41570,10,卖盘
1850,11:06:28,41.57,54041,13,买盘
1851,11:06:31,41.55,20778,5,卖盘
1852,11:06:33,41.55,49862,12,卖盘
1853,11:06:36,41.55,303382,73,卖盘
1854,11:06:40,41.55,382341,92,卖盘
1855,11:06:42,41.55,78955,19,买盘
1856,11:06:46,41.58,16632,4,买盘
1857,11:06:48,41.59,49897,12,买盘
1858,11:06:51,41.6,182997,44,买盘
1859,11:06:55,41.6,116472,28,买盘
1860,11:06:57,41.6,45755,11,买盘
1861,11:07:00,41.6,45759,11,买盘
1862,11:07:03,41.6,66553,16,买盘
1863,11:07:07,41.6,203840,49,买盘
1864,11:07:09,41.6,37440,9,卖盘
1865,11:07:13,41.6,12482,3,卖盘
1866,11:07:16,41.6,295420,71,卖盘
1867,11:07:18,41.6,79041,19,卖盘
1868,11:07:21,41.6,74873,18,买盘
1869,11:07:24,41.58,444993,107,卖盘
1870,11:07:27,41.58,91500,22,卖盘
1871,11:07:31,41.58,4158,1,卖盘
1872,11:07:33,41.55,70670,17,卖盘
1873,11:07:37,41.55,12465,3,卖盘
1874,11:07:40,41.56,33248,8,买盘
1875,11:07:42,41.55,12465,3,卖盘
1876,11:07:45,41.56,8312,2,买盘
1877,11:07:49,41.55,8310,2,卖盘
1878,11:07:51,41.55,45707,11,卖盘
1879,11:07:55,41.55,58182,14,卖盘
1880,11:07:57,41.56,24935,6,买盘
1881,11:08:00,41.57,24938,6,买盘
1882,11:08:03,41.54,66478,16,卖盘
1883,11:08:06,41.55,66479,16,买盘
1884,11:08:10,41.53,33228,8,卖盘
1885,11:08:12,41.54,49838,12,中性盘
1886,11:08:15,41.52,74739,18,卖盘
1887,11:08:19,41.52,16610,4,卖盘
1888,11:08:21,41.53,49827,12,买盘
1889,11:08:24,41.52,8304,2,买盘
1890,11:08:28,41.51,24906,6,卖盘
1891,11:08:30,41.51,4151,1,卖盘
1892,11:08:33,41.51,8302,2,买盘
1893,11:08:37,41.5,99603,24,卖盘
1894,11:08:39,41.5,157700,38,卖盘
1895,11:08:42,41.5,157704,38,卖盘
1896,11:08:45,41.5,45646,11,买盘
1897,11:08:49,41.48,182568,44,卖盘
1898,11:08:51,41.49,66384,16,买盘
1899,11:08:54,41.48,70526,17,卖盘
1900,11:08:57,41.49,112023,27,买盘
1901,11:09:00,41.48,99577,24,卖盘
1902,11:09:04,41.49,107888,26,中性盘
1903,11:09:06,41.5,53948,13,买盘
1904,11:09:09,41.5,124486,30,买盘
1905,11:09:12,41.5,45650,11,买盘
1906,11:09:15,41.49,91313,22,卖盘
1907,11:09:18,41.51,91316,22,买盘
1908,11:09:22,41.5,74695,18,中性盘
1909,11:09:24,41.49,58113,14,卖盘
1910,11:09:27,41.5,58092,14,卖盘
1911,11:09:30,41.5,53958,13,卖盘
1912,11:09:34,41.52,87180,21,买盘
1913,11:09:36,41.52,240816,58,买盘
1914,11:09:39,41.51,95503,23,中性盘
1915,11:09:42,41.52,83068,20,卖盘
1916,11:09:45,41.52,20760,5,卖盘
1917,11:09:49,41.54,12462,3,买盘
1918,11:09:51,41.52,24916,6,卖盘
1919,11:09:57,41.53,103820,25,买盘
1920,11:10:00,41.54,24923,6,中性盘
1921,11:10:04,41.54,12461,3,买盘
1922,11:10:07,41.53,137052,33,卖盘
1923,11:10:09,41.54,33226,8,买盘
1924,11:10:16,41.54,357189,86,买盘
1925,11:10:19,41.54,54002,13,买盘
1926,11:10:21,41.55,872464,210,买盘
1927,11:10:24,41.55,149578,36,买盘
1928,11:10:27,41.54,37385,9,中性盘
1929,11:10:30,41.53,12459,3,卖盘
1930,11:10:33,41.53,37377,9,卖盘
1931,11:10:36,41.53,53989,13,卖盘
1932,11:10:39,41.52,49828,12,中性盘
1933,11:10:43,41.53,66447,16,买盘
1934,11:10:45,41.51,24906,6,卖盘
1935,11:10:48,41.51,128681,31,卖盘
1936,11:10:51,41.51,58114,14,买盘
1937,11:10:54,41.51,215852,52,买盘
1938,11:10:58,41.52,199267,48,买盘
1939,11:11:01,41.51,1407377,339,卖盘
1940,11:11:03,41.53,269821,65,买盘
1941,11:11:06,41.54,290780,70,买盘
1942,11:11:10,41.53,539893,130,卖盘
1943,11:11:13,41.53,49837,12,卖盘
1944,11:11:15,41.54,107973,26,买盘
1945,11:11:18,41.56,145426,35,买盘
1946,11:11:22,41.54,12462,3,中性盘
1947,11:11:24,41.52,236748,57,卖盘
1948,11:11:27,41.55,116338,28,买盘
1949,11:11:30,41.56,49867,12,买盘
1950,11:11:33,41.55,24931,6,卖盘
1951,11:11:36,41.55,45705,11,卖盘
1952,11:11:40,41.53,24918,6,中性盘
1953,11:11:42,41.53,124588,30,买盘
1954,11:11:48,41.54,66444,16,买盘
1955,11:11:51,41.53,427659,103,买盘
1956,11:11:54,41.53,45687,11,买盘
1957,11:11:58,41.55,49860,12,买盘
1958,11:12:04,41.54,24919,6,买盘
1959,11:12:09,41.53,8306,2,卖盘
1960,11:12:12,41.53,112154,27,卖盘
1961,11:12:15,41.55,436275,105,买盘
1962,11:12:19,41.57,95620,23,买盘
1963,11:12:21,41.58,83157,20,买盘
1964,11:12:25,41.56,182900,44,卖盘
1965,11:12:27,41.59,29113,7,买盘
1966,11:12:30,41.58,4158,1,卖盘
1967,11:12:33,41.58,8316,2,买盘
1968,11:12:36,41.57,24943,6,卖盘
1969,11:12:40,41.58,66524,16,买盘
1970,11:12:42,41.58,45733,11,买盘
1971,11:12:45,41.58,41580,10,买盘
1972,11:12:49,41.56,29096,7,卖盘
1973,11:12:52,41.56,41566,10,卖盘
1974,11:12:54,41.56,16624,4,卖盘
1975,11:12:58,41.54,4154,1,卖盘
1976,11:13:00,41.54,12462,3,卖盘
1977,11:13:03,41.54,20770,5,卖盘
1978,11:13:07,41.54,16616,4,卖盘
1979,11:13:09,41.54,8308,2,卖盘
1980,11:13:13,41.55,174490,42,买盘
1981,11:13:16,41.56,66487,16,买盘
1982,11:13:18,41.55,261749,63,卖盘
1983,11:13:21,41.56,83100,20,买盘
1984,11:13:24,41.56,8312,2,买盘
1985,11:13:28,41.54,29078,7,卖盘
1986,11:13:31,41.53,41530,10,卖盘
1987,11:13:33,41.54,4154,1,买盘
1988,11:13:37,41.53,12459,3,卖盘
1989,11:13:40,41.53,49838,12,卖盘
1990,11:13:43,41.54,8308,2,买盘
1991,11:13:46,41.54,33232,8,买盘
1992,11:13:49,41.53,20767,5,卖盘
1993,11:13:52,41.5,41509,10,卖盘
1994,11:13:55,41.52,132845,32,买盘
1995,11:13:57,41.51,12452,3,中性盘
1996,11:14:00,41.51,83004,20,买盘
1997,11:14:03,41.5,103788,25,卖盘
1998,11:14:06,41.51,8302,2,买盘
1999,11:14:09,41.51,157774,38,卖盘
2000,11:14:12,41.52,103778,25,中性盘
2001,11:14:15,41.53,29071,7,买盘
2002,11:14:18,41.53,45673,11,买盘
2003,11:14:21,41.53,24918,6,买盘
2004,11:14:31,41.53,87205,21,买盘
2005,11:14:33,41.53,12459,3,买盘
2006,11:14:36,41.52,647720,156,卖盘
2007,11:14:39,41.53,211803,51,买盘
2008,11:14:43,41.54,153698,37,买盘
2009,11:14:45,41.54,49847,12,买盘
2010,11:14:48,41.54,108004,26,买盘
2011,11:14:51,41.55,33240,8,买盘
2012,11:14:54,41.55,24928,6,买盘
2013,11:14:57,41.55,20775,5,买盘
2014,11:15:00,41.54,37390,9,卖盘
2015,11:15:09,41.54,83081,20,卖盘
2016,11:15:13,41.54,20770,5,卖盘
2017,11:15:15,41.54,45697,11,卖盘
2018,11:15:18,41.52,211835,51,卖盘
2019,11:15:21,41.54,45681,11,买盘
2020,11:15:24,41.51,49803,12,中性盘
2021,11:15:28,41.51,20753,5,买盘
2022,11:15:30,41.51,78865,19,买盘
2023,11:15:33,41.52,103799,25,买盘
2024,11:15:36,41.51,66420,16,卖盘
2025,11:15:39,41.54,62285,15,买盘
2026,11:15:42,41.54,240922,58,买盘
2027,11:15:46,41.54,390341,94,买盘
2028,11:15:48,41.55,810244,195,买盘
2029,11:15:52,41.58,236966,57,买盘
2030,11:15:55,41.58,623772,150,买盘
2031,11:15:57,41.56,78996,19,中性盘
2032,11:16:00,41.58,70679,17,买盘
2033,11:16:03,41.57,4157,1,中性盘
2034,11:16:07,41.57,8314,2,卖盘
2035,11:16:09,41.57,24942,6,卖盘
2036,11:16:12,41.57,158002,38,卖盘
2037,11:16:15,41.56,62358,15,卖盘
2038,11:16:19,41.58,66518,16,买盘
2039,11:16:22,41.58,37422,9,买盘
2040,11:16:24,41.58,8316,2,买盘
2041,11:16:27,41.57,41572,10,卖盘
2042,11:16:31,41.58,8315,2,买盘
2043,11:16:34,41.57,103928,25,卖盘
2044,11:16:37,41.56,228585,55,卖盘
2045,11:16:39,41.56,290902,70,卖盘
2046,11:16:42,41.56,16623,4,中性盘
2047,11:16:45,41.57,149628,36,买盘
2048,11:16:48,41.55,66476,16,买盘
2049,11:16:51,41.56,87276,21,中性盘
2050,11:16:54,41.57,103903,25,买盘
2051,11:16:58,41.58,128894,31,买盘
2052,11:17:00,41.58,12474,3,买盘
2053,11:17:03,41.58,116424,28,买盘
2054,11:17:07,41.59,99801,24,买盘
2055,11:17:09,41.57,62379,15,卖盘
2056,11:17:12,41.58,241219,58,中性盘
2057,11:17:15,41.57,29102,7,卖盘
2058,11:17:18,41.58,95634,23,买盘
2059,11:17:21,41.59,91485,22,买盘
2060,11:17:24,41.59,29113,7,买盘
2061,11:17:27,41.6,49912,12,买盘
2062,11:17:31,41.6,191360,46,买盘
2063,11:17:34,41.6,486720,117,买盘
2064,11:17:37,41.61,199753,48,买盘
2065,11:17:40,41.61,8322,2,卖盘
2066,11:17:43,41.62,8324,2,买盘
2067,11:17:45,41.62,70750,17,买盘
2068,11:17:48,41.61,16647,4,卖盘
2069,11:17:52,41.61,378652,91,卖盘
2070,11:17:55,41.6,1185459,285,卖盘
2071,11:17:57,41.59,253684,61,买盘
2072,11:18:00,41.57,66522,16,卖盘
2073,11:18:03,41.57,95613,23,卖盘
2074,11:18:06,41.57,187019,45,卖盘
2075,11:18:09,41.57,62347,15,买盘
2076,11:18:13,41.59,33254,8,买盘
2077,11:18:15,41.59,137165,33,卖盘
2078,11:18:22,41.56,108096,26,中性盘
2079,11:18:24,41.59,87292,21,买盘
2080,11:18:28,41.56,58208,14,卖盘
2081,11:18:30,41.58,24943,6,买盘
2082,11:18:33,41.57,54052,13,中性盘
2083,11:18:36,41.6,457479,110,买盘
2084,11:18:39,41.6,162260,39,买盘
2085,11:18:43,41.63,66597,16,买盘
2086,11:18:45,41.62,216458,52,卖盘
2087,11:18:48,41.63,99891,24,买盘
2088,11:18:51,41.62,195618,47,卖盘
2089,11:18:54,41.6,295497,71,卖盘
2090,11:18:57,41.61,91547,22,买盘
2091,11:19:00,41.62,124857,30,买盘
2092,11:19:04,41.59,158076,38,卖盘
2093,11:19:06,41.6,66531,16,买盘
2094,11:19:09,41.58,37422,9,买盘
2095,11:19:12,41.61,590672,142,买盘
2096,11:19:15,41.62,170634,41,买盘
2097,11:19:18,41.62,12486,3,卖盘
2098,11:19:21,41.63,83252,20,买盘
2099,11:19:24,41.63,45793,11,买盘
2100,11:19:28,41.63,12489,3,买盘
2101,11:19:30,41.63,20815,5,买盘
2102,11:19:33,41.62,8324,2,卖盘
2103,11:19:37,41.63,378749,91,买盘
2104,11:19:40,41.63,20812,5,买盘
2105,11:19:42,41.61,482702,116,卖盘
2106,11:19:46,41.61,70757,17,卖盘
2107,11:19:48,41.63,137369,33,买盘
2108,11:19:51,41.59,927938,223,卖盘
2109,11:19:54,41.6,66539,16,买盘
2110,11:19:57,41.61,83204,20,买盘
2111,11:20:00,41.62,104026,25,买盘
2112,11:20:03,41.57,20785,5,卖盘
2113,11:20:06,41.59,4159,1,卖盘
2114,11:20:10,41.59,8318,2,卖盘
2115,11:20:12,41.58,62380,15,卖盘
2116,11:20:16,41.59,20793,5,买盘
2117,11:20:18,41.57,70695,17,卖盘
2118,11:20:21,41.57,78997,19,卖盘
2119,11:20:25,41.57,62365,15,卖盘
2120,11:20:28,41.56,253573,61,卖盘
2121,11:20:30,41.59,74845,18,买盘
2122,11:20:37,41.56,24938,6,卖盘
2123,11:20:40,41.58,33256,8,买盘
2124,11:20:43,41.55,303376,73,卖盘
2125,11:20:46,41.56,108038,26,买盘
2126,11:20:48,41.54,315704,76,卖盘
2127,11:20:52,41.56,70636,17,买盘
2128,11:20:55,41.54,103858,25,卖盘
2129,11:20:57,41.53,8306,2,卖盘
2130,11:21:00,41.54,20769,5,买盘
2131,11:21:03,41.53,16612,4,卖盘
2132,11:21:06,41.51,74708,18,卖盘
2133,11:21:09,41.51,49806,12,买盘
2134,11:21:12,41.5,70558,17,卖盘
2135,11:21:16,41.5,8300,2,卖盘
2136,11:21:19,41.51,70561,17,买盘
2137,11:21:21,41.5,58111,14,卖盘
2138,11:21:24,41.5,29052,7,卖盘
2139,11:21:28,41.5,24900,6,卖盘
2140,11:21:30,41.51,8302,2,买盘
2141,11:21:33,41.5,62260,15,卖盘
2142,11:21:36,41.51,37359,9,买盘
2143,11:21:39,41.51,53959,13,买盘
2144,11:21:42,41.51,66412,16,买盘
2145,11:21:45,41.53,62281,15,买盘
2146,11:21:48,41.54,465134,112,买盘
2147,11:21:51,41.56,87235,21,买盘
2148,11:21:54,41.56,128833,31,买盘
2149,11:21:57,41.57,70655,17,买盘
2150,11:22:00,41.53,137142,33,卖盘
2151,11:22:03,41.54,83072,20,中性盘
2152,11:22:06,41.56,203601,49,买盘
2153,11:22:09,41.56,54027,13,买盘
2154,11:22:12,41.55,41540,10,买盘
2155,11:22:18,41.54,37389,9,卖盘
2156,11:22:21,41.53,37381,9,卖盘
2157,11:22:24,41.54,91387,22,买盘
2158,11:22:28,41.53,33227,8,卖盘
2159,11:22:31,41.52,33220,8,卖盘
2160,11:22:33,41.53,37371,9,买盘
2161,11:22:36,41.52,24912,6,卖盘
2162,11:22:39,41.51,58114,14,卖盘
2163,11:22:42,41.5,29050,7,卖盘
2164,11:22:45,41.51,33201,8,中性盘
2165,11:22:49,41.5,33202,8,卖盘
2166,11:22:52,41.53,444258,107,买盘
2167,11:22:54,41.51,45668,11,中性盘
2168,11:22:57,41.53,95497,23,买盘
2169,11:23:00,41.53,62288,15,买盘
2170,11:23:06,41.52,29061,7,买盘
2171,11:23:09,41.51,24909,6,卖盘
2172,11:23:13,41.52,49821,12,买盘
2173,11:23:15,41.52,53973,13,买盘
2174,11:23:19,41.52,8304,2,买盘
2175,11:23:22,41.52,16605,4,买盘
2176,11:23:24,41.52,20760,5,买盘
2177,11:23:27,41.51,99628,24,卖盘
2178,11:23:30,41.52,58121,14,中性盘
2179,11:23:37,41.51,33208,8,卖盘
2180,11:23:39,41.51,16607,4,卖盘
2181,11:23:42,41.51,20755,5,卖盘
2182,11:23:46,41.52,290634,70,买盘
2183,11:23:48,41.53,186847,45,买盘
2184,11:23:52,41.52,20760,5,卖盘
2185,11:23:55,41.53,24912,6,买盘
2186,11:23:57,41.51,37363,9,卖盘
2187,11:24:01,41.51,49812,12,卖盘
2188,11:24:03,41.53,332231,80,买盘
2189,11:24:07,41.55,382090,92,买盘
2190,11:24:12,41.55,66472,16,买盘
2191,11:24:16,41.53,29071,7,卖盘
2192,11:24:25,41.51,24906,6,卖盘
2193,11:24:28,41.51,70567,17,卖盘
2194,11:24:30,41.51,45655,11,买盘
2195,11:24:33,41.51,8302,2,买盘
2196,11:24:36,41.5,12450,3,卖盘
2197,11:24:40,41.5,29054,7,卖盘
2198,11:24:42,41.51,4151,1,买盘
2199,11:24:45,41.5,99600,24,卖盘
2200,11:24:48,41.5,112050,27,卖盘
2201,11:24:51,41.5,49806,12,卖盘
2202,11:24:54,41.5,29050,7,卖盘
2203,11:24:58,41.51,91322,22,买盘
2204,11:25:00,41.51,253205,61,买盘
2205,11:25:03,41.5,232402,56,卖盘
2206,11:25:07,41.51,103766,25,买盘
2207,11:25:09,41.5,45643,11,买盘
2208,11:25:12,41.49,74684,18,卖盘
2209,11:25:16,41.51,99614,24,买盘
2210,11:25:19,41.51,41511,10,卖盘
2211,11:25:21,41.51,16604,4,卖盘
2212,11:25:24,41.51,37359,9,卖盘
2213,11:25:27,41.51,278117,67,卖盘
2214,11:25:30,41.5,149389,36,买盘
2215,11:25:33,41.5,20747,5,买盘
2216,11:25:37,41.49,319545,77,卖盘
2217,11:25:39,41.49,261387,63,卖盘
2218,11:25:43,41.49,120334,29,卖盘
2219,11:25:45,41.5,120319,29,买盘
2220,11:25:48,41.49,8298,2,买盘
2221,11:25:51,41.49,45636,11,买盘
2222,11:25:57,41.47,887557,214,卖盘
2223,11:26:01,41.46,203246,49,卖盘
2224,11:26:03,41.48,45628,11,买盘
2225,11:26:06,41.46,240470,58,卖盘
2226,11:26:09,41.46,20730,5,卖盘
2227,11:26:12,41.47,74641,18,买盘
2228,11:26:16,41.47,16588,4,买盘
2229,11:26:18,41.47,240470,58,买盘
2230,11:26:21,41.47,33172,8,买盘
2231,11:26:24,41.47,78790,19,买盘
2232,11:26:30,41.46,16584,4,卖盘
2233,11:26:33,41.47,8294,2,买盘
2234,11:26:36,41.47,161718,39,买盘
2235,11:26:39,41.46,240477,58,卖盘
2236,11:26:46,41.46,99504,24,卖盘
2237,11:26:51,41.46,8292,2,卖盘
2238,11:26:54,41.46,24876,6,卖盘
2239,11:26:57,41.46,53898,13,卖盘
2240,11:27:01,41.46,16584,4,卖盘
2241,11:27:03,41.46,41460,10,卖盘
2242,11:27:07,41.46,70471,17,买盘
2243,11:27:12,41.46,228024,55,买盘
2244,11:27:15,41.47,24880,6,买盘
2245,11:27:21,41.46,74631,18,卖盘
2246,11:27:24,41.47,45609,11,买盘
2247,11:27:28,41.46,12438,3,卖盘
2248,11:27:30,41.47,170024,41,买盘
2249,11:27:33,41.46,223905,54,卖盘
2250,11:27:40,41.47,45608,11,买盘
2251,11:27:42,41.46,20727,5,买盘
2252,11:27:45,41.45,215551,52,卖盘
2253,11:27:48,41.46,87056,21,买盘
2254,11:27:51,41.46,244623,59,卖盘
2255,11:27:54,41.46,161696,39,卖盘
2256,11:27:57,41.45,684165,165,卖盘
2257,11:28:00,41.46,174120,42,中性盘
2258,11:28:03,41.45,182401,44,卖盘
2259,11:28:07,41.45,165768,40,买盘
2260,11:28:13,41.45,74610,18,买盘
2261,11:28:15,41.45,178235,43,卖盘
2262,11:28:18,41.47,29026,7,买盘
2263,11:28:21,41.45,37310,9,卖盘
2264,11:28:25,41.46,8292,2,买盘
2265,11:28:27,41.45,20729,5,卖盘
2266,11:28:36,41.46,16584,4,卖盘
2267,11:28:42,41.46,37314,9,卖盘
2268,11:28:48,41.46,4146,1,卖盘
2269,11:28:51,41.46,24876,6,卖盘
2270,11:29:01,41.46,111942,27,卖盘
2271,11:29:04,41.46,111942,27,卖盘
2272,11:29:06,41.46,16584,4,卖盘
2273,11:29:09,41.46,45606,11,卖盘
2274,11:29:12,41.46,24876,6,卖盘
2275,11:29:16,41.46,12438,3,卖盘
2276,11:29:19,41.46,29022,7,卖盘
2277,11:29:22,41.45,87063,21,卖盘
2278,11:29:25,41.46,24876,6,买盘
2279,11:29:28,41.47,8293,2,买盘
2280,11:29:30,41.47,33169,8,买盘
2281,11:29:33,41.46,20731,5,卖盘
2282,11:29:36,41.46,12438,3,卖盘
2283,11:29:40,41.47,8294,2,买盘
2284,11:29:42,41.46,16585,4,卖盘
2285,11:29:45,41.47,41462,10,买盘
2286,11:29:48,41.47,352551,85,买盘
2287,11:29:51,41.47,4147,1,卖盘
2288,11:29:54,41.47,16588,4,卖盘
2289,11:29:57,41.5,66400,16,买盘
2290,11:30:00,41.48,24890,6,卖盘
2291,13:00:00,41.51,45661,11,买盘
2292,13:00:03,41.51,195060,47,买盘
2293,13:00:06,41.52,303023,73,买盘
2294,13:00:09,41.52,622755,150,中性盘
2295,13:00:13,41.53,435918,105,买盘
2296,13:00:15,41.52,357040,86,卖盘
2297,13:00:18,41.51,116241,28,卖盘
2298,13:00:22,41.51,394322,95,卖盘
2299,13:00:25,41.47,842176,203,卖盘
2300,13:00:27,41.45,742300,179,卖盘
2301,13:00:31,41.49,539230,130,买盘
2302,13:00:34,41.47,306944,74,中性盘
2303,13:00:36,41.49,82966,20,买盘
2304,13:00:39,41.51,91291,22,买盘
2305,13:00:43,41.51,29045,7,买盘
2306,13:00:46,41.48,37347,9,卖盘
2307,13:00:48,41.48,186791,45,卖盘
2308,13:00:51,41.49,8299,2,中性盘
2309,13:00:55,41.51,49802,12,买盘
2310,13:00:57,41.5,62262,15,卖盘
2311,13:01:01,41.5,4150,1,卖盘
2312,13:01:04,41.53,240794,58,买盘
2313,13:01:06,41.54,3061470,737,买盘
2314,13:01:09,41.55,2525794,608,买盘
2315,13:01:13,41.56,752231,181,买盘
2316,13:01:16,41.56,187020,45,买盘
2317,13:01:19,41.57,95589,23,买盘
2318,13:01:22,41.57,585963,141,买盘
2319,13:01:25,41.53,403003,97,卖盘
2320,13:01:27,41.56,1017671,245,买盘
2321,13:01:30,41.57,353245,85,买盘
2322,13:01:33,41.57,527952,127,买盘
2323,13:01:36,41.6,336886,81,买盘
2324,13:01:39,41.59,178864,43,中性盘
2325,13:01:42,41.59,108139,26,卖盘
2326,13:01:45,41.6,37437,9,买盘
2327,13:01:49,41.59,8318,2,卖盘
2328,13:01:51,41.59,4159,1,卖盘
2329,13:01:55,41.59,12477,3,卖盘
2330,13:01:57,41.59,4159,1,卖盘
2331,13:02:00,41.59,20796,5,卖盘
2332,13:02:03,41.59,124768,30,卖盘
2333,13:02:06,41.57,87302,21,卖盘
2334,13:02:09,41.57,58210,14,卖盘
2335,13:02:12,41.58,12472,3,中性盘
2336,13:02:16,41.57,78988,19,卖盘
2337,13:02:19,41.57,112243,27,卖盘
2338,13:02:22,41.58,137210,33,买盘
2339,13:02:25,41.59,95643,23,买盘
2340,13:02:27,41.57,62361,15,卖盘
2341,13:02:30,41.55,4155,1,卖盘
2342,13:02:34,41.55,4155,1,卖盘
2343,13:02:36,41.55,37399,9,卖盘
2344,13:02:39,41.55,8310,2,卖盘
2345,13:02:42,41.56,29092,7,买盘
2346,13:02:46,41.56,166236,40,卖盘
2347,13:02:49,41.56,12469,3,卖盘
2348,13:02:54,41.55,103888,25,卖盘
2349,13:02:57,41.56,41564,10,买盘
2350,13:03:00,41.56,4156,1,卖盘
2351,13:03:03,41.57,153806,37,买盘
2352,13:03:07,41.58,166266,40,买盘
2353,13:03:09,41.59,112284,27,买盘
2354,13:03:12,41.58,12474,3,卖盘
2355,13:03:15,41.58,4158,1,卖盘
2356,13:03:19,41.58,20790,5,卖盘
2357,13:03:22,41.58,20790,5,卖盘
2358,13:03:25,41.58,12474,3,卖盘
2359,13:03:27,41.56,45737,11,卖盘
2360,13:03:30,41.56,20786,5,卖盘
2361,13:03:33,41.56,4156,1,卖盘
2362,13:03:36,41.56,4156,1,卖盘
2363,13:03:40,41.56,20780,5,卖盘
2364,13:03:42,41.56,20781,5,卖盘
2365,13:03:45,41.56,4156,1,卖盘
2366,13:03:49,41.56,41564,10,卖盘
2367,13:03:51,41.56,8312,2,卖盘
2368,13:03:55,41.57,12470,3,买盘
2369,13:03:57,41.57,24942,6,买盘
2370,13:04:01,41.56,4156,1,卖盘
2371,13:04:04,41.57,70669,17,买盘
2372,13:04:07,41.58,87297,21,买盘
2373,13:04:09,41.59,299386,72,买盘
2374,13:04:13,41.6,707064,170,买盘
2375,13:04:16,41.61,257941,62,买盘
2376,13:04:19,41.62,399554,96,买盘
2377,13:04:22,41.63,16651,4,买盘
2378,13:04:24,41.63,20814,5,买盘
2379,13:04:27,41.64,133222,32,买盘
2380,13:04:30,41.65,266553,64,买盘
2381,13:04:33,41.64,316538,76,卖盘
2382,13:04:36,41.64,403919,97,卖盘
2383,13:04:40,41.67,1079080,259,买盘
2384,13:04:42,41.68,308429,74,买盘
2385,13:04:45,41.68,591831,142,买盘
2386,13:04:48,41.68,716896,172,买盘
2387,13:04:51,41.68,129201,31,买盘
2388,13:04:54,41.68,75040,18,卖盘
2389,13:04:58,41.69,1984442,476,买盘
2390,13:05:00,41.69,642161,154,卖盘
2391,13:05:03,41.68,245999,59,卖盘
2392,13:05:06,41.69,33355,8,中性盘
2393,13:05:09,41.69,45860,11,买盘
2394,13:05:12,41.68,16675,4,卖盘
2395,13:05:15,41.69,58359,14,买盘
2396,13:05:19,41.7,742159,178,买盘
2397,13:05:22,41.69,1751328,420,中性盘
2398,13:05:25,41.7,450339,108,买盘
2399,13:05:27,41.69,658833,158,卖盘
2400,13:05:31,41.69,233464,56,买盘
2401,13:05:33,41.69,137571,33,买盘
2402,13:05:37,41.7,829643,199,买盘
2403,13:05:39,41.69,221002,53,卖盘
2404,13:05:43,41.7,300303,72,买盘
2405,13:05:46,41.69,137624,33,卖盘
2406,13:05:49,41.69,25016,6,卖盘
2407,13:05:52,41.67,62531,15,卖盘
2408,13:05:55,41.67,16668,4,卖盘
2409,13:05:58,41.66,29160,7,买盘
2410,13:06:01,41.65,4165,1,卖盘
2411,13:06:03,41.66,20827,5,买盘
2412,13:06:06,41.65,49990,12,卖盘
2413,13:06:09,41.66,45816,11,买盘
2414,13:06:13,41.65,4165,1,卖盘
2415,13:06:15,41.65,112472,27,卖盘
2416,13:06:18,41.65,8330,2,卖盘
2417,13:06:22,41.65,37486,9,卖盘
2418,13:06:25,41.65,24994,6,卖盘
2419,13:06:28,41.63,29151,7,卖盘
2420,13:06:31,41.65,4165,1,买盘
2421,13:06:33,41.62,49955,12,卖盘
2422,13:06:37,41.62,12486,3,卖盘
2423,13:06:40,41.63,33293,8,买盘
2424,13:06:43,41.63,37466,9,买盘
2425,13:06:45,41.62,45788,11,卖盘
2426,13:06:48,41.62,33296,8,卖盘
2427,13:06:52,41.61,29127,7,卖盘
2428,13:06:54,41.61,12483,3,卖盘
2429,13:06:57,41.62,54093,13,买盘
2430,13:07:00,41.61,4161,1,卖盘
2431,13:07:03,41.61,24962,6,中性盘
2432,13:07:06,41.61,29127,7,卖盘
2433,13:07:09,41.61,4161,1,卖盘
2434,13:07:12,41.61,74910,18,卖盘
2435,13:07:15,41.61,112347,27,卖盘
2436,13:07:19,41.61,20805,5,卖盘
2437,13:07:22,41.61,199753,48,中性盘
2438,13:07:25,41.62,91552,22,买盘
2439,13:07:28,41.62,233071,56,买盘
2440,13:07:30,41.63,154019,37,买盘
2441,13:07:33,41.62,212314,51,卖盘
2442,13:07:37,41.65,62475,15,买盘
2443,13:07:39,41.65,258230,62,买盘
2444,13:07:43,41.65,54143,13,买盘
2445,13:07:45,41.65,41656,10,卖盘
2446,13:07:48,41.66,20829,5,买盘
2447,13:07:51,41.66,174990,42,买盘
2448,13:07:55,41.66,116662,28,卖盘
2449,13:07:58,41.67,62505,15,买盘
2450,13:08:00,41.68,70852,17,买盘
2451,13:08:04,41.68,370859,89,买盘
2452,13:08:06,41.68,158404,38,买盘
2453,13:08:09,41.69,108408,26,买盘
2454,13:08:12,41.7,4170,1,买盘
2455,13:08:15,41.69,20845,5,卖盘
2456,13:08:19,41.69,20845,5,卖盘
2457,13:08:22,41.68,116710,28,卖盘
2458,13:08:24,41.68,75029,18,买盘
2459,13:08:27,41.68,83350,20,卖盘
2460,13:08:30,41.69,33352,8,买盘
2461,13:08:33,41.68,558612,134,卖盘
2462,13:08:37,41.68,62534,15,卖盘
2463,13:08:40,41.68,154216,37,卖盘
2464,13:08:42,41.69,316837,76,买盘
2465,13:08:46,41.69,254265,61,卖盘
2466,13:08:49,41.68,25001,6,中性盘
2467,13:08:52,41.67,16670,4,卖盘
2468,13:08:55,41.67,8334,2,卖盘
2469,13:08:58,41.67,29169,7,卖盘
2470,13:09:00,41.67,58335,14,卖盘
2471,13:09:04,41.68,83357,20,买盘
2472,13:09:06,41.67,8334,2,卖盘
2473,13:09:09,41.67,8334,2,卖盘
2474,13:09:12,41.67,8334,2,卖盘
2475,13:09:16,41.67,95841,23,卖盘
2476,13:09:22,41.65,208283,50,卖盘
2477,13:09:24,41.66,45820,11,买盘
2478,13:09:28,41.64,187421,45,卖盘
2479,13:09:30,41.63,8327,2,卖盘
2480,13:09:33,41.64,16656,4,买盘
2481,13:09:36,41.64,24984,6,买盘
2482,13:09:39,41.65,33318,8,买盘
2483,13:09:42,41.64,62462,15,卖盘
2484,13:09:49,41.64,249897,60,卖盘
2485,13:09:52,41.64,179053,43,卖盘
2486,13:09:54,41.63,8326,2,卖盘
2487,13:10:00,41.63,16653,4,卖盘
2488,13:10:03,41.64,116570,28,买盘
2489,13:10:06,41.63,37467,9,卖盘
2490,13:10:10,41.63,79097,19,卖盘
2491,13:10:12,41.62,41630,10,卖盘
2492,13:10:18,41.62,20810,5,卖盘
2493,13:10:22,41.62,8324,2,卖盘
2494,13:10:24,41.62,16651,4,卖盘
2495,13:10:28,41.62,58280,14,卖盘
2496,13:10:31,41.62,74916,18,卖盘
2497,13:10:33,41.61,29131,7,卖盘
2498,13:10:36,41.61,8322,2,卖盘
2499,13:10:40,41.61,4161,1,卖盘
2500,13:10:43,41.61,20805,5,卖盘
2501,13:10:46,41.6,208050,50,卖盘
2502,13:10:52,41.61,49930,12,买盘
2503,13:10:55,41.61,20803,5,买盘
2504,13:10:57,41.61,8322,2,买盘
2505,13:11:01,41.6,66562,16,卖盘
2506,13:11:03,41.6,95689,23,卖盘
2507,13:11:06,41.6,66560,16,卖盘
2508,13:11:09,41.6,108151,26,买盘
2509,13:11:12,41.57,33262,8,卖盘
2510,13:11:16,41.58,37423,9,中性盘
2511,13:11:19,41.57,41570,10,卖盘
2512,13:11:22,41.57,16628,4,卖盘
2513,13:11:24,41.57,16628,4,卖盘
2514,13:11:27,41.57,20785,5,卖盘
2515,13:11:31,41.57,8314,2,卖盘
2516,13:11:33,41.57,24942,6,卖盘
2517,13:11:36,41.57,29097,7,买盘
2518,13:11:40,41.57,45717,11,买盘
2519,13:11:43,41.56,91416,22,中性盘
2520,13:11:46,41.55,33246,8,卖盘
2521,13:11:48,41.57,24937,6,买盘
2522,13:11:54,41.55,12465,3,卖盘
2523,13:11:57,41.56,58174,14,买盘
2524,13:12:00,41.56,132965,32,卖盘
2525,13:12:04,41.55,54023,13,卖盘
2526,13:12:06,41.55,83100,20,卖盘
2527,13:12:09,41.55,37395,9,卖盘
2528,13:12:13,41.55,12463,3,中性盘
2529,13:12:15,41.55,66480,16,买盘
2530,13:12:21,41.54,24924,6,卖盘
2531,13:12:25,41.55,29085,7,买盘
2532,13:12:27,41.56,166238,40,买盘
2533,13:12:31,41.56,324258,78,买盘
2534,13:12:33,41.59,54066,13,买盘
2535,13:12:37,41.59,103996,25,卖盘
2536,13:12:40,41.59,141437,34,卖盘
2537,13:12:43,41.6,153920,37,买盘
2538,13:12:46,41.58,332721,80,卖盘
2539,13:12:49,41.59,141406,34,买盘
2540,13:12:52,41.59,577894,139,买盘
2541,13:12:54,41.59,203816,49,买盘
2542,13:12:57,41.56,282712,68,卖盘
2543,13:13:01,41.54,162066,39,卖盘
2544,13:13:03,41.53,4153,1,卖盘
2545,13:13:07,41.57,95604,23,买盘
2546,13:13:10,41.53,8306,2,卖盘
2547,13:13:13,41.54,8309,2,卖盘
2548,13:13:16,41.54,8308,2,卖盘
2549,13:13:19,41.53,54000,13,卖盘
2550,13:13:22,41.53,452631,109,卖盘
2551,13:13:25,41.56,54015,13,买盘
2552,13:13:27,41.53,66439,16,买盘
2553,13:13:31,41.53,145353,35,买盘
2554,13:13:34,41.53,340542,82,买盘
2555,13:13:36,41.55,41543,10,买盘
2556,13:13:40,41.56,8312,2,买盘
2557,13:13:46,41.56,112192,27,买盘
2558,13:13:48,41.55,33247,8,卖盘
2559,13:13:52,41.55,37402,9,卖盘
2560,13:13:54,41.56,24936,6,买盘
2561,13:13:57,41.55,74793,18,卖盘
2562,13:14:01,41.54,8309,2,卖盘
2563,13:14:03,41.55,87268,21,中性盘
2564,13:14:07,41.56,37404,9,买盘
2565,13:14:09,41.57,24940,6,买盘
2566,13:14:13,41.57,37413,9,买盘
2567,13:14:18,41.57,24944,6,买盘
2568,13:14:21,41.58,157974,38,买盘
2569,13:14:25,41.58,12474,3,买盘
2570,13:14:28,41.58,162160,39,卖盘
2571,13:14:30,41.59,20792,5,买盘
2572,13:14:34,41.58,8316,2,买盘
2573,13:14:36,41.57,41570,10,卖盘
2574,13:14:43,41.58,33260,8,买盘
2575,13:14:48,41.57,16628,4,卖盘
2576,13:14:52,41.58,33264,8,买盘
2577,13:14:54,41.57,12471,3,卖盘
2578,13:14:58,41.58,24944,6,买盘
2579,13:15:00,41.57,29099,7,卖盘
2580,13:15:04,41.58,594491,143,买盘
2581,13:15:07,41.58,108105,26,买盘
2582,13:15:09,41.58,29104,7,买盘
2583,13:15:13,41.57,49884,12,卖盘
2584,13:15:16,41.55,116367,28,卖盘
2585,13:15:19,41.57,37400,9,买盘
2586,13:15:22,41.56,29089,7,买盘
2587,13:15:24,41.55,16620,4,卖盘
2588,13:15:28,41.55,33240,8,卖盘
2589,13:15:31,41.55,33240,8,卖盘
2590,13:15:33,41.55,16620,4,卖盘
2591,13:15:36,41.55,74779,18,卖盘
2592,13:15:40,41.53,66470,16,卖盘
2593,13:15:45,41.54,78941,19,买盘
2594,13:15:49,41.55,24933,6,中性盘
2595,13:15:55,41.56,12470,3,卖盘
2596,13:15:57,41.54,54018,13,卖盘
2597,13:16:04,41.55,12465,3,中性盘
2598,13:16:07,41.56,70663,17,买盘
2599,13:16:10,41.56,87276,21,买盘
2600,13:16:12,41.58,20790,5,买盘
2601,13:16:16,41.58,20788,5,买盘
2602,13:16:18,41.57,74826,18,卖盘
2603,13:16:24,41.56,20780,5,卖盘
2604,13:16:27,41.55,394728,95,卖盘
2605,13:16:30,41.55,12465,3,卖盘
2606,13:16:34,41.56,66507,16,买盘
2607,13:16:37,41.56,4156,1,中性盘
2608,13:16:43,41.55,58183,14,卖盘
2609,13:16:45,41.55,20776,5,卖盘
2610,13:16:49,41.55,24930,6,卖盘
2611,13:16:52,41.54,16617,4,卖盘
2612,13:16:55,41.54,8308,2,卖盘
2613,13:17:00,41.54,12462,3,卖盘
2614,13:17:03,41.54,8308,2,卖盘
2615,13:17:06,41.54,37386,9,卖盘
2616,13:17:10,41.54,20772,5,卖盘
2617,13:17:12,41.51,514912,124,卖盘
2618,13:17:15,41.52,45667,11,买盘
2619,13:17:18,41.52,33214,8,买盘
2620,13:17:21,41.52,83055,20,买盘
2621,13:17:24,41.52,41520,10,卖盘
2622,13:17:28,41.52,12456,3,卖盘
2623,13:17:31,41.52,12456,3,卖盘
2624,13:17:34,41.51,315496,76,卖盘
2625,13:17:36,41.53,66444,16,买盘
2626,13:17:40,41.52,20762,5,中性盘
2627,13:17:42,41.52,49824,12,卖盘
2628,13:17:46,41.51,24906,6,卖盘
2629,13:17:48,41.51,83020,20,卖盘
2630,13:17:52,41.51,16604,4,卖盘
2631,13:17:54,41.51,257362,62,卖盘
2632,13:17:57,41.51,49812,12,买盘
2633,13:18:00,41.51,95451,23,买盘
2634,13:18:04,41.51,170191,41,买盘
2635,13:18:07,41.5,618431,149,卖盘
2636,13:18:10,41.52,8304,2,买盘
2637,13:18:13,41.52,103799,25,买盘
2638,13:18:15,41.52,58128,14,买盘
2639,13:18:18,41.53,124590,30,买盘
2640,13:18:21,41.54,195256,47,买盘
2641,13:18:24,41.54,4154,1,买盘
2642,13:18:28,41.55,49859,12,买盘
2643,13:18:31,41.55,4155,1,中性盘
2644,13:18:34,41.55,91421,22,卖盘
2645,13:18:36,41.55,8311,2,卖盘
2646,13:18:39,41.56,8312,2,买盘
2647,13:18:43,41.56,20780,5,买盘
2648,13:18:45,41.56,16627,4,卖盘
2649,13:18:51,41.58,45737,11,买盘
2650,13:18:55,41.57,4157,1,卖盘
2651,13:18:57,41.57,178751,43,卖盘
2652,13:19:00,41.56,49883,12,卖盘
2653,13:19:04,41.56,37409,9,卖盘
2654,13:19:07,41.56,116368,28,卖盘
2655,13:19:09,41.57,153778,37,买盘
2656,13:19:12,41.55,20776,5,卖盘
2657,13:19:16,41.56,4156,1,买盘
2658,13:19:21,41.56,4156,1,买盘
2659,13:19:27,41.55,20775,5,卖盘
2660,13:19:31,41.56,4156,1,买盘
2661,13:19:34,41.56,45706,11,买盘
2662,13:19:37,41.56,4156,1,买盘
2663,13:19:39,41.56,78955,19,买盘
2664,13:19:42,41.56,12468,3,买盘
2665,13:19:45,41.56,49871,12,买盘
2666,13:19:51,41.56,45716,11,卖盘
2667,13:19:55,41.56,20782,5,卖盘
2668,13:19:58,41.56,74808,18,卖盘
2669,13:20:00,41.56,49874,12,买盘
2670,13:20:04,41.56,4156,1,买盘
2671,13:20:07,41.56,41564,10,卖盘
2672,13:20:10,41.54,473611,114,卖盘
2673,13:20:13,41.54,224334,54,卖盘
2674,13:20:16,41.55,91418,22,买盘
2675,13:20:18,41.55,87261,21,中性盘
2676,13:20:21,41.56,145428,35,买盘
2677,13:20:24,41.54,4154,1,卖盘
2678,13:20:28,41.56,99717,24,买盘
2679,13:20:31,41.54,24924,6,卖盘
2680,13:20:34,41.53,12461,3,卖盘
2681,13:20:37,41.53,12459,3,卖盘
2682,13:20:40,41.53,33231,8,卖盘
2683,13:20:42,41.53,12461,3,卖盘
2684,13:20:45,41.53,33224,8,卖盘
2685,13:20:48,41.53,83063,20,卖盘
2686,13:20:51,41.53,49836,12,卖盘
2687,13:20:57,41.54,41540,10,买盘
2688,13:21:00,41.53,103829,25,卖盘
2689,13:21:04,41.54,29075,7,买盘
2690,13:21:07,41.54,8308,2,买盘
2691,13:21:10,41.54,37386,9,买盘
2692,13:21:13,41.54,8308,2,买盘
2693,13:21:16,41.53,16614,4,卖盘
2694,13:21:19,41.54,12461,3,买盘
2695,13:21:21,41.54,12462,3,买盘
2696,13:21:25,41.54,20767,5,买盘
2697,13:21:28,41.53,41537,10,卖盘
2698,13:21:31,41.55,16619,4,买盘
2699,13:21:34,41.54,4154,1,卖盘
2700,13:21:36,41.54,16616,4,卖盘
2701,13:21:40,41.54,49852,12,卖盘
2702,13:21:42,41.54,37381,9,买盘
2703,13:21:46,41.54,8308,2,买盘
2704,13:21:48,41.55,49860,12,买盘
2705,13:21:52,41.55,62321,15,买盘
2706,13:21:55,41.53,386246,93,卖盘
2707,13:21:58,41.55,278358,67,买盘
2708,13:22:00,41.55,33230,8,买盘
2709,13:22:03,41.56,45713,11,买盘
2710,13:22:07,41.53,24925,6,卖盘
2711,13:22:09,41.55,153699,37,买盘
2712,13:22:13,41.53,494422,119,卖盘
2713,13:22:16,41.54,87246,21,买盘
2714,13:22:18,41.54,282504,68,买盘
2715,13:22:21,41.53,87236,21,卖盘
2716,13:22:24,41.54,12462,3,中性盘
2717,13:22:28,41.54,53998,13,买盘
2718,13:22:30,41.55,16620,4,买盘
2719,13:22:36,41.54,132928,32,卖盘
2720,13:22:39,41.53,95520,23,卖盘
2721,13:22:43,41.53,20765,5,买盘
2722,13:22:45,41.53,8306,2,买盘
2723,13:22:48,41.53,170271,41,买盘
2724,13:22:51,41.53,66448,16,买盘
2725,13:22:54,41.53,53990,13,卖盘
2726,13:22:57,41.54,45694,11,买盘
2727,13:23:00,41.53,91385,22,卖盘
2728,13:23:04,41.54,16616,4,买盘
2729,13:23:06,41.53,70603,17,卖盘
2730,13:23:09,41.54,103850,25,买盘
2731,13:23:13,41.54,24924,6,买盘
2732,13:23:16,41.54,12461,3,买盘
2733,13:23:18,41.54,203511,49,买盘
2734,13:23:21,41.54,124620,30,买盘
2735,13:23:25,41.54,319926,77,卖盘
2736,13:23:27,41.57,1329694,320,买盘
2737,13:23:30,41.56,361723,87,卖盘
2738,13:23:34,41.59,137232,33,买盘
2739,13:23:37,41.58,187134,45,卖盘
2740,13:23:40,41.59,141429,34,买盘
2741,13:23:43,41.6,108158,26,买盘
2742,13:23:45,41.59,474128,114,卖盘
2743,13:23:49,41.59,137267,33,买盘
2744,13:23:51,41.6,91519,22,买盘
2745,13:23:55,41.58,12476,3,卖盘
2746,13:23:58,41.58,357666,86,卖盘
2747,13:24:04,41.59,16634,4,买盘
2748,13:24:07,41.58,4158,1,买盘
2749,13:24:09,41.58,24945,6,买盘
2750,13:24:12,41.59,99809,24,买盘
2751,13:24:16,41.59,8318,2,买盘
2752,13:24:18,41.58,79009,19,卖盘
2753,13:24:25,41.57,12471,3,卖盘
2754,13:24:28,41.58,16632,4,买盘
2755,13:24:30,41.57,45727,11,卖盘
2756,13:24:34,41.57,12471,3,卖盘
2757,13:24:37,41.56,29096,7,卖盘
2758,13:24:39,41.58,24948,6,买盘
2759,13:24:42,41.57,29098,7,中性盘
2760,13:24:46,41.56,62344,15,卖盘
2761,13:24:48,41.57,29099,7,买盘
2762,13:24:51,41.57,137181,33,卖盘
2763,13:24:54,41.56,112221,27,卖盘
2764,13:24:58,41.56,78964,19,买盘
2765,13:25:01,41.55,16621,4,卖盘
2766,13:25:03,41.56,41560,10,买盘
2767,13:25:09,41.57,58198,14,买盘
2768,13:25:18,41.57,24939,6,买盘
2769,13:25:22,41.56,37404,9,卖盘
2770,13:25:25,41.56,16624,4,卖盘
2771,13:25:27,41.57,108082,26,买盘
2772,13:25:30,41.57,41570,10,买盘
2773,13:25:33,41.57,37413,9,买盘
2774,13:25:36,41.56,62342,15,卖盘
2775,13:25:40,41.56,70661,17,卖盘
2776,13:25:45,41.56,16624,4,卖盘
2777,13:25:48,41.56,41567,10,卖盘
2778,13:25:51,41.57,16626,4,买盘
2779,13:25:55,41.56,37404,9,卖盘
2780,13:25:58,41.55,187016,45,卖盘
2781,13:26:01,41.56,29092,7,买盘
2782,13:26:04,41.56,87266,21,买盘
2783,13:26:07,41.58,744129,179,买盘
2784,13:26:09,41.6,116446,28,买盘
2785,13:26:13,41.6,295355,71,买盘
2786,13:26:15,41.61,253762,61,买盘
2787,13:26:19,41.61,174762,42,买盘
2788,13:26:22,41.61,12482,3,买盘
2789,13:26:25,41.62,104050,25,买盘
2790,13:26:28,41.62,129022,31,买盘
2791,13:26:30,41.62,70754,17,买盘
2792,13:26:33,41.64,66611,16,买盘
2793,13:26:36,41.64,8328,2,买盘
2794,13:26:40,41.62,628511,151,卖盘
2795,13:26:43,41.64,112415,27,买盘
2796,13:26:45,41.61,594959,143,卖盘
2797,13:26:48,41.64,233121,56,买盘
2798,13:26:51,41.61,37449,9,卖盘
2799,13:26:55,41.62,8324,2,买盘
2800,13:26:57,41.61,58267,14,卖盘
2801,13:27:01,41.62,37458,9,买盘
2802,13:27:04,41.63,237198,57,买盘
2803,13:27:07,41.62,24974,6,卖盘
2804,13:27:16,41.62,74916,18,卖盘
2805,13:27:19,41.62,4162,1,卖盘
2806,13:27:22,41.62,99888,24,卖盘
2807,13:27:25,41.63,24978,6,买盘
2808,13:27:30,41.62,37466,9,卖盘
2809,13:27:33,41.62,145691,35,卖盘
2810,13:27:36,41.62,49946,12,卖盘
2811,13:27:42,41.63,124885,30,买盘
2812,13:27:45,41.63,41622,10,买盘
2813,13:27:49,41.62,24972,6,卖盘
2814,13:27:52,41.62,16648,4,卖盘
2815,13:27:55,41.62,8324,2,卖盘
2816,13:27:58,41.63,8326,2,买盘
2817,13:28:01,41.61,112370,27,卖盘
2818,13:28:03,41.63,29135,7,买盘
2819,13:28:06,41.62,4162,1,中性盘
2820,13:28:09,41.62,45774,11,买盘
2821,13:28:12,41.67,1482830,356,买盘
2822,13:28:15,41.68,416764,100,买盘
2823,13:28:19,41.68,112517,27,卖盘
2824,13:28:21,41.68,137544,33,卖盘
2825,13:28:25,41.68,58351,14,买盘
2826,13:28:28,41.68,37512,9,卖盘
2827,13:28:31,41.66,504205,121,卖盘
2828,13:28:34,41.66,87485,21,买盘
2829,13:28:39,41.64,12492,3,卖盘
2830,13:28:43,41.64,54132,13,中性盘
2831,13:28:45,41.64,12492,3,买盘
2832,13:28:48,41.63,20815,5,卖盘
2833,13:28:51,41.63,179040,43,卖盘
2834,13:28:58,41.62,16648,4,卖盘
2835,13:29:01,41.63,87423,21,买盘
2836,13:29:06,41.62,166477,40,卖盘
2837,13:29:09,41.62,12486,3,卖盘
2838,13:29:13,41.61,287110,69,卖盘
2839,13:29:15,41.59,45763,11,卖盘
2840,13:29:19,41.62,91563,22,买盘
2841,13:29:21,41.62,16648,4,买盘
2842,13:29:25,41.6,29126,7,卖盘
2843,13:29:27,41.6,24961,6,卖盘
2844,13:29:30,41.61,12485,3,中性盘
2845,13:29:33,41.62,12486,3,买盘
2846,13:29:37,41.6,79040,19,卖盘
2847,13:29:39,41.6,12481,3,卖盘
2848,13:29:42,41.61,120669,29,买盘
2849,13:29:45,41.6,12480,3,卖盘
2850,13:29:48,41.6,4160,1,卖盘
2851,13:29:51,41.61,8321,2,中性盘
2852,13:29:55,41.61,79058,19,买盘
2853,13:30:01,41.6,8321,2,卖盘
2854,13:30:04,41.61,54092,13,买盘
2855,13:30:07,41.61,24966,6,买盘
2856,13:30:10,41.61,33284,8,买盘
2857,13:30:13,41.61,87381,21,买盘
2858,13:30:15,41.62,66592,16,买盘
2859,13:30:19,41.63,24974,6,买盘
2860,13:30:22,41.63,154022,37,买盘
2861,13:30:25,41.62,137365,33,卖盘
2862,13:30:28,41.62,49944,12,买盘
2863,13:30:30,41.6,249687,60,卖盘
2864,13:30:37,41.6,328667,79,卖盘
2865,13:30:40,41.6,58240,14,卖盘
2866,13:30:43,41.59,66567,16,卖盘
2867,13:30:46,41.6,29115,7,买盘
2868,13:30:48,41.6,58239,14,买盘
2869,13:30:52,41.59,33268,8,卖盘
2870,13:30:55,41.59,33274,8,中性盘
2871,13:30:58,41.59,4159,1,买盘
2872,13:31:01,41.59,83174,20,买盘
2873,13:31:04,41.6,45755,11,买盘
2874,13:31:06,41.6,191360,46,买盘
2875,13:31:09,41.6,112320,27,买盘
2876,13:31:12,41.6,407700,98,卖盘
2877,13:31:15,41.62,58268,14,买盘
2878,13:31:19,41.61,16644,4,卖盘
2879,13:31:21,41.61,4161,1,卖盘
2880,13:31:27,41.61,58261,14,卖盘
2881,13:31:30,41.61,62425,15,卖盘
2882,13:31:34,41.62,120684,29,买盘
2883,13:31:37,41.61,170606,41,卖盘
2884,13:31:40,41.61,37449,9,买盘
2885,13:31:43,41.61,291219,70,卖盘
2886,13:31:45,41.61,29135,7,卖盘
2887,13:31:48,41.61,4161,1,买盘
2888,13:31:52,41.6,16640,4,卖盘
2889,13:31:55,41.61,8322,2,买盘
2890,13:31:57,41.61,91540,22,买盘
2891,13:32:00,41.58,128945,31,卖盘
2892,13:32:06,41.57,37416,9,卖盘
2893,13:32:09,41.59,187054,45,买盘
2894,13:32:13,41.55,112185,27,卖盘
2895,13:32:16,41.56,4156,1,中性盘
2896,13:32:21,41.56,29093,7,卖盘
2897,13:32:28,41.55,91424,22,卖盘
2898,13:32:30,41.55,54015,13,卖盘
2899,13:32:34,41.55,54016,13,卖盘
2900,13:32:37,41.55,99717,24,卖盘
2901,13:32:40,41.54,174501,42,卖盘
2902,13:32:42,41.54,49848,12,买盘
2903,13:32:51,41.54,20770,5,卖盘
2904,13:32:57,41.54,8308,2,卖盘
2905,13:33:01,41.54,157852,38,卖盘
2906,13:33:07,41.53,228420,55,卖盘
2907,13:33:10,41.54,49843,12,买盘
2908,13:33:12,41.53,116286,28,卖盘
2909,13:33:15,41.53,20765,5,卖盘
2910,13:33:18,41.52,141173,34,卖盘
2911,13:33:21,41.52,20763,5,中性盘
2912,13:33:25,41.52,37373,9,卖盘
2913,13:33:28,41.53,112128,27,买盘
2914,13:33:31,41.52,83042,20,卖盘
2915,13:33:33,41.53,87195,21,买盘
2916,13:33:37,41.52,95500,23,中性盘
2917,13:33:40,41.51,356987,86,卖盘
2918,13:33:43,41.55,1515370,365,买盘
2919,13:33:46,41.56,772953,186,买盘
2920,13:33:49,41.56,24932,6,买盘
2921,13:33:52,41.58,137180,33,买盘
2922,13:33:55,41.58,8312,2,买盘
2923,13:33:58,41.58,37422,9,买盘
2924,13:34:01,41.56,24938,6,中性盘
2925,13:34:03,41.54,128812,31,卖盘
2926,13:34:07,41.58,54054,13,买盘
2927,13:34:10,41.54,20771,5,卖盘
2928,13:34:12,41.53,112161,27,卖盘
2929,13:34:15,41.55,41550,10,买盘
2930,13:34:18,41.54,4154,1,卖盘
2931,13:34:22,41.54,278581,67,卖盘
2932,13:34:25,41.54,20788,5,卖盘
2933,13:34:28,41.59,29111,7,买盘
2934,13:34:31,41.55,78954,19,卖盘
2935,13:34:33,41.6,45745,11,买盘
2936,13:34:39,41.55,49874,12,卖盘
2937,13:34:42,41.56,29091,7,中性盘
2938,13:34:45,41.57,20785,5,中性盘
2939,13:34:48,41.57,54043,13,卖盘
2940,13:34:51,41.58,598473,144,买盘
2941,13:34:58,41.55,20776,5,卖盘
2942,13:35:03,41.54,24924,6,卖盘
2943,13:35:06,41.55,83082,20,中性盘
2944,13:35:10,41.54,182776,44,卖盘
2945,13:35:12,41.55,12463,3,中性盘
2946,13:35:16,41.54,8309,2,卖盘
2947,13:35:18,41.56,33243,8,买盘
2948,13:35:21,41.56,29082,7,买盘
2949,13:35:25,41.54,16616,4,卖盘
2950,13:35:28,41.56,83114,20,买盘
2951,13:35:30,41.55,33242,8,中性盘
2952,13:35:33,41.56,20780,5,买盘
2953,13:35:36,41.56,211956,51,买盘
2954,13:35:40,41.58,4158,1,买盘
2955,13:35:45,41.58,29106,7,买盘
2956,13:35:48,41.58,33264,8,卖盘
2957,13:35:55,41.59,83180,20,买盘
2958,13:35:58,41.58,16632,4,卖盘
2959,13:36:01,41.58,49906,12,卖盘
2960,13:36:07,41.58,24948,6,卖盘
2961,13:36:10,41.58,95654,23,卖盘
2962,13:36:12,41.58,8317,2,卖盘
2963,13:36:19,41.59,120597,29,买盘
2964,13:36:22,41.59,141406,34,买盘
2965,13:36:27,41.58,4158,1,中性盘
2966,13:36:31,41.58,4158,1,中性盘
2967,13:36:33,41.58,12474,3,卖盘
2968,13:36:36,41.57,16628,4,卖盘
2969,13:36:39,41.58,33264,8,卖盘
2970,13:36:42,41.57,20786,5,卖盘
2971,13:36:49,41.58,45738,11,买盘
2972,13:36:52,41.58,49896,12,买盘
2973,13:36:55,41.58,87318,21,卖盘
2974,13:37:03,41.58,16632,4,卖盘
2975,13:37:06,41.59,12477,3,买盘
2976,13:37:09,41.59,8318,2,买盘
2977,13:37:12,41.58,145561,35,卖盘
2978,13:37:18,41.58,232848,56,卖盘
2979,13:37:21,41.57,4157,1,卖盘
2980,13:37:25,41.57,54050,13,卖盘
2981,13:37:30,41.57,41573,10,卖盘
2982,13:37:34,41.57,20785,5,卖盘
2983,13:37:36,41.57,207850,50,卖盘
2984,13:37:39,41.58,33257,8,买盘
2985,13:37:42,41.56,24938,6,卖盘
2986,13:37:45,41.57,58195,14,买盘
2987,13:37:51,41.57,24942,6,卖盘
2988,13:37:55,41.56,8313,2,卖盘
2989,13:37:57,41.58,29106,7,买盘
2990,13:38:00,41.56,29092,7,卖盘
2991,13:38:03,41.56,486437,117,卖盘
2992,13:38:07,41.59,87339,21,买盘
2993,13:38:10,41.58,12476,3,卖盘
2994,13:38:13,41.58,178803,43,卖盘
2995,13:38:15,41.58,24951,6,卖盘
2996,13:38:18,41.59,54061,13,买盘
2997,13:38:21,41.61,1064998,256,买盘
2998,13:38:25,41.62,16648,4,买盘
2999,13:38:28,41.63,29139,7,买盘
3000,13:38:30,41.63,37466,9,买盘
3001,13:38:34,41.62,16648,4,卖盘
3002,13:38:37,41.63,45793,11,买盘
3003,13:38:42,41.62,24972,6,卖盘
3004,13:38:45,41.62,70755,17,卖盘
3005,13:38:49,41.62,20810,5,卖盘
3006,13:38:51,41.62,20810,5,卖盘
3007,13:38:55,41.62,70757,17,卖盘
3008,13:38:57,41.62,20808,5,中性盘
3009,13:39:01,41.61,4161,1,卖盘
3010,13:39:04,41.62,29130,7,买盘
3011,13:39:06,41.61,16645,4,卖盘
3012,13:39:12,41.6,33287,8,卖盘
3013,13:39:16,41.62,91559,22,买盘
3014,13:39:19,41.61,45766,11,买盘
3015,13:39:27,41.62,83223,20,买盘
3016,13:39:34,41.61,578245,139,卖盘
3017,13:39:36,41.6,24961,6,卖盘
3018,13:39:40,41.6,24964,6,卖盘
3019,13:39:42,41.6,33284,8,卖盘
3020,13:39:46,41.61,54093,13,买盘
3021,13:39:49,41.61,12485,3,卖盘
3022,13:39:52,41.61,29130,7,卖盘
3023,13:39:58,41.61,8322,2,卖盘
3024,13:40:01,41.61,87381,21,卖盘
3025,13:40:04,41.61,166439,40,买盘
3026,13:40:06,41.61,4161,1,中性盘
3027,13:40:10,41.61,79062,19,中性盘
3028,13:40:13,41.61,8322,2,卖盘
3029,13:40:15,41.61,79059,19,卖盘
3030,13:40:19,41.61,54096,13,卖盘
3031,13:40:25,41.62,45777,11,买盘
3032,13:40:27,41.62,4162,1,买盘
3033,13:40:34,41.61,20805,5,卖盘
3034,13:40:36,41.62,12486,3,买盘
3035,13:40:40,41.61,20805,5,卖盘
3036,13:40:42,41.61,16644,4,卖盘
3037,13:40:45,41.6,266253,64,卖盘
3038,13:40:48,41.62,108195,26,买盘
3039,13:40:51,41.62,45780,11,买盘
3040,13:40:55,41.61,166465,40,卖盘
3041,13:40:57,41.62,4162,1,买盘
3042,13:41:01,41.61,20808,5,卖盘
3043,13:41:04,41.61,16644,4,卖盘
3044,13:41:07,41.62,29134,7,买盘
3045,13:41:09,41.61,257999,62,卖盘
3046,13:41:12,41.62,66592,16,买盘
3047,13:41:15,41.62,99892,24,买盘
3048,13:41:19,41.62,16648,4,卖盘
3049,13:41:21,41.62,70756,17,卖盘
3050,13:41:25,41.62,4162,1,卖盘
3051,13:41:27,41.62,8324,2,卖盘
3052,13:41:30,41.62,16648,4,卖盘
3053,13:41:33,41.62,24973,6,卖盘
3054,13:41:36,41.62,12486,3,卖盘
3055,13:41:39,41.62,58271,14,卖盘
3056,13:41:42,41.62,8324,2,卖盘
3057,13:41:49,41.62,16648,4,卖盘
3058,13:41:51,41.63,4163,1,买盘
3059,13:41:57,41.63,41626,10,买盘
3060,13:42:00,41.63,58281,14,买盘
3061,13:42:03,41.63,29141,7,买盘
3062,13:42:07,41.64,437120,105,买盘
3063,13:42:10,41.63,83260,20,卖盘
3064,13:42:12,41.63,620296,149,卖盘
3065,13:42:16,41.63,345505,83,买盘
3066,13:42:19,41.62,16650,4,卖盘
3067,13:42:22,41.62,29134,7,卖盘
3068,13:42:25,41.62,162318,39,卖盘
3069,13:42:27,41.62,16648,4,卖盘
3070,13:42:31,41.61,49940,12,卖盘
3071,13:42:37,41.62,4162,1,买盘
3072,13:42:43,41.61,137313,33,卖盘
3073,13:42:45,41.6,104020,25,卖盘
3074,13:42:48,41.6,20800,5,卖盘
3075,13:42:51,41.6,20802,5,卖盘
3076,13:42:55,41.6,87360,21,卖盘
3077,13:42:57,41.6,62400,15,卖盘
3078,13:43:00,41.61,29123,7,买盘
3079,13:43:04,41.59,62398,15,卖盘
3080,13:43:13,41.59,112293,27,卖盘
3081,13:43:16,41.59,87339,21,卖盘
3082,13:43:19,41.59,49906,12,卖盘
3083,13:43:21,41.57,141334,34,卖盘
3084,13:43:25,41.58,12474,3,买盘
3085,13:43:27,41.58,8316,2,买盘
3086,13:43:30,41.56,24936,6,卖盘
3087,13:43:33,41.55,706390,170,卖盘
3088,13:43:36,41.55,149577,36,买盘
3089,13:43:39,41.55,153733,37,买盘
3090,13:43:42,41.54,153727,37,卖盘
3091,13:43:45,41.54,12462,3,卖盘
3092,13:43:48,41.55,278354,67,买盘
3093,13:43:52,41.54,83080,20,卖盘
3094,13:43:55,41.54,162007,39,卖盘
3095,13:44:01,41.53,170278,41,卖盘
3096,13:44:03,41.52,137047,33,卖盘
3097,13:44:06,41.53,195160,47,买盘
3098,13:44:10,41.5,809364,195,卖盘
3099,13:44:12,41.49,203332,49,卖盘
3100,13:44:16,41.49,136917,33,卖盘
3101,13:44:18,41.47,74661,18,卖盘
3102,13:44:22,41.48,182488,44,买盘
3103,13:44:25,41.46,452013,109,卖盘
3104,13:44:28,41.46,281901,68,买盘
3105,13:44:31,41.46,182394,44,买盘
3106,13:44:33,41.45,385584,93,卖盘
3107,13:44:36,41.45,310888,75,卖盘
3108,13:44:39,41.45,207216,50,买盘
3109,13:44:43,41.44,107760,26,卖盘
3110,13:44:45,41.44,269360,65,卖盘
3111,13:44:48,41.43,248605,60,卖盘
3112,13:44:51,41.43,136723,33,卖盘
3113,13:44:54,41.43,136716,33,卖盘
3114,13:44:57,41.43,4143,1,买盘
3115,13:45:00,41.42,194675,47,卖盘
3116,13:45:03,41.42,161540,39,卖盘
3117,13:45:06,41.41,480357,116,卖盘
3118,13:45:09,41.41,215372,52,卖盘
3119,13:45:12,41.4,3502454,846,卖盘
3120,13:45:15,41.39,66220,16,卖盘
3121,13:45:18,41.38,186217,45,卖盘
3122,13:45:21,41.38,413779,100,买盘
3123,13:45:25,41.38,82782,20,卖盘
3124,13:45:28,41.38,148980,36,卖盘
3125,13:45:30,41.38,227566,55,买盘
3126,13:45:34,41.37,24822,6,买盘
3127,13:45:36,41.36,103408,25,卖盘
3128,13:45:39,41.36,190226,46,买盘
3129,13:45:42,41.36,244018,59,买盘
3130,13:45:45,41.35,41354,10,卖盘
3131,13:45:48,41.35,1844809,446,卖盘
3132,13:45:51,41.35,492057,119,买盘
3133,13:45:55,41.35,62025,15,卖盘
3134,13:45:57,41.36,20676,5,买盘
3135,13:46:01,41.36,24811,6,买盘
3136,13:46:03,41.36,190198,46,买盘
3137,13:46:06,41.35,62026,15,卖盘
3138,13:46:09,41.34,243915,59,卖盘
