,成交时间,成交价格,成交金额,成交量,性质
0,09:25:01,42.4,2458903,580,买盘
1,09:30:01,42.47,394722,93,买盘
2,09:30:04,42.42,513325,121,中性盘
3,09:30:07,42.42,186836,44,卖盘
4,09:30:10,42.48,395107,93,中性盘
5,09:30:13,42.49,322880,76,中性盘
6,09:30:16,42.5,811249,191,买盘
7,09:30:19,42.5,229513,54,卖盘
8,09:30:22,42.53,692885,163,买盘
9,09:30:25,42.57,195667,46,中性盘
10,09:30:28,42.54,501694,118,卖盘
11,09:30:31,42.5,663215,156,卖盘
12,09:30:34,42.5,463232,109,卖盘
13,09:30:37,42.48,301650,71,卖盘
14,09:30:40,42.52,688283,162,买盘
15,09:30:43,42.45,394977,93,卖盘
16,09:30:46,42.45,1765893,416,买盘
17,09:30:49,42.52,2585849,609,买盘
18,09:30:52,42.53,289200,68,买盘
19,09:30:55,42.53,353078,83,卖盘
20,09:30:58,42.54,131872,31,中性盘
21,09:31:01,42.55,170216,40,买盘
22,09:31:04,42.55,234021,55,卖盘
23,09:31:07,42.58,348927,82,买盘
24,09:31:10,42.58,272493,64,买盘
25,09:31:13,42.58,238418,56,买盘
26,09:31:16,42.57,404460,95,卖盘
27,09:31:19,42.57,97924,23,买盘
28,09:31:22,42.59,634564,149,买盘
29,09:31:25,42.64,93792,22,买盘
30,09:31:28,42.64,93815,22,卖盘
31,09:31:31,42.65,409392,96,买盘
32,09:31:34,42.67,247362,58,买盘
33,09:31:37,42.69,1391430,326,买盘
34,09:31:40,42.69,644233,151,卖盘
35,09:31:43,42.67,750992,176,卖盘
36,09:31:46,42.61,59667,14,卖盘
37,09:31:49,42.61,225794,53,中性盘
38,09:31:52,42.61,170463,40,买盘
39,09:31:55,42.64,98051,23,买盘
40,09:31:58,42.64,93817,22,中性盘
41,09:32:01,42.66,102373,24,买盘
42,09:32:04,42.66,191928,45,买盘
43,09:32:07,42.61,80980,19,卖盘
44,09:32:10,42.63,264231,62,买盘
45,09:32:13,42.64,136384,32,买盘
46,09:32:16,42.64,55418,13,买盘
47,09:32:19,42.66,725147,170,买盘
48,09:32:22,42.65,46918,11,中性盘
49,09:32:25,42.71,683010,160,买盘
50,09:32:28,42.68,333082,78,卖盘
51,09:32:31,42.69,145137,34,中性盘
52,09:32:34,42.71,55498,13,买盘
53,09:32:37,42.7,59786,14,买盘
54,09:32:40,42.7,123819,29,买盘
55,09:32:43,42.7,213506,50,卖盘
56,09:32:46,42.71,25626,6,买盘
57,09:32:49,42.65,1558193,365,卖盘
58,09:32:52,42.65,277238,65,卖盘
59,09:32:55,42.65,409229,96,买盘
60,09:32:58,42.6,511202,120,卖盘
61,09:33:01,42.6,72409,17,买盘
62,09:33:04,42.61,839298,197,买盘
63,09:33:07,42.62,80969,19,买盘
64,09:33:10,42.62,106544,25,买盘
65,09:33:13,42.62,85252,20,卖盘
66,09:33:16,42.71,3963890,928,买盘
67,09:33:19,42.65,68261,16,卖盘
68,09:33:22,42.67,136602,32,中性盘
69,09:33:25,42.72,222026,52,买盘
70,09:33:28,42.72,320264,75,买盘
71,09:33:31,42.72,46990,11,买盘
72,09:33:34,42.72,29903,7,买盘
73,09:33:37,42.71,119603,28,卖盘
74,09:33:40,42.72,256268,60,买盘
75,09:33:43,42.75,427230,100,买盘
76,09:33:46,42.75,51309,12,卖盘
77,09:33:49,42.8,128373,30,买盘
78,09:33:52,42.78,273869,64,卖盘
79,09:33:55,42.78,385094,90,卖盘
80,09:33:58,42.79,359471,84,买盘
81,09:34:01,42.75,149543,35,中性盘
82,09:34:04,42.7,140912,33,卖盘
83,09:34:07,42.68,85377,20,卖盘
84,09:34:10,42.7,145137,34,买盘
85,09:34:13,42.68,349957,82,中性盘
86,09:34:16,42.68,170714,40,买盘
87,09:34:19,42.66,187762,44,卖盘
88,09:34:22,42.65,703797,165,卖盘
89,09:34:25,42.63,136492,32,卖盘
90,09:34:28,42.64,140738,33,中性盘
91,09:34:31,42.63,306985,72,卖盘
92,09:34:34,42.65,332607,78,中性盘
93,09:34:37,42.64,119429,28,卖盘
94,09:34:40,42.68,490800,115,买盘
95,09:34:43,42.69,123787,29,买盘
96,09:34:46,42.68,46955,11,卖盘
97,09:34:49,42.7,68300,16,买盘
98,09:34:52,42.69,102429,24,中性盘
99,09:34:55,42.67,85361,20,卖盘
100,09:34:58,42.67,204816,48,卖盘
101,09:35:01,42.66,520447,122,卖盘
102,09:35:04,42.67,115171,27,买盘
103,09:35:07,42.66,55452,13,中性盘
104,09:35:10,42.67,584206,137,买盘
105,09:35:13,42.7,311541,73,买盘
106,09:35:16,42.66,110951,26,卖盘
107,09:35:19,42.68,183503,43,卖盘
108,09:35:22,42.66,119423,28,中性盘
109,09:35:25,42.65,272877,64,买盘
110,09:35:28,42.62,516014,121,卖盘
111,09:35:31,42.58,1137255,267,卖盘
112,09:35:34,42.55,280908,66,卖盘
113,09:35:37,42.56,136232,32,中性盘
114,09:35:40,42.57,178818,42,中性盘
115,09:35:43,42.58,63880,15,中性盘
116,09:35:46,42.59,59634,14,中性盘
117,09:35:49,42.62,392094,92,买盘
118,09:35:52,42.62,144846,34,买盘
119,09:35:55,42.62,89474,21,买盘
120,09:35:58,42.62,59668,14,买盘
121,09:36:01,42.61,217347,51,卖盘
122,09:36:04,42.61,80972,19,卖盘
123,09:36:07,42.63,72487,17,买盘
124,09:36:10,42.65,59699,14,买盘
125,09:36:13,42.63,123628,29,卖盘
126,09:36:16,42.63,76740,18,卖盘
127,09:36:19,42.63,115101,27,卖盘
128,09:36:22,42.63,345328,81,卖盘
129,09:36:25,42.64,652379,153,买盘
130,09:36:28,42.64,179095,42,卖盘
131,09:36:31,42.65,140745,33,买盘
132,09:36:34,42.65,72512,17,卖盘
133,09:36:37,42.66,98098,23,买盘
134,09:36:40,42.66,102362,24,买盘
135,09:36:43,42.64,255824,60,卖盘
136,09:36:46,42.61,336767,79,卖盘
137,09:36:49,42.62,8524,2,中性盘
138,09:36:52,42.61,63917,15,卖盘
139,09:36:55,42.61,170461,40,卖盘
140,09:36:58,42.62,349447,82,买盘
141,09:37:01,42.61,213072,50,卖盘
142,09:37:04,42.62,80977,19,买盘
143,09:37:07,42.61,302528,71,卖盘
144,09:37:10,42.62,187506,44,买盘
145,09:37:13,42.61,102254,24,中性盘
146,09:37:16,42.6,63909,15,卖盘
147,09:37:19,42.57,536595,126,卖盘
148,09:37:22,42.56,72362,17,卖盘
149,09:37:25,42.56,85124,20,卖盘
150,09:37:28,42.55,110650,26,卖盘
151,09:37:31,42.56,46808,11,买盘
152,09:37:34,42.56,170263,40,买盘
153,09:37:37,42.6,962623,226,买盘
154,09:37:40,42.61,928688,218,买盘
155,09:37:43,42.6,328038,77,卖盘
156,09:37:46,42.62,421850,99,买盘
157,09:37:49,42.62,179025,42,买盘
158,09:37:52,42.64,51155,12,买盘
159,09:37:55,42.64,260075,61,买盘
160,09:38:01,42.66,76787,18,买盘
161,09:38:04,42.71,734291,172,买盘
162,09:38:07,42.71,93955,22,买盘
163,09:38:10,42.72,64064,15,买盘
164,09:38:13,42.71,34170,8,卖盘
165,09:38:16,42.72,76889,18,买盘
166,09:38:19,42.71,72620,17,卖盘
167,09:38:22,42.71,179420,42,卖盘
168,09:38:25,42.71,286170,67,卖盘
169,09:38:28,42.73,136677,32,买盘
170,09:38:31,42.73,68355,16,买盘
171,09:38:34,42.72,76876,18,中性盘
172,09:38:37,42.69,333066,78,卖盘
173,09:38:40,42.68,140842,33,中性盘
174,09:38:43,42.65,230377,54,卖盘
175,09:38:46,42.64,2362320,554,卖盘
176,09:38:49,42.62,153420,36,卖盘
177,09:38:52,42.64,110813,26,买盘
178,09:38:55,42.61,25567,6,中性盘
179,09:38:58,42.62,76717,18,中性盘
180,09:39:01,42.62,98034,23,卖盘
181,09:39:04,42.61,234391,55,卖盘
182,09:39:07,42.62,132113,31,买盘
183,09:39:10,42.62,46877,11,买盘
184,09:39:13,42.61,55394,13,卖盘
185,09:39:16,42.61,115048,27,卖盘
186,09:39:19,42.61,93744,22,卖盘
187,09:39:22,42.61,29827,7,卖盘
188,09:39:25,42.61,144874,34,卖盘
189,09:39:28,42.6,523985,123,卖盘
190,09:39:31,42.58,34070,8,卖盘
191,09:39:34,42.57,42578,10,卖盘
192,09:39:37,42.57,119212,28,卖盘
193,09:39:40,42.57,38317,9,卖盘
194,09:39:43,42.56,157480,37,卖盘
195,09:39:46,42.58,114954,27,买盘
196,09:39:49,42.56,59589,14,卖盘
197,09:39:52,42.56,204285,48,卖盘
198,09:39:55,42.55,34040,8,卖盘
199,09:39:58,42.55,38296,9,卖盘
200,09:40:01,42.57,771155,181,买盘
201,09:40:04,42.55,63832,15,卖盘
202,09:40:07,42.56,119149,28,买盘
203,09:40:10,42.56,93621,22,买盘
204,09:40:13,42.56,51072,12,卖盘
205,09:40:16,42.56,12768,3,卖盘
206,09:40:19,42.55,255327,60,卖盘
207,09:40:22,42.55,63834,15,卖盘
208,09:40:25,42.56,102128,24,买盘
209,09:40:28,42.56,21276,5,买盘
210,09:40:31,42.53,760743,179,卖盘
211,09:40:34,42.52,595518,140,卖盘
212,09:40:37,42.52,72290,17,卖盘
213,09:40:40,42.51,148792,35,卖盘
214,09:40:43,42.51,165836,39,卖盘
215,09:40:46,42.51,199805,47,卖盘
216,09:40:49,42.5,1360099,320,卖盘
217,09:40:52,42.51,55266,13,中性盘
218,09:40:55,42.5,497258,117,卖盘
219,09:40:58,42.5,165750,39,卖盘
220,09:41:01,42.48,55235,13,卖盘
221,09:41:04,42.46,314322,74,卖盘
222,09:41:07,42.49,203844,48,买盘
223,09:41:10,42.47,152899,36,中性盘
224,09:41:13,42.47,110438,26,买盘
225,09:41:16,42.46,182572,43,卖盘
226,09:41:19,42.46,72175,17,买盘
227,09:41:22,42.45,288663,68,卖盘
228,09:41:25,42.45,382102,90,卖盘
229,09:41:28,42.45,101873,24,买盘
230,09:41:31,42.44,165494,39,卖盘
231,09:41:34,42.42,271557,64,卖盘
232,09:41:37,42.41,937573,221,卖盘
233,09:41:40,42.42,292681,69,买盘
234,09:41:43,42.4,580957,137,卖盘
235,09:41:46,42.39,2242967,529,卖盘
236,09:41:49,42.41,250215,59,买盘
237,09:41:52,42.43,1709116,403,买盘
238,09:41:55,42.46,1158661,273,买盘
239,09:41:58,42.48,3087780,728,买盘
240,09:42:01,42.52,356990,84,买盘
241,09:42:04,42.53,238128,56,买盘
242,09:42:07,42.55,958182,225,买盘
243,09:42:10,42.55,204192,48,卖盘
244,09:42:13,42.52,136093,32,卖盘
245,09:42:16,42.52,144570,34,卖盘
246,09:42:19,42.53,51034,12,买盘
247,09:42:22,42.55,370133,87,买盘
248,09:42:25,42.53,97832,23,卖盘
249,09:42:28,42.55,55302,13,买盘
250,09:42:31,42.53,131845,31,卖盘
251,09:42:34,42.53,114833,27,卖盘
252,09:42:37,42.53,289206,68,卖盘
253,09:42:40,42.54,267993,63,买盘
254,09:42:43,42.53,51039,12,卖盘
255,09:42:46,42.53,263692,62,卖盘
256,09:42:49,42.53,212655,50,卖盘
257,09:42:52,42.53,170123,40,卖盘
258,09:42:55,42.54,46786,11,买盘
259,09:42:58,42.53,34026,8,卖盘
260,09:43:01,42.54,182890,43,买盘
261,09:43:04,42.53,29772,7,卖盘
262,09:43:07,42.54,63800,15,买盘
263,09:43:10,42.57,629732,148,买盘
264,09:43:13,42.54,604383,142,卖盘
265,09:43:16,42.57,34056,8,中性盘
266,09:43:22,42.59,17034,4,买盘
267,09:43:25,42.58,272477,64,卖盘
268,09:43:28,42.59,217209,51,买盘
269,09:43:31,42.59,315142,74,卖盘
270,09:43:34,42.58,779279,183,卖盘
271,09:43:37,42.55,123462,29,卖盘
272,09:43:40,42.55,110643,26,买盘
273,09:43:43,42.55,29785,7,卖盘
274,09:43:46,42.56,80855,19,买盘
275,09:43:49,42.56,38301,9,买盘
276,09:43:52,42.55,85100,20,卖盘
277,09:43:55,42.55,85100,20,卖盘
278,09:43:58,42.54,51057,12,卖盘
279,09:44:01,42.55,212741,50,买盘
280,09:44:04,42.56,114912,27,买盘
281,09:44:07,42.55,38293,9,中性盘
282,09:44:10,42.54,25524,6,卖盘
283,09:44:13,42.55,174424,41,买盘
284,09:44:16,42.53,68056,16,卖盘
285,09:44:19,42.53,89315,21,卖盘
286,09:44:22,42.53,233917,55,卖盘
287,09:44:25,42.54,259447,61,买盘
288,09:44:28,42.53,212693,50,卖盘
289,09:44:31,42.54,8508,2,中性盘
290,09:44:34,42.53,85052,20,中性盘
291,09:44:37,42.58,808440,190,买盘
292,09:44:40,42.58,251275,59,买盘
293,09:44:43,42.54,451058,106,卖盘
294,09:44:46,42.54,127620,30,买盘
295,09:44:49,42.53,276497,65,卖盘
296,09:44:52,42.53,34024,8,卖盘
297,09:44:55,42.53,114838,27,卖盘
298,09:44:58,42.53,272192,64,卖盘
299,09:45:01,42.53,1160726,273,卖盘
300,09:45:04,42.5,616250,145,卖盘
301,09:45:07,42.49,50988,12,中性盘
302,09:45:10,42.49,33993,8,卖盘
303,09:45:13,42.49,38241,9,卖盘
304,09:45:16,42.49,174211,41,卖盘
305,09:45:19,42.5,106232,25,买盘
306,09:45:22,42.5,276200,65,买盘
307,09:45:25,42.48,84962,20,卖盘
308,09:45:28,42.49,8498,2,中性盘
309,09:45:31,42.49,50985,12,买盘
310,09:45:34,42.49,12747,3,买盘
311,09:45:37,42.49,72230,17,买盘
312,09:45:40,42.49,29743,7,买盘
313,09:45:43,42.48,598968,141,卖盘
314,09:45:46,42.48,216639,51,买盘
315,09:45:49,42.47,8494,2,卖盘
316,09:45:52,42.47,97694,23,卖盘
317,09:45:55,42.47,114678,27,卖盘
318,09:45:58,42.47,76446,18,卖盘
319,09:46:01,42.48,50969,12,买盘
320,09:46:04,42.44,632677,149,卖盘
321,09:46:07,42.43,335273,79,卖盘
322,09:46:10,42.44,521838,123,买盘
323,09:46:13,42.41,110256,26,中性盘
324,09:46:16,42.41,190815,45,卖盘
325,09:46:22,42.41,216291,51,卖盘
326,09:46:25,42.41,182361,43,买盘
327,09:46:28,42.39,1017603,240,卖盘
328,09:46:31,42.41,59362,14,买盘
329,09:46:37,42.4,402800,95,卖盘
330,09:46:40,42.4,212001,50,卖盘
331,09:46:43,42.41,364726,86,买盘
332,09:46:46,42.41,152673,36,卖盘
333,09:46:49,42.41,148447,35,卖盘
334,09:46:52,42.41,12723,3,卖盘
335,09:46:55,42.42,106037,25,买盘
336,09:46:58,42.41,101784,24,卖盘
337,09:47:01,42.41,89073,21,卖盘
338,09:47:04,42.41,38170,9,卖盘
339,09:47:07,42.42,547179,129,买盘
340,09:47:10,42.43,84847,20,买盘
341,09:47:13,42.41,25448,6,卖盘
342,09:47:16,42.42,38178,9,卖盘
343,09:47:22,42.42,76359,18,卖盘
344,09:47:25,42.43,347939,82,买盘
345,09:47:28,42.44,203713,48,买盘
346,09:47:31,42.48,50947,12,买盘
347,09:47:34,42.47,72187,17,卖盘
348,09:47:37,42.47,38226,9,卖盘
349,09:47:40,42.47,8494,2,卖盘
350,09:47:43,42.47,488424,115,卖盘
351,09:47:46,42.47,38227,9,卖盘
352,09:47:49,42.47,67952,16,卖盘
353,09:47:52,42.47,12741,3,卖盘
354,09:47:55,42.47,67952,16,卖盘
355,09:47:58,42.47,12741,3,卖盘
356,09:48:01,42.47,433202,102,卖盘
357,09:48:04,42.47,186868,44,卖盘
358,09:48:07,42.46,101925,24,卖盘
359,09:48:10,42.46,433096,102,卖盘
360,09:48:13,42.46,72171,17,买盘
361,09:48:16,42.45,33965,8,卖盘
362,09:48:19,42.45,174045,41,卖盘
363,09:48:22,42.44,123077,29,卖盘
364,09:48:25,42.44,46684,11,卖盘
365,09:48:28,42.44,220708,52,卖盘
366,09:48:31,42.44,280061,66,买盘
367,09:48:34,42.43,33942,8,卖盘
368,09:48:37,42.45,263145,62,买盘
369,09:48:40,42.45,50937,12,买盘
370,09:48:43,42.43,89123,21,卖盘
371,09:48:46,42.45,72158,17,买盘
372,09:48:49,42.45,16980,4,买盘
373,09:48:52,42.43,144279,34,卖盘
374,09:48:55,42.44,12732,3,中性盘
375,09:48:58,42.45,152807,36,买盘
376,09:49:01,42.5,2671643,629,买盘
377,09:49:04,42.52,59532,14,中性盘
378,09:49:07,42.53,25518,6,中性盘
379,09:49:10,42.53,114828,27,卖盘
380,09:49:13,42.55,182910,43,买盘
381,09:49:16,42.55,12765,3,卖盘
382,09:49:19,42.54,93607,22,卖盘
383,09:49:22,42.56,174488,41,买盘
384,09:49:25,42.56,42560,10,买盘
385,09:49:28,42.65,1069197,251,买盘
386,09:49:31,42.65,409839,96,买盘
387,09:49:34,42.63,239006,56,卖盘
388,09:49:37,42.65,149324,35,中性盘
389,09:49:40,42.6,55404,13,卖盘
390,09:49:43,42.57,319522,75,卖盘
391,09:49:46,42.61,51118,12,买盘
392,09:49:49,42.57,46818,11,卖盘
393,09:49:52,42.6,21294,5,买盘
394,09:49:55,42.56,1286450,302,卖盘
395,09:49:58,42.59,63852,15,买盘
396,09:50:01,42.54,434012,102,卖盘
397,09:50:04,42.54,4254,1,中性盘
398,09:50:10,42.53,42537,10,卖盘
399,09:50:13,42.53,42530,10,买盘
400,09:50:16,42.52,55279,13,卖盘
401,09:50:19,42.48,790470,186,卖盘
402,09:50:22,42.42,611026,144,卖盘
403,09:50:25,42.41,369089,87,卖盘
404,09:50:28,42.41,513163,121,卖盘
405,09:50:31,42.4,2650011,625,卖盘
406,09:50:34,42.4,12720,3,卖盘
407,09:50:37,42.41,50890,12,买盘
408,09:50:40,42.4,38161,9,卖盘
409,09:50:43,42.4,1869842,441,卖盘
410,09:50:46,42.4,16960,4,买盘
411,09:50:49,42.4,258641,61,买盘
412,09:50:52,42.4,445146,105,卖盘
413,09:50:55,42.41,169628,40,买盘
414,09:50:58,42.44,29703,7,买盘
415,09:51:01,42.42,93344,22,卖盘
416,09:51:04,42.41,1667479,393,卖盘
417,09:51:07,42.4,517593,122,卖盘
418,09:51:10,42.41,127230,30,卖盘
419,09:51:13,42.4,284093,67,卖盘
420,09:51:16,42.41,326531,77,买盘
421,09:51:19,42.4,135693,32,卖盘
422,09:51:22,42.4,415522,98,卖盘
423,09:51:25,42.4,398587,94,卖盘
424,09:51:28,42.41,534263,126,买盘
425,09:51:31,42.41,12723,3,买盘
426,09:51:34,42.41,59370,14,卖盘
427,09:51:37,42.41,16964,4,卖盘
428,09:51:40,42.42,182393,43,买盘
429,09:51:43,42.42,42412,10,买盘
430,09:51:46,42.42,131485,31,买盘
431,09:51:49,42.42,46674,11,卖盘
432,09:51:52,42.42,1034890,244,卖盘
433,09:51:58,42.42,89083,21,卖盘
434,09:52:01,42.43,16972,4,买盘
435,09:52:04,42.42,301201,71,卖盘
436,09:52:07,42.42,190890,45,买盘
437,09:52:10,42.41,42418,10,卖盘
438,09:52:13,42.41,55139,13,卖盘
439,09:52:16,42.4,704000,166,卖盘
440,09:52:19,42.4,33925,8,卖盘
441,09:52:22,42.36,2458366,580,卖盘
442,09:52:25,42.35,643837,152,卖盘
443,09:52:28,42.36,93188,22,买盘
444,09:52:31,42.35,271079,64,卖盘
445,09:52:34,42.37,114354,27,买盘
446,09:52:37,42.35,42354,10,卖盘
447,09:52:40,42.37,50843,12,买盘
448,09:52:43,42.37,93214,22,卖盘
449,09:52:46,42.35,122856,29,卖盘
450,09:52:49,42.37,105930,25,卖盘
451,09:52:52,42.37,114410,27,卖盘
452,09:52:55,42.38,63579,15,中性盘
453,09:52:58,42.38,114416,27,中性盘
454,09:53:01,42.38,2105892,497,买盘
455,09:53:04,42.38,4238,1,卖盘
456,09:53:07,42.39,347548,82,买盘
457,09:53:10,42.38,38147,9,卖盘
458,09:53:13,42.38,38143,9,卖盘
459,09:53:16,42.39,131400,31,买盘
460,09:53:19,42.37,25427,6,卖盘
461,09:53:22,42.37,144060,34,卖盘
462,09:53:25,42.37,67794,16,卖盘
463,09:53:28,42.38,12714,3,买盘
464,09:53:31,42.37,84740,20,卖盘
465,09:53:34,42.36,29657,7,卖盘
466,09:53:37,42.39,758666,179,买盘
467,09:53:40,42.4,25435,6,买盘
468,09:53:43,42.4,114480,27,买盘
469,09:53:46,42.4,63600,15,卖盘
470,09:53:49,42.4,4240,1,卖盘
471,09:53:52,42.4,21200,5,卖盘
472,09:53:55,42.4,50880,12,卖盘
473,09:53:58,42.4,63600,15,卖盘
474,09:54:01,42.4,173840,41,卖盘
475,09:54:04,42.4,250104,59,买盘
476,09:54:10,42.39,122931,29,卖盘
477,09:54:13,42.4,84800,20,买盘
478,09:54:16,42.4,267120,63,买盘
479,09:54:19,42.41,16961,4,买盘
480,09:54:22,42.4,25440,6,卖盘
481,09:54:25,42.4,38160,9,卖盘
482,09:54:28,42.41,254401,60,买盘
483,09:54:31,42.4,144160,34,卖盘
484,09:54:34,42.4,50880,12,卖盘
485,09:54:37,42.41,67846,16,买盘
486,09:54:40,42.41,199327,47,买盘
487,09:54:43,42.41,33935,8,卖盘
488,09:54:46,42.44,704375,166,买盘
489,09:54:49,42.45,148554,35,买盘
490,09:54:52,42.45,21225,5,卖盘
491,09:54:55,42.45,4245,1,中性盘
492,09:55:01,42.45,16980,4,卖盘
493,09:55:04,42.45,152822,36,卖盘
494,09:55:07,42.45,135843,32,卖盘
495,09:55:10,42.45,157065,37,卖盘
496,09:55:13,42.44,110344,26,卖盘
497,09:55:16,42.44,46689,11,卖盘
498,09:55:19,42.44,46690,11,卖盘
499,09:55:22,42.45,12735,3,买盘
500,09:55:25,42.44,63681,15,卖盘
501,09:55:28,42.46,42454,10,买盘
502,09:55:31,42.44,301348,71,卖盘
503,09:55:34,42.43,237629,56,卖盘
504,09:55:37,42.42,38180,9,卖盘
505,09:55:40,42.42,101811,24,卖盘
506,09:55:43,42.41,127247,30,卖盘
507,09:55:46,42.41,139959,33,卖盘
508,09:55:49,42.41,59370,14,卖盘
509,09:55:52,42.4,76332,18,卖盘
510,09:55:55,42.41,691443,163,买盘
511,09:55:58,42.45,513536,121,买盘
512,09:56:01,42.43,127304,30,卖盘
513,09:56:04,42.43,38187,9,卖盘
514,09:56:07,42.43,148505,35,买盘
515,09:56:10,42.46,1166720,275,买盘
516,09:56:13,42.42,50908,12,卖盘
517,09:56:16,42.42,63632,15,卖盘
518,09:56:19,42.43,33941,8,中性盘
519,09:56:22,42.43,80617,19,卖盘
520,09:56:25,42.43,46673,11,卖盘
521,09:56:28,42.42,186650,44,卖盘
522,09:56:31,42.42,38178,9,卖盘
523,09:56:34,42.43,1964238,463,买盘
524,09:56:37,42.42,106085,25,卖盘
525,09:56:40,42.44,191030,45,中性盘
526,09:56:43,42.44,80638,19,卖盘
527,09:56:46,42.44,157043,37,卖盘
528,09:56:49,42.45,254677,60,买盘
529,09:56:52,42.44,152784,36,卖盘
530,09:56:55,42.44,118832,28,卖盘
531,09:56:58,42.43,33948,8,卖盘
532,09:57:01,42.44,93359,22,中性盘
533,09:57:04,42.44,93355,22,买盘
534,09:57:07,42.43,63654,15,卖盘
535,09:57:10,42.43,4243,1,卖盘
536,09:57:13,42.43,632207,149,卖盘
537,09:57:19,42.43,148477,35,买盘
538,09:57:22,42.42,55146,13,卖盘
539,09:57:25,42.42,4242,1,卖盘
540,09:57:28,42.42,4242,1,卖盘
541,09:57:31,42.42,59388,14,卖盘
542,09:57:34,42.42,63630,15,买盘
543,09:57:37,42.41,50902,12,卖盘
544,09:57:40,42.42,72114,17,买盘
545,09:57:43,42.42,212100,50,卖盘
546,09:57:46,42.43,224879,53,买盘
547,09:57:49,42.44,449757,106,买盘
548,09:57:52,42.44,46683,11,买盘
549,09:57:55,42.45,84882,20,买盘
550,09:57:58,42.45,50930,12,买盘
551,09:58:01,42.44,33952,8,卖盘
552,09:58:07,42.44,4244,1,卖盘
553,09:58:10,42.44,611039,144,卖盘
554,09:58:13,42.42,233337,55,卖盘
555,09:58:16,42.41,229081,54,卖盘
556,09:58:19,42.41,347762,82,卖盘
557,09:58:22,42.41,156917,37,卖盘
558,09:58:25,42.41,114525,27,卖盘
559,09:58:28,42.41,106025,25,卖盘
560,09:58:31,42.41,72097,17,买盘
561,09:58:34,42.4,436720,103,卖盘
562,09:58:40,42.4,46640,11,卖盘
563,09:58:43,42.39,1966828,464,卖盘
564,09:58:46,42.39,46629,11,中性盘
565,09:58:49,42.37,29662,7,卖盘
566,09:58:52,42.37,93214,22,卖盘
567,09:58:55,42.38,12714,3,中性盘
568,09:58:58,42.38,25428,6,卖盘
569,09:59:01,42.39,46621,11,买盘
570,09:59:04,42.37,118641,28,卖盘
571,09:59:07,42.37,55082,13,卖盘
572,09:59:10,42.37,59320,14,卖盘
573,09:59:13,42.36,1012430,239,卖盘
574,09:59:16,42.35,546395,129,卖盘
575,09:59:19,42.35,249865,59,卖盘
576,09:59:22,42.34,359909,85,卖盘
577,09:59:25,42.34,283682,67,卖盘
578,09:59:28,42.33,283635,67,卖盘
579,09:59:31,42.33,152406,36,卖盘
580,09:59:34,42.33,173556,41,卖盘
581,09:59:37,42.33,520659,123,卖盘
582,09:59:40,42.32,25395,6,卖盘
583,09:59:43,42.33,4233,1,买盘
584,09:59:46,42.33,33864,8,买盘
585,09:59:49,42.32,473985,112,卖盘
586,09:59:52,42.32,135424,32,买盘
587,09:59:55,42.32,84630,20,买盘
588,09:59:58,42.31,461179,109,卖盘
589,10:00:01,42.31,249660,59,卖盘
590,10:00:04,42.3,469634,111,卖盘
591,10:00:07,42.3,224205,53,卖盘
592,10:00:10,42.31,139603,33,买盘
593,10:00:13,42.35,1781710,421,买盘
594,10:00:16,42.36,271102,64,买盘
595,10:00:19,42.35,283755,67,卖盘
596,10:00:22,42.36,25413,6,中性盘
597,10:00:25,42.35,110113,26,卖盘
598,10:00:28,42.34,690160,163,卖盘
599,10:00:31,42.35,203280,48,中性盘
600,10:00:34,42.35,135513,32,卖盘
601,10:00:37,42.34,186313,44,卖盘
602,10:00:40,42.35,173631,41,买盘
603,10:00:43,42.34,76220,18,卖盘
604,10:00:46,42.35,199044,47,买盘
605,10:00:49,42.36,114365,27,买盘
606,10:00:52,42.36,42353,10,买盘
607,10:00:55,42.36,258336,61,买盘
608,10:00:58,42.36,232980,55,买盘
609,10:01:01,42.36,38124,9,卖盘
610,10:01:04,42.36,220289,52,卖盘
611,10:01:07,42.35,38117,9,卖盘
612,10:01:10,42.36,46594,11,买盘
613,10:01:13,42.36,59294,14,买盘
614,10:01:16,42.35,249891,59,卖盘
615,10:01:19,42.34,173633,41,卖盘
616,10:01:22,42.34,152444,36,卖盘
617,10:01:25,42.34,67745,16,卖盘
618,10:01:28,42.34,46582,11,卖盘
619,10:01:31,42.34,80463,19,卖盘
620,10:01:34,42.34,8468,2,卖盘
621,10:01:37,42.36,338820,80,买盘
622,10:01:40,42.35,228794,54,卖盘
623,10:01:43,42.36,59311,14,卖盘
624,10:01:46,42.37,12710,3,中性盘
625,10:01:49,42.36,59313,14,卖盘
626,10:01:52,42.36,173689,41,卖盘
627,10:01:55,42.36,389708,92,买盘
628,10:01:58,42.36,127080,30,买盘
629,10:02:01,42.39,1440427,340,买盘
630,10:02:04,42.4,148386,35,买盘
631,10:02:07,42.4,59357,14,买盘
632,10:02:10,42.4,46644,11,买盘
633,10:02:13,42.41,33922,8,买盘
634,10:02:16,42.41,8482,2,买盘
635,10:02:19,42.42,729260,172,买盘
636,10:02:22,42.44,16976,4,买盘
637,10:02:25,42.47,492395,116,买盘
638,10:02:28,42.45,131620,31,卖盘
639,10:02:31,42.51,386619,91,买盘
640,10:02:34,42.44,182556,43,卖盘
641,10:02:37,42.46,492582,116,中性盘
642,10:02:40,42.45,365153,86,卖盘
643,10:02:43,42.46,259003,61,买盘
644,10:02:46,42.45,301549,71,卖盘
645,10:02:49,42.47,97655,23,买盘
646,10:02:52,42.44,1252091,295,卖盘
647,10:02:55,42.45,339592,80,买盘
648,10:02:58,42.43,1125270,265,中性盘
649,10:03:01,42.43,46686,11,卖盘
650,10:03:04,42.44,178273,42,中性盘
651,10:03:07,42.44,59416,14,卖盘
652,10:03:13,42.45,110371,26,买盘
653,10:03:19,42.48,21240,5,中性盘
654,10:03:22,42.47,50974,12,中性盘
655,10:03:25,42.49,38239,9,买盘
656,10:03:28,42.49,4249,1,买盘
657,10:03:31,42.49,38237,9,买盘
658,10:03:34,42.47,110468,26,卖盘
659,10:03:37,42.48,72214,17,买盘
660,10:03:40,42.49,237940,56,买盘
661,10:03:43,42.48,263392,62,卖盘
662,10:03:46,42.49,497035,117,买盘
663,10:03:49,42.5,67986,16,买盘
664,10:03:52,42.5,127498,30,买盘
665,10:03:55,42.5,225250,53,买盘
666,10:03:58,42.49,106225,25,卖盘
667,10:04:01,42.49,123237,29,卖盘
668,10:04:04,42.49,424865,100,买盘
669,10:04:07,42.47,1037034,244,卖盘
670,10:04:10,42.46,488848,115,卖盘
671,10:04:13,42.51,76507,18,买盘
672,10:04:16,42.5,199670,47,买盘
673,10:04:19,42.49,42495,10,中性盘
674,10:04:22,42.5,136012,32,买盘
675,10:04:25,42.5,191250,45,买盘
676,10:04:28,42.5,68000,16,买盘
677,10:04:31,42.49,93497,22,卖盘
678,10:04:34,42.51,182749,43,买盘
679,10:04:37,42.53,38269,9,买盘
680,10:04:40,42.55,174375,41,买盘
681,10:04:43,42.59,400188,94,买盘
682,10:04:46,42.55,255473,60,中性盘
683,10:04:49,42.53,531810,125,卖盘
684,10:04:52,42.55,365932,86,买盘
685,10:04:55,42.55,727601,171,买盘
686,10:04:58,42.51,369914,87,卖盘
687,10:05:01,42.55,153048,36,买盘
688,10:05:04,42.52,106327,25,卖盘
689,10:05:10,42.54,17018,4,中性盘
690,10:05:13,42.55,259652,61,买盘
691,10:05:16,42.59,566070,133,买盘
692,10:05:19,42.59,97957,23,买盘
693,10:05:22,42.59,4259,1,买盘
694,10:05:25,42.56,12771,3,卖盘
695,10:05:28,42.58,400342,94,中性盘
696,10:05:31,42.56,102152,24,卖盘
697,10:05:34,42.56,12768,3,卖盘
698,10:05:37,42.57,127713,30,中性盘
699,10:05:40,42.59,281067,66,买盘
700,10:05:43,42.58,430234,101,中性盘
701,10:05:46,42.58,25548,6,卖盘
702,10:05:49,42.58,468400,110,卖盘
703,10:05:52,42.61,4261,1,中性盘
704,10:05:55,42.62,178996,42,买盘
705,10:05:58,42.63,17052,4,买盘
706,10:06:01,42.62,371032,87,卖盘
707,10:06:04,42.62,106550,25,买盘
708,10:06:07,42.61,323978,76,卖盘
709,10:06:10,42.61,55403,13,卖盘
710,10:06:13,42.62,319623,75,买盘
711,10:06:16,42.63,25573,6,买盘
712,10:06:19,42.62,38367,9,卖盘
713,10:06:22,42.61,349464,82,卖盘
714,10:06:25,42.6,332361,78,卖盘
715,10:06:28,42.61,119304,28,买盘
716,10:06:31,42.61,140616,33,卖盘
717,10:06:34,42.61,242929,57,卖盘
718,10:06:37,42.62,98022,23,买盘
719,10:06:40,42.62,183266,43,卖盘
720,10:06:43,42.61,29828,7,卖盘
721,10:06:46,42.61,174719,41,卖盘
722,10:06:49,42.63,477330,112,买盘
723,10:06:52,42.61,340998,80,卖盘
724,10:06:55,42.62,285496,67,买盘
725,10:06:58,42.61,46881,11,中性盘
726,10:07:01,42.62,42620,10,中性盘
727,10:07:04,42.63,46883,11,买盘
728,10:07:07,42.62,51154,12,卖盘
729,10:07:10,42.66,289983,68,买盘
730,10:07:13,42.62,42624,10,卖盘
731,10:07:16,42.63,21312,5,买盘
732,10:07:19,42.63,208887,49,卖盘
733,10:07:22,42.61,639276,150,卖盘
734,10:07:25,42.61,272657,64,买盘
735,10:07:34,42.63,281323,66,买盘
736,10:07:37,42.64,230253,54,买盘
737,10:07:40,42.64,98069,23,买盘
738,10:07:43,42.64,554164,130,买盘
739,10:07:46,42.64,4264,1,卖盘
740,10:07:49,42.63,673794,158,卖盘
741,10:07:52,42.63,42630,10,买盘
742,10:07:55,42.62,63930,15,卖盘
743,10:07:58,42.62,166220,39,卖盘
744,10:08:01,42.62,72455,17,卖盘
745,10:08:04,42.62,149170,35,卖盘
746,10:08:07,42.61,247190,58,卖盘
747,10:08:10,42.61,566712,133,卖盘
748,10:08:13,42.61,21305,5,买盘
749,10:08:19,42.62,255680,60,买盘
750,10:08:22,42.63,387933,91,买盘
751,10:08:25,42.65,25586,6,买盘
752,10:08:28,42.64,21320,5,卖盘
753,10:08:31,42.64,85280,20,卖盘
754,10:08:34,42.64,21321,5,卖盘
755,10:08:37,42.64,8528,2,卖盘
756,10:08:40,42.65,42648,10,买盘
757,10:08:43,42.63,1308418,307,卖盘
758,10:08:46,42.6,25572,6,中性盘
759,10:08:49,42.63,4263,1,买盘
760,10:08:52,42.63,8526,2,买盘
761,10:08:55,42.61,25567,6,卖盘
762,10:08:58,42.63,17052,4,买盘
763,10:09:01,42.62,311280,73,卖盘
764,10:09:04,42.62,161939,38,买盘
765,10:09:07,42.6,204533,48,卖盘
766,10:09:10,42.63,21311,5,买盘
767,10:09:13,42.62,46882,11,卖盘
768,10:09:16,42.59,920291,216,卖盘
769,10:09:19,42.62,587777,138,买盘
770,10:09:22,42.59,434429,102,卖盘
771,10:09:25,42.59,293871,69,买盘
772,10:09:28,42.59,609037,143,买盘
773,10:09:31,42.62,85221,20,买盘
774,10:09:34,42.63,1111793,261,买盘
775,10:09:37,42.62,25572,6,卖盘
776,10:09:40,42.59,851935,200,卖盘
777,10:09:43,42.63,8526,2,买盘
778,10:09:46,42.62,17048,4,买盘
779,10:09:49,42.62,4262,1,买盘
780,10:09:52,42.63,4263,1,买盘
781,10:09:55,42.61,76712,18,卖盘
782,10:09:58,42.62,55396,13,中性盘
783,10:10:01,42.58,1013929,238,卖盘
784,10:10:04,42.55,131976,31,卖盘
785,10:10:07,42.59,102166,24,买盘
786,10:10:10,42.59,34072,8,买盘
787,10:10:13,42.59,25554,6,买盘
788,10:10:19,42.59,114993,27,买盘
789,10:10:22,42.58,29810,7,卖盘
790,10:10:28,42.58,17032,4,卖盘
791,10:10:31,42.58,12774,3,卖盘
792,10:10:37,42.58,55362,13,卖盘
793,10:10:40,42.58,17032,4,卖盘
794,10:10:43,42.59,336453,79,买盘
795,10:10:46,42.59,123510,29,买盘
796,10:10:49,42.59,93694,22,买盘
797,10:10:52,42.59,51101,12,买盘
798,10:10:58,42.59,553670,130,买盘
799,10:11:01,42.6,59640,14,买盘
800,10:11:04,42.62,12786,3,买盘
801,10:11:10,42.63,4263,1,买盘
802,10:11:13,42.63,80989,19,买盘
803,10:11:16,42.61,954787,224,卖盘
804,10:11:19,42.6,4260,1,卖盘
805,10:11:22,42.57,1081692,254,卖盘
806,10:11:25,42.59,741287,174,买盘
807,10:11:28,42.55,46805,11,卖盘
808,10:11:31,42.49,522816,123,卖盘
809,10:11:34,42.49,8498,2,中性盘
810,10:11:37,42.48,33988,8,卖盘
811,10:11:40,42.48,1310547,309,卖盘
812,10:11:43,42.46,110417,26,卖盘
813,10:11:46,42.47,161394,38,中性盘
814,10:11:49,42.46,976299,230,卖盘
815,10:11:52,42.47,662380,156,买盘
816,10:11:55,42.42,963318,227,卖盘
817,10:11:58,42.46,118834,28,买盘
818,10:12:01,42.45,114620,27,中性盘
819,10:12:04,42.45,326865,77,卖盘
820,10:12:07,42.45,8490,2,买盘
821,10:12:10,42.45,33960,8,买盘
822,10:12:13,42.45,25468,6,买盘
823,10:12:16,42.46,521961,123,买盘
824,10:12:22,42.46,4246,1,中性盘
825,10:12:25,42.44,267529,63,卖盘
826,10:12:28,42.47,123163,29,中性盘
827,10:12:34,42.49,16996,4,买盘
828,10:12:37,42.49,93481,22,卖盘
829,10:12:43,42.48,67968,16,中性盘
830,10:12:46,42.5,1337120,315,买盘
831,10:12:49,42.49,12745,3,买盘
832,10:12:55,42.44,267385,63,卖盘
833,10:12:58,42.44,46683,11,买盘
834,10:13:01,42.44,12732,3,买盘
835,10:13:04,42.44,46680,11,买盘
836,10:13:07,42.47,297290,70,买盘
837,10:13:10,42.46,305780,72,卖盘
838,10:13:13,42.43,89125,21,卖盘
839,10:13:16,42.46,42463,10,中性盘
840,10:13:19,42.43,636550,150,卖盘
841,10:13:22,42.42,12728,3,卖盘
842,10:13:25,42.42,738014,174,卖盘
843,10:13:28,42.42,84831,20,买盘
844,10:13:31,42.39,1047140,247,卖盘
845,10:13:34,42.39,33912,8,买盘
846,10:13:37,42.39,262812,62,买盘
847,10:13:40,42.38,241619,57,卖盘
848,10:13:43,42.39,8478,2,买盘
849,10:13:46,42.4,8480,2,买盘
850,10:13:49,42.42,639693,151,买盘
851,10:13:52,42.42,46662,11,买盘
852,10:13:55,42.38,635877,150,卖盘
853,10:13:58,42.38,635890,150,卖盘
854,10:14:01,42.39,16956,4,卖盘
855,10:14:04,42.42,1305334,308,买盘
856,10:14:07,42.38,428076,101,卖盘
857,10:14:10,42.41,906935,214,买盘
858,10:14:13,42.41,46651,11,卖盘
859,10:14:16,42.41,42410,10,卖盘
860,10:14:19,42.38,1271439,300,卖盘
861,10:14:22,42.41,4241,1,买盘
862,10:14:25,42.38,1271405,300,卖盘
863,10:14:28,42.38,262801,62,卖盘
864,10:14:31,42.38,839124,198,买盘
865,10:14:34,42.41,182237,43,买盘
866,10:14:37,42.38,93255,22,卖盘
867,10:14:40,42.41,12718,3,买盘
868,10:14:43,42.4,8480,2,买盘
869,10:14:46,42.41,25446,6,买盘
870,10:14:49,42.41,84820,20,中性盘
871,10:14:52,42.41,46648,11,买盘
872,10:14:55,42.41,33928,8,买盘
873,10:14:58,42.4,203529,48,卖盘
874,10:15:01,42.4,195039,46,买盘
875,10:15:04,42.4,195028,46,买盘
876,10:15:07,42.4,29680,7,买盘
877,10:15:10,42.39,8478,2,卖盘
878,10:15:13,42.4,8479,2,买盘
879,10:15:16,42.39,21196,5,卖盘
880,10:15:19,42.4,21200,5,买盘
881,10:15:22,42.39,665585,157,卖盘
882,10:15:28,42.39,12715,3,买盘
883,10:15:31,42.38,29672,7,卖盘
884,10:15:34,42.38,67814,16,卖盘
885,10:15:37,42.37,889980,210,卖盘
886,10:15:40,42.38,42380,10,买盘
887,10:15:43,42.38,21190,5,买盘
888,10:15:46,42.38,4238,1,买盘
889,10:15:49,42.38,1453060,343,买盘
890,10:15:52,42.38,42380,10,买盘
891,10:15:55,42.38,156806,37,买盘
892,10:15:58,42.38,25428,6,买盘
893,10:16:01,42.38,97474,23,买盘
894,10:16:04,42.39,16956,4,买盘
895,10:16:07,42.38,190724,45,卖盘
896,10:16:10,42.38,4238,1,买盘
897,10:16:13,42.38,114426,27,买盘
898,10:16:16,42.38,576368,136,买盘
899,10:16:19,42.38,46618,11,买盘
900,10:16:22,42.38,55085,13,买盘
901,10:16:25,42.37,338963,80,卖盘
902,10:16:28,42.38,55094,13,买盘
903,10:16:31,42.38,12714,3,买盘
904,10:16:34,42.38,4238,1,买盘
905,10:16:37,42.38,105950,25,买盘
906,10:16:40,42.38,114424,27,买盘
907,10:16:43,42.38,50853,12,买盘
908,10:16:46,42.38,8476,2,买盘
909,10:16:49,42.38,67798,16,买盘
910,10:16:52,42.37,135599,32,卖盘
911,10:16:55,42.37,555070,131,卖盘
912,10:16:58,42.37,8474,2,买盘
913,10:17:01,42.37,211850,50,买盘
914,10:17:04,42.37,410992,97,买盘
915,10:17:07,42.37,29664,7,卖盘
916,10:17:10,42.39,97497,23,买盘
917,10:17:13,42.41,241686,57,买盘
918,10:17:16,42.44,12728,3,中性盘
919,10:17:25,42.44,8488,2,买盘
920,10:17:28,42.44,4244,1,买盘
921,10:17:31,42.44,46684,11,买盘
922,10:17:37,42.44,16972,4,买盘
923,10:17:40,42.44,50928,12,买盘
924,10:17:43,42.44,101856,24,买盘
925,10:17:46,42.43,8486,2,买盘
926,10:17:49,42.43,4243,1,买盘
927,10:17:52,42.42,8485,2,卖盘
928,10:17:55,42.43,4243,1,买盘
929,10:17:58,42.42,33942,8,卖盘
930,10:18:01,42.43,106058,25,买盘
931,10:18:04,42.42,59378,14,中性盘
932,10:18:07,42.4,16963,4,卖盘
933,10:18:10,42.38,122936,29,卖盘
934,10:18:13,42.36,474567,112,卖盘
935,10:18:16,42.36,355824,84,卖盘
936,10:18:19,42.36,783738,185,中性盘
937,10:18:22,42.36,29653,7,卖盘
938,10:18:25,42.34,80451,19,卖盘
939,10:18:28,42.34,33872,8,卖盘
940,10:18:31,42.35,80447,19,买盘
941,10:18:34,42.35,114347,27,中性盘
942,10:18:40,42.36,165175,39,买盘
943,10:18:43,42.36,59301,14,买盘
944,10:18:46,42.35,135529,32,卖盘
945,10:18:49,42.36,55067,13,卖盘
946,10:18:52,42.36,59304,14,卖盘
947,10:18:55,42.37,148246,35,买盘
948,10:18:58,42.35,21175,5,卖盘
949,10:19:01,42.36,148227,35,中性盘
950,10:19:04,42.35,59290,14,卖盘
951,10:19:07,42.34,16936,4,卖盘
952,10:19:10,42.35,93179,22,卖盘
953,10:19:13,42.35,21175,5,卖盘
954,10:19:19,42.35,71990,17,买盘
955,10:19:22,42.35,76230,18,卖盘
956,10:19:25,42.37,33883,8,买盘
957,10:19:28,42.37,67787,16,买盘
958,10:19:31,42.39,8478,2,买盘
959,10:19:34,42.39,135643,32,买盘
960,10:19:37,42.39,63594,15,卖盘
961,10:19:40,42.39,29673,7,卖盘
962,10:19:43,42.38,25434,6,卖盘
963,10:19:49,42.38,21190,5,卖盘
964,10:19:55,42.39,38148,9,卖盘
965,10:19:58,42.38,25429,6,卖盘
966,10:20:01,42.38,4238,1,卖盘
967,10:20:04,42.39,33907,8,买盘
968,10:20:07,42.39,25432,6,买盘
969,10:20:10,42.39,42385,10,买盘
970,10:20:13,42.38,33906,8,卖盘
971,10:20:16,42.39,25431,6,买盘
972,10:20:19,42.39,33907,8,买盘
973,10:20:22,42.39,8478,2,卖盘
974,10:20:25,42.39,84784,20,卖盘
975,10:20:28,42.38,38145,9,卖盘
976,10:20:31,42.39,21195,5,买盘
977,10:20:34,42.38,76287,18,卖盘
978,10:20:37,42.37,76269,18,卖盘
979,10:20:40,42.38,122894,29,买盘
980,10:20:43,42.37,25422,6,卖盘
981,10:20:49,42.37,127118,30,卖盘
982,10:20:52,42.37,12711,3,卖盘
983,10:20:55,42.36,93209,22,卖盘
984,10:20:58,42.37,29653,7,中性盘
985,10:21:04,42.37,186396,44,买盘
986,10:21:10,42.36,29647,7,中性盘
987,10:21:13,42.35,29645,7,卖盘
988,10:21:16,42.37,80494,19,买盘
989,10:21:19,42.36,410965,97,卖盘
990,10:21:25,42.34,165165,39,卖盘
991,10:21:28,42.34,50808,12,卖盘
992,10:21:34,42.34,33872,8,卖盘
993,10:21:37,42.35,21175,5,买盘
994,10:21:40,42.34,46574,11,卖盘
995,10:21:43,42.34,38109,9,卖盘
996,10:21:46,42.34,135490,32,卖盘
997,10:21:49,42.34,249806,59,卖盘
998,10:21:52,42.33,423300,100,卖盘
999,10:21:55,42.32,46552,11,卖盘
1000,10:21:58,42.32,135424,32,卖盘
1001,10:22:01,42.31,402038,95,卖盘
1002,10:22:07,42.31,59234,14,卖盘
1003,10:22:10,42.3,2978245,704,卖盘
1004,10:22:13,42.28,1006299,238,卖盘
1005,10:22:19,42.27,131040,31,卖盘
1006,10:22:22,42.28,50725,12,买盘
1007,10:22:25,42.27,126814,30,卖盘
1008,10:22:28,42.27,126810,30,卖盘
1009,10:22:31,42.27,101455,24,卖盘
1010,10:22:34,42.28,42280,10,中性盘
1011,10:22:37,42.27,59184,14,卖盘
1012,10:22:40,42.28,8456,2,中性盘
1013,10:22:43,42.27,202888,48,卖盘
1014,10:22:46,42.28,177552,42,买盘
1015,10:22:49,42.29,42281,10,买盘
1016,10:22:52,42.31,92991,22,买盘
1017,10:22:55,42.28,59189,14,买盘
1018,10:22:58,42.28,8457,2,卖盘
1019,10:23:01,42.28,54978,13,卖盘
1020,10:23:04,42.28,50740,12,卖盘
1021,10:23:07,42.29,33831,8,卖盘
1022,10:23:10,42.29,46519,11,买盘
1023,10:23:13,42.3,4230,1,买盘
1024,10:23:16,42.29,54980,13,卖盘
1025,10:23:19,42.32,76176,18,买盘
1026,10:23:28,42.31,46536,11,买盘
1027,10:23:31,42.3,29609,7,中性盘
1028,10:23:34,42.29,38062,9,卖盘
1029,10:23:37,42.3,29610,7,买盘
1030,10:23:40,42.3,21149,5,买盘
1031,10:23:43,42.29,25379,6,卖盘
1032,10:23:46,42.3,25380,6,买盘
1033,10:23:49,42.3,143843,34,卖盘
1034,10:23:52,42.3,71910,17,卖盘
1035,10:23:55,42.3,12690,3,卖盘
1036,10:23:58,42.3,25380,6,卖盘
1037,10:24:01,42.3,8460,2,买盘
1038,10:24:04,42.29,16916,4,卖盘
1039,10:24:07,42.29,338303,80,卖盘
1040,10:24:10,42.29,12687,3,买盘
1041,10:24:13,42.28,135320,32,卖盘
1042,10:24:16,42.28,29596,7,卖盘
1043,10:24:19,42.29,12687,3,买盘
1044,10:24:22,42.29,67664,16,买盘
1045,10:24:25,42.29,38061,9,卖盘
1046,10:24:31,42.3,21150,5,买盘
1047,10:24:34,42.3,42300,10,买盘
1048,10:24:37,42.29,46519,11,卖盘
1049,10:24:40,42.29,50748,12,买盘
1050,10:24:43,42.3,71895,17,买盘
1051,10:24:46,42.3,4230,1,卖盘
1052,10:24:49,42.3,4230,1,卖盘
1053,10:24:55,42.3,33840,8,卖盘
1054,10:24:58,42.3,8460,2,买盘
1055,10:25:01,42.3,131129,31,买盘
1056,10:25:04,42.3,80377,19,买盘
1057,10:25:07,42.29,131104,31,卖盘
1058,10:25:10,42.3,76140,18,买盘
1059,10:25:13,42.29,50748,12,卖盘
1060,10:25:16,42.3,84584,20,买盘
1061,10:25:19,42.29,46519,11,卖盘
1062,10:25:22,42.3,42300,10,买盘
1063,10:25:25,42.3,38064,9,买盘
1064,10:25:28,42.3,8460,2,买盘
1065,10:25:31,42.3,16926,4,卖盘
1066,10:25:34,42.3,16920,4,卖盘
1067,10:25:37,42.3,33840,8,卖盘
1068,10:25:40,42.29,29605,7,卖盘
1069,10:25:43,42.3,8460,2,买盘
1070,10:25:46,42.3,42300,10,买盘
1071,10:25:49,42.29,46523,11,卖盘
1072,10:25:52,42.29,71906,17,卖盘
1073,10:25:55,42.29,33832,8,卖盘
1074,10:26:01,42.29,105725,25,卖盘
1075,10:26:04,42.28,67650,16,卖盘
1076,10:26:07,42.28,8456,2,卖盘
1077,10:26:10,42.28,12684,3,卖盘
1078,10:26:13,42.27,558081,132,卖盘
1079,10:26:16,42.28,12683,3,买盘
1080,10:26:22,42.28,135296,32,买盘
1081,10:26:25,42.28,139505,33,买盘
1082,10:26:28,42.28,169120,40,买盘
1083,10:26:31,42.29,177581,42,买盘
1084,10:26:34,42.28,59192,14,卖盘
1085,10:26:40,42.28,46508,11,卖盘
1086,10:26:43,42.28,54957,13,买盘
1087,10:26:46,42.27,25362,6,卖盘
1088,10:26:49,42.27,8454,2,卖盘
1089,10:26:52,42.28,245224,58,买盘
1090,10:26:55,42.27,160632,38,卖盘
1091,10:26:58,42.28,46509,11,中性盘
1092,10:27:01,42.27,88783,21,卖盘
1093,10:27:04,42.27,93003,22,卖盘
1094,10:27:07,42.28,88788,21,买盘
1095,10:27:10,42.28,71876,17,卖盘
1096,10:27:13,42.28,135290,32,卖盘
1097,10:27:16,42.28,329784,78,买盘
1098,10:27:19,42.27,249395,59,卖盘
1099,10:27:22,42.27,71859,17,卖盘
1100,10:27:25,42.27,182206,43,卖盘
1101,10:27:28,42.27,219804,52,卖盘
1102,10:27:31,42.27,88767,21,卖盘
1103,10:27:34,42.27,380437,90,卖盘
1104,10:27:37,42.27,215577,51,卖盘
1105,10:27:40,42.27,355068,84,卖盘
1106,10:27:43,42.27,198669,47,卖盘
1107,10:27:46,42.27,46497,11,卖盘
1108,10:27:49,42.27,131055,31,卖盘
1109,10:27:52,42.28,76090,18,买盘
1110,10:27:55,42.27,12681,3,卖盘
1111,10:27:58,42.27,300147,71,卖盘
1112,10:28:01,42.27,219806,52,卖盘
1113,10:28:04,42.26,63403,15,卖盘
1114,10:28:07,42.27,16908,4,卖盘
1115,10:28:10,42.27,33818,8,中性盘
1116,10:28:16,42.26,160596,38,卖盘
1117,10:28:19,42.27,4227,1,买盘
1118,10:28:22,42.27,12681,3,买盘
1119,10:28:25,42.27,4227,1,买盘
1120,10:28:28,42.26,105650,25,卖盘
1121,10:28:31,42.27,21135,5,买盘
1122,10:28:37,42.25,845155,200,卖盘
1123,10:28:40,42.26,46486,11,卖盘
1124,10:28:43,42.26,4226,1,买盘
1125,10:28:46,42.25,25350,6,卖盘
1126,10:28:49,42.25,1212575,287,卖盘
1127,10:28:52,42.26,130976,31,买盘
1128,10:28:55,42.25,126750,30,卖盘
1129,10:28:58,42.25,63375,15,卖盘
1130,10:29:01,42.26,130576,31,买盘
1131,10:29:04,42.25,12676,3,卖盘
1132,10:29:07,42.24,89126,21,卖盘
1133,10:29:13,42.25,67588,16,买盘
1134,10:29:16,42.24,63366,15,卖盘
1135,10:29:19,42.26,443715,105,买盘
1136,10:29:22,42.27,266287,63,买盘
1137,10:29:25,42.27,169092,40,卖盘
1138,10:29:28,42.27,71864,17,卖盘
1139,10:29:31,42.26,59166,14,卖盘
1140,10:29:34,42.25,97194,23,卖盘
1141,10:29:37,42.25,92961,22,卖盘
1142,10:29:40,42.25,80275,19,卖盘
1143,10:29:43,42.25,21125,5,卖盘
1144,10:29:46,42.25,109850,26,卖盘
1145,10:29:49,42.25,12675,3,卖盘
1146,10:29:52,42.26,38030,9,买盘
1147,10:29:55,42.26,164785,39,买盘
1148,10:29:58,42.25,12675,3,卖盘
1149,10:30:01,42.26,59153,14,买盘
1150,10:30:04,42.25,8450,2,卖盘
1151,10:30:07,42.25,38025,9,卖盘
1152,10:30:10,42.26,105635,25,买盘
1153,10:30:13,42.27,173277,41,买盘
1154,10:30:16,42.28,16910,4,买盘
1155,10:30:19,42.27,143718,34,卖盘
1156,10:30:22,42.28,67638,16,买盘
1157,10:30:25,42.28,42272,10,买盘
1158,10:30:28,42.27,50724,12,买盘
1159,10:30:31,42.26,342357,81,卖盘
1160,10:30:34,42.28,240997,57,买盘
1161,10:30:37,42.26,59174,14,卖盘
1162,10:30:40,42.26,76068,18,卖盘
1163,10:30:43,42.27,101429,24,买盘
1164,10:30:46,42.27,105675,25,卖盘
1165,10:30:49,42.27,59178,14,卖盘
1166,10:30:52,42.27,54939,13,买盘
1167,10:30:55,42.27,278980,66,买盘
1168,10:30:58,42.26,114122,27,卖盘
1169,10:31:01,42.26,42263,10,卖盘
1170,10:31:04,42.26,33808,8,买盘
1171,10:31:07,42.25,21125,5,卖盘
1172,10:31:10,42.26,84520,20,买盘
1173,10:31:13,42.26,147883,35,买盘
1174,10:31:16,42.25,63375,15,卖盘
1175,10:31:19,42.25,63379,15,卖盘
1176,10:31:22,42.25,50700,12,卖盘
1177,10:31:25,42.25,54925,13,卖盘
1178,10:31:28,42.25,101400,24,卖盘
1179,10:31:31,42.24,21123,5,卖盘
1180,10:31:37,42.24,88705,21,卖盘
1181,10:31:40,42.24,8448,2,卖盘
1182,10:31:43,42.24,33792,8,卖盘
1183,10:31:46,42.24,29569,7,卖盘
1184,10:31:49,42.24,54912,13,卖盘
1185,10:31:52,42.24,147840,35,卖盘
1186,10:31:55,42.24,29568,7,卖盘
1187,10:31:58,42.24,316341,75,卖盘
1188,10:32:01,42.23,202708,48,卖盘
1189,10:32:04,42.23,12667,3,买盘
1190,10:32:07,42.23,16890,4,买盘
1191,10:32:10,42.22,151993,36,卖盘
1192,10:32:16,42.23,164659,39,买盘
1193,10:32:19,42.22,97106,23,卖盘
1194,10:32:22,42.22,143550,34,卖盘
1195,10:32:25,42.22,8444,2,买盘
1196,10:32:28,42.22,71774,17,买盘
1197,10:32:31,42.22,59108,14,买盘
1198,10:32:34,42.22,92884,22,买盘
1199,10:32:37,42.22,54888,13,卖盘
1200,10:32:40,42.22,33776,8,卖盘
1201,10:32:43,42.22,71774,17,卖盘
1202,10:32:46,42.22,25333,6,卖盘
1203,10:32:49,42.22,50664,12,卖盘
1204,10:32:52,42.22,42222,10,卖盘
1205,10:32:55,42.23,92906,22,买盘
1206,10:33:04,42.23,46453,11,卖盘
1207,10:33:07,42.24,50687,12,买盘
1208,10:33:10,42.23,152049,36,卖盘
1209,10:33:13,42.24,33791,8,买盘
1210,10:33:16,42.24,29566,7,买盘
1211,10:33:19,42.22,215365,51,卖盘
1212,10:33:22,42.21,434797,103,卖盘
1213,10:33:25,42.21,4221,1,卖盘
1214,10:33:28,42.22,46432,11,买盘
1215,10:33:31,42.21,42215,10,卖盘
1216,10:33:34,42.22,8443,2,买盘
1217,10:33:40,42.21,147739,35,卖盘
1218,10:33:43,42.21,12663,3,卖盘
1219,10:33:46,42.21,88641,21,卖盘
1220,10:33:49,42.22,291318,69,买盘
1221,10:33:52,42.22,46442,11,买盘
1222,10:33:58,42.22,25332,6,买盘
1223,10:34:01,42.22,16888,4,买盘
1224,10:34:04,42.22,46446,11,卖盘
1225,10:34:07,42.23,54896,13,买盘
1226,10:34:10,42.23,50676,12,买盘
1227,10:34:13,42.23,59129,14,中性盘
1228,10:34:19,42.24,46464,11,买盘
1229,10:34:22,42.22,84457,20,卖盘
1230,10:34:25,42.23,21116,5,中性盘
1231,10:34:28,42.23,384227,91,买盘
1232,10:34:31,42.22,341982,81,卖盘
1233,10:34:37,42.22,42220,10,买盘
1234,10:34:40,42.22,29554,7,卖盘
1235,10:34:43,42.22,97106,23,卖盘
1236,10:34:46,42.23,21115,5,买盘
1237,10:34:49,42.22,54888,13,卖盘
1238,10:34:52,42.23,16891,4,买盘
1239,10:34:55,42.23,21112,5,买盘
1240,10:34:58,42.22,97106,23,卖盘
1241,10:35:01,42.23,50676,12,买盘
1242,10:35:04,42.22,21111,5,卖盘
1243,10:35:07,42.23,4223,1,买盘
1244,10:35:10,42.21,37989,9,卖盘
1245,10:35:13,42.21,422105,100,卖盘
1246,10:35:16,42.22,42213,10,中性盘
1247,10:35:19,42.22,143568,34,买盘
1248,10:35:22,42.21,50652,12,卖盘
1249,10:35:25,42.22,59103,14,中性盘
1250,10:35:28,42.21,12665,3,卖盘
1251,10:35:31,42.21,12665,3,卖盘
1252,10:35:34,42.21,130852,31,卖盘
1253,10:35:37,42.21,29547,7,卖盘
1254,10:35:40,42.21,97089,23,卖盘
1255,10:35:43,42.21,21105,5,卖盘
1256,10:35:46,42.21,80199,19,卖盘
1257,10:35:49,42.21,33768,8,卖盘
1258,10:35:52,42.21,50652,12,卖盘
1259,10:35:55,42.21,67536,16,卖盘
1260,10:36:01,42.21,33775,8,卖盘
1261,10:36:07,42.21,42211,10,卖盘
1262,10:36:10,42.21,71757,17,卖盘
1263,10:36:13,42.21,33768,8,卖盘
1264,10:36:16,42.21,227935,54,卖盘
1265,10:36:19,42.27,1545515,366,买盘
1266,10:36:22,42.27,97234,23,卖盘
1267,10:36:25,42.27,88767,21,卖盘
1268,10:36:28,42.27,71862,17,卖盘
1269,10:36:31,42.27,50725,12,卖盘
1270,10:36:34,42.27,16908,4,卖盘
1271,10:36:37,42.27,25367,6,卖盘
1272,10:36:43,42.28,16912,4,卖盘
1273,10:36:46,42.27,38044,9,卖盘
1274,10:36:49,42.28,71867,17,买盘
1275,10:36:55,42.28,143676,34,买盘
1276,10:36:58,42.24,59144,14,卖盘
1277,10:37:01,42.28,266348,63,买盘
1278,10:37:04,42.27,42252,10,中性盘
1279,10:37:07,42.23,50682,12,卖盘
1280,10:37:10,42.25,4225,1,买盘
1281,10:37:13,42.25,12674,3,买盘
1282,10:37:16,42.25,12675,3,买盘
1283,10:37:19,42.24,12674,3,卖盘
1284,10:37:22,42.24,80266,19,卖盘
1285,10:37:31,42.25,42250,10,买盘
1286,10:37:34,42.23,342100,81,卖盘
1287,10:37:37,42.23,177366,42,买盘
1288,10:37:40,42.23,4223,1,卖盘
1289,10:37:43,42.24,12670,3,中性盘
1290,10:37:49,42.23,21116,5,卖盘
1291,10:37:55,42.23,4223,1,卖盘
1292,10:37:58,42.24,12672,3,买盘
1293,10:38:01,42.23,16893,4,卖盘
1294,10:38:04,42.23,33787,8,卖盘
1295,10:38:07,42.23,46463,11,卖盘
1296,10:38:10,42.24,16896,4,买盘
1297,10:38:13,42.23,181592,43,卖盘
1298,10:38:19,42.23,8446,2,卖盘
1299,10:38:22,42.24,135169,32,买盘
1300,10:38:25,42.25,126743,30,买盘
1301,10:38:28,42.25,8450,2,买盘
1302,10:38:31,42.24,2123166,503,卖盘
1303,10:38:34,42.21,8442,2,中性盘
1304,10:38:37,42.2,392490,93,卖盘
1305,10:38:40,42.2,54854,13,买盘
1306,10:38:43,42.2,46415,11,买盘
1307,10:38:46,42.19,130789,31,卖盘
1308,10:38:49,42.19,46413,11,卖盘
1309,10:38:52,42.19,29533,7,卖盘
1310,10:38:58,42.18,16873,4,卖盘
1311,10:39:01,42.18,261572,62,卖盘
1312,10:39:04,42.19,80148,19,中性盘
1313,10:39:07,42.18,4218,1,卖盘
1314,10:39:13,42.19,8437,2,买盘
1315,10:39:16,42.19,25310,6,买盘
1316,10:39:19,42.19,50628,12,买盘
1317,10:39:22,42.19,438703,104,买盘
1318,10:39:28,42.19,16876,4,卖盘
1319,10:39:31,42.2,2991066,709,买盘
1320,10:39:34,42.21,54878,13,中性盘
1321,10:39:37,42.21,16884,4,卖盘
1322,10:39:40,42.22,37998,9,中性盘
1323,10:39:43,42.23,122462,29,买盘
1324,10:39:46,42.2,113938,27,卖盘
1325,10:39:49,42.2,4220,1,买盘
1326,10:39:52,42.19,25314,6,卖盘
1327,10:39:55,42.2,4220,1,买盘
1328,10:39:58,42.19,118142,28,卖盘
1329,10:40:01,42.2,118148,28,买盘
1330,10:40:04,42.2,21100,5,买盘
1331,10:40:07,42.19,181417,43,卖盘
1332,10:40:10,42.2,71728,17,买盘
1333,10:40:13,42.18,295377,70,卖盘
1334,10:40:16,42.19,101239,24,中性盘
1335,10:40:22,42.19,877161,208,买盘
1336,10:40:25,42.16,362644,86,卖盘
1337,10:40:28,42.15,295092,70,卖盘
1338,10:40:31,42.15,160170,38,卖盘
1339,10:40:34,42.14,105352,25,卖盘
1340,10:40:37,42.15,130596,31,买盘
1341,10:40:40,42.12,859139,204,卖盘
1342,10:40:43,42.1,631573,150,卖盘
1343,10:40:46,42.11,341039,81,中性盘
1344,10:40:49,42.09,235738,56,卖盘
1345,10:40:52,42.08,846374,201,卖盘
1346,10:40:55,42.07,206201,49,卖盘
1347,10:40:58,42.09,75769,18,卖盘
1348,10:41:01,42.13,147345,35,买盘
1349,10:41:04,42.1,42102,10,卖盘
1350,10:41:07,42.1,164192,39,卖盘
1351,10:41:10,42.11,105280,25,中性盘
1352,10:41:13,42.13,240008,57,买盘
1353,10:41:16,42.12,21061,5,卖盘
1354,10:41:19,42.13,8426,2,买盘
1355,10:41:22,42.12,122164,29,卖盘
1356,10:41:25,42.12,113738,27,卖盘
1357,10:41:28,42.12,58966,14,卖盘
1358,10:41:31,42.12,33698,8,卖盘
1359,10:41:34,42.12,126332,30,买盘
1360,10:41:37,42.12,92636,22,买盘
1361,10:41:40,42.12,181079,43,买盘
1362,10:41:43,42.12,92641,22,买盘
1363,10:41:46,42.09,101033,24,卖盘
1364,10:41:49,42.08,54715,13,卖盘
1365,10:41:52,42.08,71549,17,卖盘
1366,10:41:55,42.1,256620,61,中性盘
1367,10:41:58,42.1,79984,19,买盘
1368,10:42:01,42.06,222998,53,卖盘
1369,10:42:04,42.09,458438,109,中性盘
1370,10:42:07,42.04,370040,88,卖盘
1371,10:42:10,42.05,21027,5,中性盘
1372,10:42:13,42.03,504421,120,卖盘
1373,10:42:16,42.05,37847,9,买盘
1374,10:42:19,42.04,105110,25,卖盘
1375,10:42:22,42.08,370098,88,买盘
1376,10:42:25,42.09,508872,121,买盘
1377,10:42:28,42.06,42060,10,中性盘
1378,10:42:31,42.07,96755,23,中性盘
1379,10:42:34,42.05,479421,114,卖盘
1380,10:42:37,42.09,887513,211,中性盘
1381,10:42:40,42.06,214508,51,卖盘
1382,10:42:43,42.09,332362,79,买盘
1383,10:42:46,42.09,46290,11,买盘
1384,10:42:49,42.09,328091,78,中性盘
1385,10:42:52,42.07,96744,23,卖盘
1386,10:42:55,42.07,710666,169,买盘
1387,10:42:58,42.05,176612,42,卖盘
1388,10:43:01,42.08,96747,23,买盘
1389,10:43:04,42.08,269239,64,买盘
1390,10:43:07,42.05,222918,53,卖盘
1391,10:43:10,42.05,113535,27,卖盘
1392,10:43:13,42.04,290197,69,卖盘
1393,10:43:16,42.04,218662,52,卖盘
1394,10:43:19,42.07,46271,11,中性盘
1395,10:43:22,42.07,117771,28,买盘
1396,10:43:25,42.06,311143,74,中性盘
1397,10:43:28,42.07,58898,14,买盘
1398,10:43:31,42.04,29434,7,卖盘
1399,10:43:34,42.06,231338,55,卖盘
1400,10:43:37,42.06,63068,15,中性盘
1401,10:43:40,42.05,37859,9,中性盘
1402,10:43:43,42.08,512947,122,买盘
1403,10:43:46,42.08,46276,11,买盘
1404,10:43:49,42.08,67290,16,中性盘
1405,10:43:52,42.08,3270754,778,买盘
1406,10:43:55,42.04,100936,24,卖盘
1407,10:43:58,42.03,206006,49,卖盘
1408,10:44:01,42.02,744493,177,卖盘
1409,10:44:04,42.09,3424008,815,中性盘
1410,10:44:07,42.09,58922,14,买盘
1411,10:44:10,42.09,450165,107,买盘
1412,10:44:13,42.09,29460,7,买盘
1413,10:44:16,42.07,84146,20,卖盘
1414,10:44:19,42.07,84134,20,卖盘
1415,10:44:22,42.08,75728,18,买盘
1416,10:44:25,42.07,21037,5,卖盘
1417,10:44:28,42.08,201931,48,买盘
1418,10:44:31,42.06,168284,40,卖盘
1419,10:44:34,42.08,117806,28,买盘
1420,10:44:37,42.07,281737,67,卖盘
1421,10:44:40,42.06,16824,4,买盘
1422,10:44:43,42.09,315467,75,买盘
1423,10:44:46,42.09,12627,3,卖盘
1424,10:44:49,42.06,273437,65,卖盘
1425,10:44:52,42.05,290170,69,卖盘
1426,10:44:58,42.06,239742,57,卖盘
1427,10:45:01,42.05,227119,54,卖盘
1428,10:45:04,42.07,319563,76,买盘
1429,10:45:07,42.05,25234,6,中性盘
1430,10:45:10,42.04,37840,9,卖盘
1431,10:45:13,42.07,109333,26,买盘
1432,10:45:16,42.05,227164,54,卖盘
1433,10:45:19,42.05,286005,68,卖盘
1434,10:45:22,42.05,256500,61,卖盘
1435,10:45:25,42.05,84077,20,买盘
1436,10:45:28,42.02,550506,131,卖盘
1437,10:45:31,42.04,117753,28,卖盘
1438,10:45:34,42.05,58858,14,买盘
1439,10:45:37,42.08,21037,5,买盘
1440,10:45:43,42.05,96724,23,卖盘
1441,10:45:46,42.07,4207,1,买盘
1442,10:45:49,42.07,21035,5,买盘
1443,10:45:55,42.08,67311,16,买盘
1444,10:45:58,42.07,54693,13,卖盘
1445,10:46:01,42.08,16833,4,中性盘
1446,10:46:04,42.09,37881,9,买盘
1447,10:46:07,42.07,50494,12,卖盘
1448,10:46:10,42.08,16834,4,卖盘
1449,10:46:13,42.07,134646,32,卖盘
1450,10:46:16,42.09,29458,7,买盘
1451,10:46:19,42.09,37882,9,中性盘
1452,10:46:25,42.09,4209,1,买盘
1453,10:46:28,42.08,92577,22,卖盘
1454,10:46:31,42.08,29456,7,买盘
1455,10:46:34,42.08,126240,30,买盘
1456,10:46:37,42.08,130462,31,买盘
1457,10:46:40,42.09,4209,1,买盘
1458,10:46:43,42.09,71553,17,买盘
1459,10:46:46,42.09,12627,3,买盘
1460,10:46:49,42.09,4209,1,买盘
1461,10:46:52,42.09,4209,1,买盘
1462,10:46:55,42.09,12627,3,买盘
1463,10:46:58,42.08,12624,3,卖盘
1464,10:47:01,42.08,29460,7,卖盘
1465,10:47:04,42.08,63122,15,卖盘
1466,10:47:07,42.08,126266,30,卖盘
1467,10:47:10,42.09,218863,52,买盘
1468,10:47:13,42.08,25252,6,卖盘
1469,10:47:16,42.08,21040,5,卖盘
1470,10:47:22,42.08,172528,41,卖盘
1471,10:47:25,42.09,58925,14,买盘
1472,10:47:28,42.09,105225,25,买盘
1473,10:47:37,42.1,25260,6,买盘
1474,10:47:40,42.08,273536,65,卖盘
1475,10:47:43,42.1,29470,7,买盘
1476,10:47:46,42.11,353636,84,买盘
1477,10:47:49,42.15,400485,95,买盘
1478,10:47:52,42.12,4212,1,卖盘
1479,10:47:55,42.14,12643,3,买盘
1480,10:47:58,42.14,4214,1,买盘
1481,10:48:01,42.14,16856,4,买盘
1482,10:48:04,42.12,12638,3,卖盘
1483,10:48:07,42.13,75824,18,买盘
1484,10:48:10,42.13,21065,5,买盘
1485,10:48:13,42.13,84250,20,买盘
1486,10:48:16,42.13,46343,11,买盘
1487,10:48:19,42.12,29489,7,卖盘
1488,10:48:25,42.12,147420,35,卖盘
1489,10:48:28,42.12,252763,60,卖盘
1490,10:48:46,42.12,33696,8,买盘
1491,10:48:52,42.12,8424,2,买盘
1492,10:48:55,42.11,42110,10,卖盘
1493,10:49:01,42.12,8424,2,买盘
1494,10:49:04,42.12,101052,24,买盘
1495,10:49:07,42.11,8422,2,中性盘
1496,10:49:10,42.1,21053,5,卖盘
1497,10:49:13,42.09,12627,3,卖盘
1498,10:49:16,42.09,37881,9,卖盘
1499,10:49:19,42.09,16836,4,卖盘
1500,10:49:22,42.1,42100,10,买盘
1501,10:49:28,42.1,71570,17,买盘
1502,10:49:31,42.09,408335,97,卖盘
1503,10:49:34,42.1,105247,25,中性盘
1504,10:49:40,42.11,25266,6,买盘
1505,10:49:43,42.11,75798,18,买盘
1506,10:49:46,42.12,168453,40,买盘
1507,10:49:49,42.12,160043,38,买盘
1508,10:49:52,42.12,54756,13,买盘
1509,10:49:55,42.13,269573,64,买盘
1510,10:49:58,42.12,134811,32,卖盘
1511,10:50:01,42.13,181159,43,买盘
1512,10:50:04,42.13,71621,17,买盘
1513,10:50:07,42.13,54764,13,买盘
1514,10:50:10,42.12,109514,26,卖盘
1515,10:50:13,42.12,122148,29,买盘
1516,10:50:16,42.13,202224,48,买盘
1517,10:50:19,42.15,497165,118,买盘
1518,10:50:22,42.19,206668,49,买盘
1519,10:50:25,42.2,354482,84,买盘
1520,10:50:28,42.22,139289,33,买盘
1521,10:50:31,42.21,63326,15,中性盘
1522,10:50:34,42.21,42214,10,卖盘
1523,10:50:37,42.2,63306,15,卖盘
1524,10:50:40,42.2,122400,29,卖盘
1525,10:50:46,42.19,92818,22,卖盘
1526,10:50:49,42.19,8438,2,买盘
1527,10:50:52,42.18,8436,2,买盘
1528,10:50:58,42.16,21085,5,卖盘
1529,10:51:01,42.16,21082,5,卖盘
1530,10:51:04,42.17,12651,3,买盘
1531,10:51:07,42.17,37942,9,买盘
1532,10:51:10,42.17,92774,22,买盘
1533,10:51:13,42.16,21082,5,卖盘
1534,10:51:16,42.17,8434,2,中性盘
1535,10:51:19,42.17,8434,2,买盘
1536,10:51:22,42.17,25302,6,买盘
1537,10:51:25,42.16,37945,9,卖盘
1538,10:51:28,42.15,4215,1,卖盘
1539,10:51:31,42.15,126449,30,卖盘
1540,10:51:34,42.15,42150,10,买盘
1541,10:51:37,42.15,29505,7,买盘
1542,10:51:40,42.16,63240,15,买盘
1543,10:51:43,42.17,71689,17,买盘
1544,10:51:46,42.17,54822,13,卖盘
1545,10:51:49,42.17,337233,80,卖盘
1546,10:51:52,42.17,12651,3,中性盘
1547,10:51:58,42.17,12651,3,卖盘
1548,10:52:01,42.18,33741,8,买盘
1549,10:52:04,42.15,8430,2,卖盘
1550,10:52:07,42.15,46365,11,卖盘
1551,10:52:13,42.19,126538,30,买盘
1552,10:52:16,42.19,12655,3,买盘
1553,10:52:19,42.19,33747,8,买盘
1554,10:52:22,42.22,362890,86,买盘
1555,10:52:25,42.21,92872,22,中性盘
1556,10:52:28,42.21,33758,8,中性盘
1557,10:52:31,42.22,25329,6,买盘
1558,10:52:37,42.2,37980,9,卖盘
1559,10:52:40,42.19,88618,21,卖盘
1560,10:52:43,42.21,46421,11,买盘
1561,10:52:46,42.19,206769,49,卖盘
1562,10:52:49,42.2,16880,4,买盘
1563,10:52:52,42.2,12660,3,卖盘
1564,10:52:55,42.2,54870,13,卖盘
1565,10:52:58,42.21,12663,3,卖盘
1566,10:53:01,42.21,12663,3,卖盘
1567,10:53:04,42.2,101304,24,卖盘
1568,10:53:07,42.22,113980,27,买盘
1569,10:53:10,42.23,25338,6,买盘
1570,10:53:16,42.23,8446,2,买盘
1571,10:53:19,42.23,50676,12,买盘
1572,10:53:22,42.23,25338,6,卖盘
1573,10:53:28,42.23,21117,5,卖盘
1574,10:53:31,42.21,304018,72,卖盘
1575,10:53:34,42.2,46439,11,卖盘
1576,10:53:37,42.21,25326,6,卖盘
1577,10:53:40,42.2,29543,7,卖盘
1578,10:53:43,42.2,92858,22,卖盘
1579,10:53:46,42.2,113950,27,卖盘
1580,10:53:49,42.21,4221,1,买盘
1581,10:53:52,42.2,8440,2,卖盘
1582,10:53:55,42.21,25323,6,买盘
1583,10:53:58,42.21,92855,22,买盘
1584,10:54:01,42.21,105531,25,卖盘
1585,10:54:04,42.22,71772,17,买盘
1586,10:54:10,42.21,12663,3,卖盘
1587,10:54:13,42.22,33775,8,买盘
1588,10:54:19,42.23,67554,16,买盘
1589,10:54:22,42.24,4224,1,买盘
1590,10:54:28,42.23,4223,1,中性盘
1591,10:54:31,42.24,25338,6,买盘
1592,10:54:34,42.24,12672,3,买盘
1593,10:54:37,42.24,16896,4,买盘
1594,10:54:46,42.24,8448,2,买盘
1595,10:54:49,42.24,46459,11,买盘
1596,10:54:52,42.22,59110,14,卖盘
1597,10:54:58,42.24,12672,3,买盘
1598,10:55:01,42.24,42237,10,买盘
1599,10:55:07,42.24,29568,7,买盘
1600,10:55:10,42.19,1190447,282,卖盘
1601,10:55:13,42.19,4219,1,卖盘
1602,10:55:16,42.21,63303,15,买盘
1603,10:55:19,42.21,33768,8,买盘
1604,10:55:22,42.21,67522,16,买盘
1605,10:55:25,42.2,54862,13,卖盘
1606,10:55:28,42.2,8440,2,卖盘
1607,10:55:31,42.2,25320,6,卖盘
1608,10:55:34,42.2,189900,45,卖盘
1609,10:55:37,42.2,16880,4,买盘
1610,10:55:40,42.2,29540,7,买盘
1611,10:55:43,42.2,84400,20,买盘
1612,10:55:46,42.2,16880,4,中性盘
1613,10:55:49,42.2,63297,15,买盘
1614,10:55:52,42.2,54860,13,卖盘
1615,10:55:55,42.21,25318,6,买盘
1616,10:55:58,42.21,4221,1,买盘
1617,10:56:01,42.2,4220,1,中性盘
1618,10:56:04,42.21,105507,25,买盘
1619,10:56:10,42.22,8444,2,买盘
1620,10:56:13,42.22,29554,7,买盘
1621,10:56:16,42.22,21110,5,买盘
1622,10:56:19,42.22,46442,11,卖盘
1623,10:56:22,42.24,88704,21,买盘
1624,10:56:25,42.23,46455,11,卖盘
1625,10:56:28,42.25,29568,7,买盘
1626,10:56:31,42.27,228152,54,买盘
1627,10:56:34,42.27,169056,40,买盘
1628,10:56:37,42.25,50700,12,卖盘
1629,10:56:40,42.25,147897,35,卖盘
1630,10:56:43,42.25,29587,7,买盘
1631,10:56:46,42.25,114075,27,卖盘
1632,10:56:49,42.25,42250,10,买盘
1633,10:56:52,42.24,16896,4,卖盘
1634,10:56:55,42.25,33800,8,买盘
1635,10:56:58,42.25,71820,17,买盘
1636,10:57:01,42.25,38025,9,买盘
1637,10:57:04,42.25,80275,19,中性盘
1638,10:57:07,42.24,46473,11,卖盘
1639,10:57:10,42.27,42260,10,买盘
1640,10:57:13,42.24,8448,2,卖盘
1641,10:57:16,42.27,397338,94,买盘
1642,10:57:19,42.27,21135,5,中性盘
1643,10:57:22,42.27,4227,1,买盘
1644,10:57:25,42.26,21134,5,中性盘
1645,10:57:40,42.26,21130,5,卖盘
1646,10:57:43,42.26,25356,6,买盘
1647,10:57:46,42.25,54925,13,卖盘
1648,10:57:49,42.27,50722,12,买盘
1649,10:57:55,42.25,156328,37,卖盘
1650,10:57:58,42.27,181684,43,买盘
1651,10:58:01,42.26,8452,2,买盘
1652,10:58:04,42.25,80275,19,卖盘
1653,10:58:07,42.26,50701,12,买盘
1654,10:58:10,42.26,29582,7,买盘
1655,10:58:13,42.25,88725,21,卖盘
1656,10:58:16,42.25,50700,12,卖盘
1657,10:58:19,42.25,54930,13,卖盘
1658,10:58:22,42.25,54925,13,买盘
1659,10:58:25,42.25,8450,2,买盘
1660,10:58:28,42.25,63373,15,买盘
1661,10:58:31,42.29,726833,172,买盘
1662,10:58:34,42.3,8460,2,买盘
1663,10:58:37,42.28,29604,7,卖盘
1664,10:58:40,42.28,181804,43,卖盘
1665,10:58:43,42.25,29584,7,卖盘
1666,10:58:46,42.26,8452,2,中性盘
1667,10:58:49,42.26,4226,1,卖盘
1668,10:58:52,42.27,12683,3,中性盘
1669,10:58:55,42.26,33812,8,卖盘
1670,10:58:58,42.28,4228,1,买盘
1671,10:59:01,42.28,29593,7,买盘
1672,10:59:04,42.27,25359,6,买盘
1673,10:59:07,42.28,33814,8,买盘
1674,10:59:10,42.26,38042,9,卖盘
1675,10:59:13,42.26,50712,12,卖盘
1676,10:59:16,42.26,211300,50,卖盘
1677,10:59:19,42.25,21125,5,卖盘
1678,10:59:22,42.25,33800,8,卖盘
1679,10:59:25,42.26,544973,129,买盘
1680,10:59:28,42.23,76014,18,卖盘
1681,10:59:31,42.21,574295,136,卖盘
1682,10:59:34,42.22,50662,12,买盘
1683,10:59:40,42.22,21107,5,买盘
1684,10:59:43,42.22,215304,51,买盘
1685,10:59:46,42.24,21123,5,中性盘
1686,10:59:49,42.28,71848,17,买盘
1687,10:59:55,42.29,1824704,432,买盘
1688,10:59:58,42.28,198736,47,卖盘
1689,11:00:01,42.26,143740,34,卖盘
1690,11:00:04,42.27,42266,10,买盘
1691,11:00:07,42.28,25365,6,中性盘
1692,11:00:10,42.27,8454,2,卖盘
1693,11:00:13,42.28,329700,78,买盘
1694,11:00:16,42.25,33806,8,中性盘
1695,11:00:19,42.25,50706,12,卖盘
1696,11:00:22,42.25,54925,13,卖盘
1697,11:00:25,42.24,109851,26,卖盘
1698,11:00:28,42.25,21123,5,买盘
1699,11:00:31,42.24,168990,40,卖盘
1700,11:00:34,42.25,63363,15,买盘
1701,11:00:37,42.24,21120,5,卖盘
1702,11:00:40,42.24,67587,16,卖盘
1703,11:00:46,42.25,8449,2,买盘
1704,11:00:49,42.24,270353,64,卖盘
1705,11:00:52,42.24,8448,2,买盘
1706,11:00:55,42.25,122483,29,买盘
1707,11:00:58,42.25,12675,3,买盘
1708,11:01:01,42.26,50703,12,买盘
1709,11:01:04,42.24,21124,5,卖盘
1710,11:01:10,42.24,8448,2,卖盘
1711,11:01:13,42.25,12675,3,买盘
1712,11:01:16,42.24,16897,4,卖盘
1713,11:01:19,42.24,67586,16,卖盘
1714,11:01:22,42.25,50691,12,买盘
1715,11:01:25,42.24,63373,15,卖盘
1716,11:01:28,42.24,33795,8,卖盘
1717,11:01:31,42.25,21121,5,买盘
1718,11:01:34,42.25,147850,35,买盘
1719,11:01:37,42.25,202811,48,买盘
1720,11:01:40,42.27,33811,8,买盘
1721,11:01:43,42.28,16910,4,买盘
1722,11:01:46,42.28,122611,29,买盘
1723,11:01:49,42.27,80320,19,卖盘
1724,11:01:52,42.28,12684,3,买盘
1725,11:01:55,42.27,63418,15,卖盘
1726,11:02:01,42.29,4229,1,中性盘
1727,11:02:04,42.29,42279,10,买盘
1728,11:02:07,42.29,38061,9,买盘
1729,11:02:10,42.3,88830,21,买盘
1730,11:02:13,42.3,131109,31,买盘
1731,11:02:16,42.28,16912,4,卖盘
1732,11:02:19,42.28,46508,11,卖盘
1733,11:02:22,42.27,156403,37,卖盘
1734,11:02:25,42.25,261960,62,卖盘
1735,11:02:28,42.27,114091,27,买盘
1736,11:02:31,42.24,135157,32,卖盘
1737,11:02:34,42.24,25344,6,买盘
1738,11:02:37,42.24,50688,12,买盘
1739,11:02:40,42.26,223877,53,买盘
1740,11:02:43,42.25,38025,9,卖盘
1741,11:02:46,42.26,16904,4,买盘
1742,11:02:52,42.25,12675,3,卖盘
1743,11:02:55,42.25,21126,5,卖盘
1744,11:02:58,42.26,63377,15,买盘
1745,11:03:01,42.25,84500,20,卖盘
1746,11:03:04,42.26,16901,4,买盘
1747,11:03:07,42.26,169031,40,买盘
1748,11:03:10,42.27,76083,18,买盘
1749,11:03:13,42.28,59179,14,买盘
1750,11:03:16,42.28,42267,10,买盘
1751,11:03:19,42.27,54958,13,买盘
1752,11:03:22,42.26,16904,4,卖盘
1753,11:03:25,42.28,59179,14,买盘
1754,11:03:28,42.28,59192,14,买盘
1755,11:03:31,42.28,16910,4,买盘
1756,11:03:34,42.27,33819,8,卖盘
1757,11:03:37,42.27,21135,5,卖盘
1758,11:03:40,42.27,88767,21,卖盘
1759,11:03:43,42.26,59168,14,卖盘
1760,11:03:49,42.26,12680,3,卖盘
1761,11:03:52,42.26,672339,159,卖盘
1762,11:03:55,42.28,21144,5,中性盘
1763,11:03:58,42.28,4228,1,卖盘
1764,11:04:01,42.28,25360,6,卖盘
1765,11:04:04,42.25,169062,40,卖盘
1766,11:04:07,42.25,152063,36,卖盘
1767,11:04:10,42.24,33796,8,中性盘
1768,11:04:13,42.25,8449,2,买盘
1769,11:04:16,42.25,126737,30,买盘
1770,11:04:19,42.25,38025,9,买盘
1771,11:04:22,42.25,42247,10,买盘
1772,11:04:25,42.23,54901,13,卖盘
1773,11:04:28,42.25,156329,37,买盘
1774,11:04:31,42.27,109871,26,买盘
1775,11:04:34,42.27,33814,8,买盘
1776,11:04:37,42.25,16902,4,卖盘
1777,11:04:40,42.25,33804,8,卖盘
1778,11:04:43,42.25,80275,19,卖盘
1779,11:04:46,42.25,253515,60,中性盘
1780,11:04:49,42.26,109894,26,卖盘
1781,11:04:52,42.28,21136,5,买盘
1782,11:04:55,42.26,291592,69,卖盘
1783,11:04:58,42.26,105642,25,买盘
1784,11:05:01,42.26,4226,1,买盘
1785,11:05:04,42.26,29577,7,买盘
1786,11:05:07,42.26,42260,10,买盘
1787,11:05:10,42.25,67611,16,卖盘
1788,11:05:13,42.25,25350,6,买盘
1789,11:05:16,42.24,97169,23,卖盘
1790,11:05:19,42.24,92923,22,买盘
1791,11:05:22,42.26,16904,4,买盘
1792,11:05:25,42.26,67596,16,买盘
1793,11:05:28,42.25,76052,18,买盘
1794,11:05:31,42.26,16904,4,买盘
1795,11:05:34,42.25,33802,8,卖盘
1796,11:05:37,42.23,282968,67,卖盘
1797,11:05:40,42.24,76031,18,买盘
1798,11:05:43,42.23,8446,2,卖盘
1799,11:05:46,42.25,71804,17,买盘
1800,11:05:49,42.23,33779,8,中性盘
1801,11:05:52,42.25,38021,9,买盘
1802,11:05:55,42.25,92912,22,买盘
1803,11:05:58,42.25,16900,4,买盘
1804,11:06:01,42.24,4224,1,卖盘
1805,11:06:04,42.24,25345,6,卖盘
1806,11:06:07,42.24,42234,10,买盘
1807,11:06:10,42.23,130913,31,卖盘
1808,11:06:13,42.23,46455,11,买盘
1809,11:06:16,42.24,105585,25,买盘
1810,11:06:19,42.26,354826,84,买盘
1811,11:06:22,42.25,261996,62,中性盘
1812,11:06:25,42.3,93015,22,买盘
1813,11:06:28,42.27,59177,14,中性盘
1814,11:06:31,42.26,12684,3,中性盘
1815,11:06:34,42.25,92956,22,卖盘
1816,11:06:37,42.25,8450,2,买盘
1817,11:06:40,42.25,25350,6,买盘
1818,11:06:43,42.25,16900,4,买盘
1819,11:06:46,42.24,16896,4,卖盘
1820,11:06:49,42.24,126749,30,卖盘
1821,11:06:52,42.27,101396,24,买盘
1822,11:06:55,42.24,63360,15,卖盘
1823,11:06:58,42.24,8448,2,买盘
1824,11:07:01,42.24,4224,1,买盘
1825,11:07:04,42.24,4224,1,买盘
1826,11:07:07,42.27,240816,57,买盘
1827,11:07:10,42.27,811688,192,卖盘
1828,11:07:16,42.27,262134,62,中性盘
1829,11:07:19,42.25,97204,23,卖盘
1830,11:07:22,42.27,42291,10,中性盘
1831,11:07:25,42.29,97262,23,买盘
1832,11:07:28,42.26,71892,17,卖盘
1833,11:07:31,42.27,71885,17,买盘
1834,11:07:34,42.3,16920,4,买盘
1835,11:07:40,42.29,80332,19,买盘
1836,11:07:43,42.29,54959,13,买盘
1837,11:07:46,42.27,12682,3,中性盘
1838,11:07:49,42.27,16906,4,买盘
1839,11:07:52,42.26,21130,5,卖盘
1840,11:07:55,42.26,4226,1,买盘
1841,11:07:58,42.25,29576,7,卖盘
1842,11:08:01,42.26,54931,13,买盘
1843,11:08:04,42.26,4226,1,买盘
1844,11:08:07,42.25,16900,4,买盘
1845,11:08:10,42.24,54913,13,卖盘
1846,11:08:13,42.24,4224,1,卖盘
1847,11:08:16,42.25,21123,5,买盘
1848,11:08:19,42.23,63350,15,卖盘
1849,11:08:22,42.24,50688,12,中性盘
1850,11:08:25,42.24,38018,9,卖盘
1851,11:08:28,42.25,21122,5,买盘
1852,11:08:31,42.24,25347,6,卖盘
1853,11:08:34,42.25,21125,5,买盘
1854,11:08:37,42.24,12672,3,卖盘
1855,11:08:40,42.25,16897,4,买盘
1856,11:08:43,42.25,29569,7,买盘
1857,11:08:46,42.25,160516,38,买盘
1858,11:08:49,42.25,156276,37,买盘
1859,11:08:52,42.24,80271,19,中性盘
1860,11:08:55,42.25,21121,5,买盘
1861,11:08:58,42.25,8450,2,买盘
1862,11:09:01,42.25,126750,30,买盘
1863,11:09:04,42.25,71825,17,买盘
1864,11:09:07,42.26,54950,13,中性盘
1865,11:09:10,42.26,236548,56,卖盘
1866,11:09:13,42.23,135198,32,卖盘
1867,11:09:16,42.25,8450,2,买盘
1868,11:09:19,42.24,21119,5,买盘
1869,11:09:22,42.23,4223,1,卖盘
1870,11:09:25,42.24,8448,2,买盘
1871,11:09:31,42.24,16895,4,买盘
1872,11:09:34,42.23,25339,6,卖盘
1873,11:09:37,42.22,97108,23,卖盘
1874,11:09:40,42.21,25326,6,卖盘
1875,11:09:43,42.21,50660,12,卖盘
1876,11:09:49,42.22,80202,19,买盘
1877,11:09:52,42.21,46431,11,卖盘
1878,11:09:55,42.2,12660,3,卖盘
1879,11:10:01,42.2,122380,29,卖盘
1880,11:10:04,42.2,384021,91,卖盘
1881,11:10:07,42.19,240538,57,卖盘
1882,11:10:10,42.2,130818,31,买盘
1883,11:10:13,42.2,113935,27,买盘
1884,11:10:16,42.2,223612,53,买盘
1885,11:10:31,42.18,50616,12,卖盘
1886,11:10:34,42.19,80146,19,买盘
1887,11:10:37,42.19,67503,16,买盘
1888,11:10:46,42.18,37962,9,卖盘
1889,11:10:49,42.18,54830,13,买盘
1890,11:10:52,42.18,50616,12,买盘
1891,11:10:55,42.18,105450,25,卖盘
1892,11:10:58,42.16,324719,77,卖盘
1893,11:11:01,42.16,109610,26,买盘
1894,11:11:04,42.15,67452,16,卖盘
1895,11:11:10,42.15,12645,3,卖盘
1896,11:11:13,42.15,50580,12,卖盘
1897,11:11:16,42.15,4215,1,卖盘
1898,11:11:19,42.14,25286,6,卖盘
1899,11:11:25,42.16,1846608,438,买盘
1900,11:11:28,42.18,88545,21,买盘
1901,11:11:34,42.18,59052,14,买盘
1902,11:11:40,42.19,101256,24,买盘
1903,11:11:43,42.19,46413,11,卖盘
1904,11:11:49,42.18,860669,204,卖盘
1905,11:11:52,42.17,37958,9,卖盘
1906,11:11:58,42.17,21085,5,卖盘
1907,11:12:01,42.16,143344,34,卖盘
1908,11:12:07,42.15,12645,3,卖盘
1909,11:12:10,42.15,42152,10,卖盘
1910,11:12:13,42.15,4215,1,卖盘
1911,11:12:16,42.15,12645,3,卖盘
1912,11:12:19,42.15,463437,110,卖盘
1913,11:12:22,42.15,16860,4,买盘
1914,11:12:25,42.15,155955,37,买盘
1915,11:12:28,42.15,21078,5,卖盘
1916,11:12:31,42.16,16861,4,买盘
1917,11:12:34,42.15,67441,16,卖盘
1918,11:12:37,42.16,42160,10,买盘
1919,11:12:40,42.15,63225,15,卖盘
1920,11:12:43,42.16,21080,5,买盘
1921,11:12:46,42.16,126480,30,买盘
1922,11:12:55,42.17,12651,3,卖盘
1923,11:12:58,42.15,160203,38,卖盘
1924,11:13:01,42.16,33725,8,中性盘
1925,11:13:04,42.16,8432,2,买盘
1926,11:13:07,42.16,96961,23,买盘
1927,11:13:13,42.16,12648,3,买盘
1928,11:13:16,42.16,92749,22,买盘
1929,11:13:19,42.15,42157,10,卖盘
1930,11:13:22,42.16,12648,3,中性盘
1931,11:13:25,42.17,16868,4,买盘
1932,11:13:31,42.17,4217,1,买盘
1933,11:13:37,42.15,42156,10,卖盘
1934,11:13:40,42.16,4216,1,卖盘
1935,11:13:46,42.17,50594,12,买盘
1936,11:13:49,42.17,227718,54,买盘
1937,11:13:52,42.17,8434,2,卖盘
1938,11:13:55,42.18,67488,16,买盘
1939,11:14:04,42.19,50619,12,买盘
1940,11:14:07,42.18,4218,1,卖盘
1941,11:14:10,42.18,25308,6,卖盘
1942,11:14:13,42.18,46396,11,买盘
1943,11:14:16,42.17,37953,9,卖盘
1944,11:14:19,42.17,269888,64,卖盘
1945,11:14:22,42.17,25302,6,买盘
1946,11:14:25,42.16,383742,91,卖盘
1947,11:14:28,42.16,139152,33,卖盘
1948,11:14:31,42.18,21090,5,买盘
1949,11:14:34,42.18,168682,40,买盘
1950,11:14:40,42.16,4216,1,卖盘
1951,11:14:43,42.17,33736,8,中性盘
1952,11:14:46,42.16,25296,6,卖盘
1953,11:14:55,42.17,37953,9,买盘
1954,11:15:01,42.17,4217,1,买盘
1955,11:15:04,42.17,139132,33,买盘
1956,11:15:10,42.16,12648,3,卖盘
1957,11:15:13,42.16,50592,12,买盘
1958,11:15:16,42.16,25296,6,买盘
1959,11:15:19,42.17,223480,53,买盘
1960,11:15:22,42.16,21081,5,卖盘
1961,11:15:25,42.16,25296,6,卖盘
1962,11:15:28,42.17,8434,2,买盘
1963,11:15:31,42.16,46376,11,卖盘
1964,11:15:34,42.16,12648,3,卖盘
1965,11:15:40,42.16,12648,3,卖盘
1966,11:15:49,42.16,54809,13,卖盘
1967,11:15:52,42.16,29512,7,卖盘
1968,11:15:55,42.16,63242,15,卖盘
1969,11:15:58,42.16,8432,2,卖盘
1970,11:16:01,42.15,602778,143,卖盘
1971,11:16:04,42.13,105325,25,卖盘
1972,11:16:07,42.13,252756,60,卖盘
1973,11:16:10,42.13,109559,26,卖盘
1974,11:16:13,42.13,33704,8,买盘
1975,11:16:16,42.13,366788,87,买盘
1976,11:16:19,42.17,4217,1,中性盘
1977,11:16:22,42.14,8429,2,卖盘
1978,11:16:28,42.15,12645,3,中性盘
1979,11:16:31,42.16,21076,5,买盘
1980,11:16:34,42.16,37944,9,卖盘
1981,11:16:37,42.15,8430,2,卖盘
1982,11:16:40,42.14,12645,3,卖盘
1983,11:16:43,42.15,16860,4,中性盘
1984,11:16:46,42.16,16864,4,买盘
1985,11:16:49,42.16,33727,8,买盘
1986,11:16:55,42.16,25296,6,买盘
1987,11:16:58,42.16,8432,2,买盘
1988,11:17:01,42.16,75878,18,买盘
1989,11:17:04,42.16,42159,10,买盘
1990,11:17:07,42.15,33727,8,卖盘
1991,11:17:10,42.16,4216,1,买盘
1992,11:17:13,42.16,160209,38,买盘
1993,11:17:16,42.16,4216,1,卖盘
1994,11:17:19,42.17,101208,24,买盘
1995,11:17:22,42.17,16868,4,中性盘
1996,11:17:28,42.18,160284,38,买盘
1997,11:17:34,42.16,269856,64,卖盘
1998,11:17:37,42.18,4218,1,买盘
1999,11:17:40,42.18,113882,27,买盘
2000,11:17:46,42.17,46388,11,卖盘
2001,11:17:49,42.18,4218,1,买盘
2002,11:17:52,42.15,1163452,276,卖盘
2003,11:17:55,42.15,54787,13,买盘
2004,11:17:58,42.15,4215,1,买盘
2005,11:18:01,42.12,1419473,337,卖盘
2006,11:18:04,42.12,58951,14,买盘
2007,11:18:07,42.12,29484,7,买盘
2008,11:18:10,42.12,8425,2,卖盘
2009,11:18:16,42.12,84240,20,卖盘
2010,11:18:19,42.12,21060,5,买盘
2011,11:18:22,42.12,54756,13,买盘
2012,11:18:25,42.14,1343944,319,买盘
2013,11:18:28,42.15,118020,28,买盘
2014,11:18:31,42.15,46369,11,卖盘
2015,11:18:34,42.15,46374,11,卖盘
2016,11:18:37,42.16,96957,23,买盘
2017,11:18:40,42.13,147501,35,卖盘
2018,11:18:43,42.15,4215,1,买盘
2019,11:18:46,42.15,8430,2,买盘
2020,11:18:49,42.14,29502,7,卖盘
2021,11:18:52,42.14,75842,18,买盘
2022,11:18:58,42.13,193804,46,卖盘
2023,11:19:01,42.13,324466,77,卖盘
2024,11:19:04,42.14,4214,1,买盘
2025,11:19:07,42.14,623672,148,买盘
2026,11:19:10,42.13,12641,3,卖盘
2027,11:19:13,42.13,1309453,311,卖盘
2028,11:19:16,42.11,46324,11,卖盘
2029,11:19:19,42.09,1090395,259,卖盘
2030,11:19:22,42.1,67357,16,买盘
2031,11:19:25,42.09,21047,5,卖盘
2032,11:19:28,42.1,1413677,336,买盘
2033,11:19:31,42.1,101023,24,买盘
2034,11:19:34,42.09,4209,1,卖盘
2035,11:19:37,42.1,96826,23,买盘
2036,11:19:40,42.11,214730,51,买盘
2037,11:19:43,42.11,92642,22,卖盘
2038,11:19:49,42.12,25269,6,买盘
2039,11:19:52,42.11,16844,4,卖盘
2040,11:19:55,42.11,63166,15,卖盘
2041,11:19:58,42.11,84221,20,卖盘
2042,11:20:01,42.11,92658,22,卖盘
2043,11:20:04,42.1,29470,7,买盘
2044,11:20:07,42.08,576538,137,卖盘
2045,11:20:10,42.08,446048,106,买盘
2046,11:20:13,42.05,891673,212,卖盘
2047,11:20:16,42.08,529881,126,买盘
2048,11:20:19,42.08,46285,11,买盘
2049,11:20:22,42.08,25248,6,买盘
2050,11:20:25,42.06,126219,30,卖盘
2051,11:20:28,42.07,117811,28,中性盘
2052,11:20:31,42.08,4208,1,买盘
2053,11:20:34,42.07,63099,15,卖盘
2054,11:20:37,42.09,214587,51,买盘
2055,11:20:40,42.09,84162,20,买盘
2056,11:20:43,42.1,4210,1,买盘
2057,11:20:46,42.1,42100,10,买盘
2058,11:20:49,42.1,46310,11,卖盘
2059,11:20:52,42.1,12630,3,卖盘
2060,11:20:58,42.1,96830,23,买盘
2061,11:21:01,42.1,63144,15,买盘
2062,11:21:04,42.11,1442751,343,买盘
2063,11:21:07,42.09,33679,8,卖盘
2064,11:21:13,42.11,25266,6,买盘
2065,11:21:16,42.1,33680,8,卖盘
2066,11:21:19,42.1,12630,3,卖盘
2067,11:21:22,42.1,58940,14,卖盘
2068,11:21:25,42.06,1287258,306,卖盘
2069,11:21:28,42.1,21050,5,买盘
2070,11:21:31,42.05,698087,166,卖盘
2071,11:21:34,42.07,651800,155,买盘
2072,11:21:37,42.09,12627,3,中性盘
2073,11:21:40,42.03,1265417,301,卖盘
2074,11:21:43,42.07,21035,5,中性盘
2075,11:21:46,42.05,1261509,300,卖盘
2076,11:21:52,42.07,100960,24,卖盘
2077,11:21:55,42.09,1349439,321,买盘
2078,11:22:01,42.09,25253,6,中性盘
2079,11:22:04,42.09,67322,16,买盘
2080,11:22:10,42.09,46299,11,买盘
2081,11:22:13,42.09,21045,5,买盘
2082,11:22:16,42.09,4209,1,中性盘
2083,11:22:19,42.09,1274573,303,卖盘
2084,11:22:22,42.09,25256,6,中性盘
2085,11:22:25,42.09,1278365,304,中性盘
2086,11:22:28,42.07,21038,5,中性盘
2087,11:22:34,42.09,130427,31,买盘
2088,11:22:37,42.09,4209,1,买盘
2089,11:22:40,42.08,25250,6,卖盘
2090,11:22:43,42.09,168335,40,买盘
2091,11:22:46,42.09,42089,10,买盘
2092,11:22:49,42.08,96784,23,卖盘
2093,11:22:55,42.05,1312103,312,卖盘
2094,11:22:58,42.06,16826,4,卖盘
2095,11:23:01,42.09,1438327,342,买盘
2096,11:23:04,42.09,4209,1,买盘
2097,11:23:07,42.08,4208,1,卖盘
2098,11:23:10,42.07,8414,2,中性盘
2099,11:23:13,42.05,416341,99,卖盘
2100,11:23:16,42.04,84097,20,卖盘
2101,11:23:22,42.05,201806,48,买盘
2102,11:23:25,42.05,67279,16,买盘
2103,11:23:28,42.04,42047,10,卖盘
2104,11:23:31,42.05,592905,141,买盘
2105,11:23:34,42.05,142970,34,买盘
2106,11:23:37,42.05,71494,17,卖盘
2107,11:23:40,42.02,1513205,360,卖盘
2108,11:23:43,42.05,21028,5,中性盘
2109,11:23:46,42.05,4205,1,卖盘
2110,11:23:49,42.05,8410,2,卖盘
2111,11:23:52,42.06,71490,17,买盘
2112,11:24:01,42.06,281765,67,买盘
2113,11:24:04,42.05,42053,10,卖盘
2114,11:24:07,42.05,71468,17,买盘
2115,11:24:10,42.05,1345028,320,买盘
2116,11:24:13,42.05,836908,199,中性盘
2117,11:24:16,42.01,1248047,297,卖盘
2118,11:24:19,42.04,79881,19,中性盘
2119,11:24:22,42.05,84100,20,买盘
2120,11:24:25,42.04,180783,43,卖盘
2121,11:24:31,42.04,37841,9,卖盘
2122,11:24:34,42.06,189183,45,买盘
2123,11:24:37,42.05,37851,9,卖盘
2124,11:24:40,42.06,844879,201,中性盘
2125,11:24:43,42.03,25218,6,卖盘
2126,11:24:46,42.05,37842,9,中性盘
2127,11:24:49,42.03,67272,16,卖盘
2128,11:24:52,42.02,113498,27,卖盘
2129,11:24:55,42.04,159713,38,中性盘
2130,11:24:58,42.03,54637,13,卖盘
2131,11:25:01,42.03,100880,24,卖盘
2132,11:25:04,42.04,231167,55,买盘
2133,11:25:07,42.02,163882,39,卖盘
2134,11:25:10,42.02,67239,16,卖盘
2135,11:25:13,42.02,29414,7,卖盘
2136,11:25:16,42.02,63031,15,卖盘
2137,11:25:19,42.02,50429,12,卖盘
2138,11:25:22,42.03,79853,19,买盘
2139,11:25:25,42.03,197541,47,买盘
2140,11:25:28,42.04,12611,3,买盘
2141,11:25:31,42.03,71456,17,卖盘
2142,11:25:34,42.04,4204,1,买盘
2143,11:25:37,42.02,109273,26,卖盘
2144,11:25:40,42.04,29419,7,买盘
2145,11:25:43,42.02,25215,6,卖盘
2146,11:25:46,42.02,46226,11,卖盘
2147,11:25:49,42.03,159711,38,买盘
2148,11:25:52,42.03,84052,20,买盘
2149,11:25:55,42.03,138693,33,买盘
2150,11:25:58,42.03,79856,19,买盘
2151,11:26:01,42.03,159697,38,买盘
2152,11:26:04,42.02,121863,29,卖盘
2153,11:26:07,42.03,113475,27,买盘
2154,11:26:10,42.02,25214,6,卖盘
2155,11:26:13,42.02,54627,13,卖盘
2156,11:26:16,42.02,180713,43,卖盘
2157,11:26:19,42.03,42030,10,买盘
2158,11:26:25,42.03,84060,20,买盘
2159,11:26:28,42.01,415996,99,卖盘
2160,11:26:31,42.01,29407,7,卖盘
2161,11:26:34,42.02,88235,21,买盘
2162,11:26:37,42.01,46221,11,卖盘
2163,11:26:40,42.01,33610,8,卖盘
2164,11:26:43,42.01,100824,24,卖盘
2165,11:26:46,42.03,684881,163,买盘
2166,11:26:49,42.01,12604,3,卖盘
2167,11:26:52,42.02,1235104,294,买盘
2168,11:26:55,42.02,138662,33,买盘
2169,11:26:58,42.03,16813,4,中性盘
2170,11:27:01,42.02,37821,9,卖盘
2171,11:27:04,42.02,84042,20,卖盘
2172,11:27:07,42.03,109262,26,买盘
2173,11:27:10,42.02,12606,3,卖盘
2174,11:27:13,42.02,25212,6,卖盘
2175,11:27:16,42.02,79850,19,卖盘
2176,11:27:19,42.03,210150,50,买盘
2177,11:27:22,42.02,12606,3,卖盘
2178,11:27:25,42.02,21011,5,卖盘
2179,11:27:28,42.02,12606,3,卖盘
2180,11:27:31,42.03,54635,13,买盘
2181,11:27:34,42.03,4203,1,买盘
2182,11:27:37,42.02,29414,7,卖盘
2183,11:27:40,42.03,21011,5,买盘
2184,11:27:43,42.02,58828,14,卖盘
2185,11:27:46,42.01,794177,189,卖盘
2186,11:27:49,42.02,37812,9,买盘
2187,11:27:52,42.01,25206,6,卖盘
2188,11:27:55,42.01,25206,6,卖盘
2189,11:27:58,42.01,79819,19,卖盘
2190,11:28:01,42.01,67221,16,卖盘
2191,11:28:04,42.01,264668,63,卖盘
2192,11:28:07,42.02,365569,87,买盘
2193,11:28:10,42.02,25216,6,卖盘
2194,11:28:13,42.02,25214,6,卖盘
2195,11:28:16,42.02,16808,4,卖盘
2196,11:28:19,42.03,75645,18,买盘
2197,11:28:22,42.03,4203,1,买盘
2198,11:28:25,42.02,92447,22,卖盘
2199,11:28:28,42.02,79843,19,卖盘
2200,11:28:31,42.02,42023,10,卖盘
2201,11:28:34,42.02,29414,7,卖盘
2202,11:28:37,42.02,399187,95,卖盘
2203,11:28:40,42.01,138634,33,卖盘
2204,11:28:43,42.01,67217,16,卖盘
2205,11:28:46,42.01,75626,18,卖盘
2206,11:28:49,42.01,37810,9,卖盘
2207,11:28:52,42.02,58815,14,买盘
2208,11:28:55,42.01,54618,13,卖盘
2209,11:28:58,42.02,58828,14,买盘
2210,11:29:01,42.02,588245,140,买盘
2211,11:29:04,42.03,4203,1,买盘
2212,11:29:07,42.02,16808,4,卖盘
2213,11:29:13,42.01,46217,11,卖盘
2214,11:29:16,42.02,130258,31,买盘
2215,11:29:19,42.03,138697,33,买盘
2216,11:29:22,42.03,743931,177,买盘
2217,11:29:25,42.03,332037,79,买盘
2218,11:29:28,42.03,96667,23,买盘
2219,11:29:31,42.03,46233,11,买盘
2220,11:29:34,42.03,75654,18,买盘
2221,11:29:37,42.04,71462,17,买盘
2222,11:29:40,42.04,25220,6,买盘
2223,11:29:43,42.04,42040,10,买盘
2224,11:29:46,42.04,12612,3,买盘
2225,11:29:49,42.04,58856,14,买盘
2226,11:29:55,42.04,58857,14,卖盘
2227,11:29:58,42.05,29431,7,买盘
2228,11:30:01,42.04,12612,3,卖盘
2229,13:00:01,42.04,42044,10,卖盘
2230,13:00:04,42.06,407846,97,买盘
2231,13:00:07,42.05,281737,67,卖盘
2232,13:00:10,42.08,340643,81,买盘
2233,13:00:13,42.07,521328,124,买盘
2234,13:00:16,42.06,50459,12,中性盘
2235,13:00:19,42.06,113564,27,买盘
2236,13:00:22,42.05,21027,5,中性盘
2237,13:00:28,42.04,4204,1,卖盘
2238,13:00:31,42.05,12615,3,买盘
2239,13:00:34,42.04,12612,3,卖盘
2240,13:00:37,42.05,88306,21,卖盘
2241,13:00:40,42.05,319576,76,买盘
2242,13:00:43,42.06,37846,9,买盘
2243,13:00:46,42.05,54666,13,卖盘
2244,13:00:49,42.05,33635,8,买盘
2245,13:00:52,42.05,79893,19,买盘
2246,13:00:55,42.05,117743,28,买盘
2247,13:00:58,42.06,151385,36,买盘
2248,13:01:01,42.07,134611,32,买盘
2249,13:01:04,42.06,21034,5,卖盘
2250,13:01:07,42.09,4209,1,买盘
2251,13:01:10,42.08,12624,3,买盘
2252,13:01:13,42.09,84176,20,买盘
2253,13:01:16,42.1,21048,5,买盘
2254,13:01:19,42.09,4209,1,卖盘
2255,13:01:22,42.09,8418,2,买盘
2256,13:01:25,42.09,67331,16,买盘
2257,13:01:28,42.08,12624,3,卖盘
2258,13:01:31,42.09,21045,5,买盘
2259,13:01:34,42.1,92600,22,买盘
2260,13:01:37,42.1,101027,24,买盘
2261,13:01:43,42.1,25260,6,买盘
2262,13:01:46,42.1,88410,21,买盘
2263,13:01:49,42.12,63173,15,买盘
2264,13:01:52,42.1,80042,19,卖盘
2265,13:01:58,42.1,286297,68,卖盘
2266,13:02:01,42.14,126353,30,买盘
2267,13:02:04,42.1,235788,56,卖盘
2268,13:02:07,42.1,214710,51,卖盘
2269,13:02:10,42.1,113675,27,卖盘
2270,13:02:16,42.13,8426,2,中性盘
2271,13:02:19,42.14,109547,26,买盘
2272,13:02:22,42.05,1468611,349,卖盘
2273,13:02:25,42.04,185062,44,卖盘
2274,13:02:28,42.06,58864,14,买盘
2275,13:02:31,42.07,75734,18,买盘
2276,13:02:34,42.08,113575,27,买盘
2277,13:02:37,42.06,155630,37,卖盘
2278,13:02:40,42.09,29451,7,买盘
2279,13:02:43,42.07,16834,4,卖盘
2280,13:02:46,42.09,4209,1,买盘
2281,13:02:52,42.08,42080,10,卖盘
2282,13:02:55,42.08,46286,11,买盘
2283,13:02:58,42.08,16832,4,买盘
2284,13:03:01,42.07,126225,30,卖盘
2285,13:03:04,42.08,88372,21,买盘
2286,13:03:07,42.08,50496,12,卖盘
2287,13:03:10,42.07,54710,13,卖盘
2288,13:03:13,42.08,63120,15,卖盘
2289,13:03:16,42.08,50506,12,卖盘
2290,13:03:22,42.08,50496,12,卖盘
2291,13:03:25,42.08,4208,1,卖盘
2292,13:03:28,42.08,54704,13,卖盘
2293,13:03:31,42.09,67333,16,买盘
2294,13:03:34,42.09,4209,1,买盘
2295,13:03:40,42.08,4208,1,卖盘
2296,13:03:43,42.09,88388,21,买盘
2297,13:03:46,42.1,117871,28,买盘
2298,13:03:49,42.1,71570,17,卖盘
2299,13:03:52,42.1,25261,6,卖盘
2300,13:03:55,42.14,42134,10,买盘
2301,13:03:58,42.15,25271,6,买盘
2302,13:04:01,42.14,16852,4,中性盘
2303,13:04:04,42.15,488776,116,买盘
2304,13:04:07,42.15,37930,9,买盘
2305,13:04:10,42.15,122225,29,买盘
2306,13:04:13,42.13,214904,51,卖盘
2307,13:04:16,42.13,160141,38,卖盘
2308,13:04:22,42.13,58986,14,卖盘
2309,13:04:25,42.13,16852,4,卖盘
2310,13:04:28,42.15,42149,10,买盘
2311,13:04:31,42.13,67408,16,卖盘
2312,13:04:34,42.14,21070,5,买盘
2313,13:04:37,42.13,37917,9,卖盘
2314,13:04:40,42.14,29498,7,买盘
2315,13:04:43,42.13,21065,5,卖盘
2316,13:04:46,42.14,8428,2,买盘
2317,13:04:49,42.13,12639,3,卖盘
2318,13:04:52,42.13,16852,4,卖盘
2319,13:04:55,42.14,4214,1,买盘
2320,13:04:58,42.13,109546,26,卖盘
2321,13:05:01,42.12,139009,33,卖盘
2322,13:05:04,42.11,539221,128,卖盘
2323,13:05:13,42.13,29491,7,买盘
2324,13:05:16,42.13,534995,127,买盘
2325,13:05:19,42.13,235929,56,买盘
2326,13:05:22,42.1,176881,42,卖盘
2327,13:05:25,42.1,33680,8,卖盘
2328,13:05:28,42.1,143140,34,卖盘
2329,13:05:31,42.07,1170204,278,卖盘
2330,13:05:34,42.07,324015,77,中性盘
2331,13:05:37,42.07,33656,8,买盘
2332,13:05:40,42.08,37872,9,买盘
2333,13:05:43,42.07,63105,15,卖盘
2334,13:05:49,42.07,4207,1,买盘
2335,13:05:52,42.06,164051,39,卖盘
2336,13:05:58,42.07,252346,60,买盘
2337,13:06:01,42.07,294496,70,卖盘
2338,13:06:04,42.09,21038,5,买盘
2339,13:06:07,42.07,21038,5,卖盘
2340,13:06:13,42.07,63107,15,卖盘
2341,13:06:16,42.07,12621,3,卖盘
2342,13:06:22,42.07,21035,5,卖盘
2343,13:06:25,42.07,42075,10,卖盘
2344,13:06:28,42.07,147249,35,卖盘
2345,13:06:31,42.08,176702,42,买盘
2346,13:06:34,42.07,294506,70,卖盘
2347,13:06:37,42.07,100952,24,买盘
2348,13:06:40,42.07,29449,7,买盘
2349,13:06:43,42.06,50472,12,卖盘
2350,13:06:46,42.07,12619,3,买盘
2351,13:06:49,42.06,29442,7,卖盘
2352,13:06:52,42.05,711101,169,卖盘
2353,13:06:55,42.06,16824,4,买盘
2354,13:06:58,42.05,21025,5,卖盘
2355,13:07:01,42.05,88305,21,卖盘
2356,13:07:04,42.04,445644,106,卖盘
2357,13:07:07,42.04,29428,7,卖盘
2358,13:07:10,42.04,4204,1,卖盘
2359,13:07:13,42.04,121915,29,卖盘
2360,13:07:16,42.03,33625,8,卖盘
2361,13:07:19,42.03,25218,6,卖盘
2362,13:07:22,42.01,626103,149,卖盘
2363,13:07:25,42.01,138638,33,卖盘
2364,13:07:28,42.02,21008,5,买盘
2365,13:07:31,42.02,37818,9,买盘
2366,13:07:34,42.02,172282,41,买盘
2367,13:07:37,42.03,4203,1,买盘
2368,13:07:40,42.05,449849,107,买盘
2369,13:07:43,42.03,3379337,804,卖盘
2370,13:07:46,42.02,75650,18,卖盘
2371,13:07:49,42.03,50436,12,卖盘
2372,13:07:52,42.02,1940811,462,卖盘
2373,13:07:55,42.01,50403,12,中性盘
2374,13:07:58,42.01,4201,1,中性盘
2375,13:08:04,41.97,5866873,1397,卖盘
2376,13:08:07,41.96,444838,106,卖盘
2377,13:08:10,41.95,121668,29,卖盘
2378,13:08:13,41.94,41949,10,卖盘
2379,13:08:16,41.92,213846,51,卖盘
2380,13:08:19,41.92,54499,13,卖盘
2381,13:08:22,41.92,104798,25,卖盘
2382,13:08:25,41.92,12576,3,买盘
2383,13:08:28,41.93,83845,20,买盘
2384,13:08:31,41.94,1039871,248,买盘
2385,13:08:34,41.93,1086323,259,卖盘
2386,13:08:37,41.95,121670,29,卖盘
2387,13:08:40,41.95,41947,10,中性盘
2388,13:08:43,41.96,33566,8,中性盘
2389,13:08:46,41.95,37757,9,卖盘
2390,13:08:49,41.95,54525,13,中性盘
2391,13:08:52,41.94,113261,27,卖盘
2392,13:08:55,41.94,50328,12,卖盘
2393,13:08:58,41.94,16776,4,卖盘
2394,13:09:01,41.96,1745156,416,买盘
2395,13:09:04,41.96,251712,60,买盘
2396,13:09:07,41.94,58724,14,卖盘
2397,13:09:10,41.94,67125,16,卖盘
2398,13:09:13,41.95,79697,19,买盘
2399,13:09:16,41.95,20976,5,卖盘
2400,13:09:19,41.96,41958,10,买盘
2401,13:09:22,41.96,75522,18,买盘
2402,13:09:25,41.96,16783,4,买盘
2403,13:09:28,41.96,339867,81,买盘
2404,13:09:31,41.96,226542,54,卖盘
2405,13:09:34,41.97,201348,48,买盘
2406,13:09:37,41.95,41941,10,中性盘
2407,13:09:40,41.97,423755,101,买盘
2408,13:09:43,41.93,318683,76,卖盘
2409,13:09:46,41.94,104860,25,卖盘
2410,13:09:49,41.95,20973,5,买盘
2411,13:09:52,41.95,50336,12,买盘
2412,13:09:55,41.95,75504,18,买盘
2413,13:09:58,41.95,33560,8,卖盘
2414,13:10:01,41.96,46155,11,买盘
2415,13:10:04,41.94,29362,7,卖盘
2416,13:10:07,41.96,104880,25,买盘
2417,13:10:10,41.96,67136,16,卖盘
2418,13:10:13,41.97,25179,6,买盘
2419,13:10:16,41.96,176233,42,卖盘
2420,13:10:19,41.94,125853,30,卖盘
2421,13:10:22,41.96,33560,8,中性盘
2422,13:10:25,41.95,29362,7,中性盘
2423,13:10:31,41.94,54539,13,卖盘
2424,13:10:34,41.95,46145,11,买盘
2425,13:10:37,41.95,37752,9,买盘
2426,13:10:40,41.94,33557,8,卖盘
2427,13:10:43,41.95,8390,2,买盘
2428,13:10:46,41.94,54523,13,卖盘
2429,13:10:49,41.95,58730,14,买盘
2430,13:10:52,41.95,100677,24,买盘
2431,13:10:55,41.94,180370,43,卖盘
2432,13:10:58,41.94,75497,18,卖盘
2433,13:11:01,41.94,209704,50,卖盘
2434,13:11:04,41.94,50328,12,买盘
2435,13:11:07,41.93,92264,22,卖盘
2436,13:11:10,41.94,16775,4,买盘
2437,13:11:13,41.94,138375,33,买盘
2438,13:11:16,41.93,37741,9,卖盘
2439,13:11:19,41.93,146775,35,卖盘
2440,13:11:22,41.93,37743,9,卖盘
2441,13:11:25,41.93,29351,7,卖盘
2442,13:11:28,41.93,721197,172,卖盘
2443,13:11:31,41.92,1438135,343,卖盘
2444,13:11:34,41.93,469511,112,买盘
2445,13:11:37,41.91,117354,28,卖盘
2446,13:11:40,41.91,29339,7,卖盘
2447,13:11:43,41.92,50299,12,买盘
2448,13:11:46,41.91,117348,28,卖盘
2449,13:11:49,41.92,62868,15,买盘
2450,13:11:52,41.91,142494,34,卖盘
2451,13:11:55,41.91,4191,1,卖盘
2452,13:11:58,41.91,12573,3,卖盘
2453,13:12:01,41.92,83821,20,买盘
2454,13:12:04,41.91,54484,13,中性盘
2455,13:12:07,41.9,506992,121,卖盘
2456,13:12:10,41.92,50300,12,买盘
2457,13:12:13,41.91,58674,14,卖盘
2458,13:12:16,41.91,62869,15,卖盘
2459,13:12:19,41.91,8383,2,卖盘
2460,13:12:22,41.92,25150,6,买盘
2461,13:12:25,41.92,4192,1,买盘
2462,13:12:28,41.92,46107,11,买盘
2463,13:12:31,41.91,46101,11,卖盘
2464,13:12:34,41.92,4192,1,买盘
2465,13:12:37,41.92,62878,15,买盘
2466,13:12:40,41.92,142534,34,卖盘
2467,13:12:43,41.92,37730,9,卖盘
2468,13:12:46,41.93,41930,10,买盘
2469,13:12:49,41.93,20965,5,买盘
2470,13:12:52,41.93,25157,6,买盘
2471,13:12:58,41.92,33537,8,卖盘
2472,13:13:01,41.93,117397,28,买盘
2473,13:13:04,41.94,150984,36,买盘
2474,13:13:07,41.94,8388,2,卖盘
2475,13:13:10,41.94,20970,5,卖盘
2476,13:13:13,41.95,67108,16,买盘
2477,13:13:16,41.94,125845,30,卖盘
2478,13:13:19,41.95,117451,28,买盘
2479,13:13:22,41.94,29358,7,卖盘
2480,13:13:25,41.95,335600,80,买盘
2481,13:13:28,41.95,742509,177,买盘
2482,13:13:31,41.95,96485,23,买盘
2483,13:13:34,41.96,16784,4,买盘
2484,13:13:37,41.95,37760,9,卖盘
2485,13:13:40,41.95,67130,16,卖盘
2486,13:13:43,41.96,58744,14,买盘
2487,13:13:46,41.96,58744,14,卖盘
2488,13:13:49,41.95,25174,6,卖盘
2489,13:13:52,41.95,725735,173,卖盘
2490,13:13:55,41.94,109059,26,卖盘
2491,13:13:58,41.94,130014,31,卖盘
2492,13:14:01,41.93,188685,45,卖盘
2493,13:14:04,41.93,46123,11,中性盘
2494,13:14:07,41.91,243133,58,卖盘
2495,13:14:10,41.9,150874,36,卖盘
2496,13:14:13,41.92,4192,1,中性盘
2497,13:14:16,41.91,79619,19,买盘
2498,13:14:19,41.91,129921,31,卖盘
2499,13:14:22,41.91,41910,10,卖盘
2500,13:14:25,41.91,29337,7,卖盘
2501,13:14:31,41.92,41914,10,买盘
2502,13:14:34,41.91,16765,4,卖盘
2503,13:14:37,41.92,142497,34,买盘
2504,13:14:43,41.91,25148,6,卖盘
2505,13:14:46,41.91,16766,4,卖盘
2506,13:14:49,41.91,8382,2,卖盘
2507,13:14:52,41.91,50298,12,卖盘
2508,13:14:55,41.91,146698,35,卖盘
2509,13:14:58,41.92,16768,4,买盘
2510,13:15:01,41.92,71259,17,买盘
2511,13:15:04,41.92,75446,18,买盘
2512,13:15:07,41.92,25152,6,买盘
2513,13:15:13,41.92,58681,14,买盘
2514,13:15:16,41.91,54489,13,卖盘
2515,13:15:19,41.92,29344,7,买盘
2516,13:15:22,41.92,25152,6,买盘
2517,13:15:25,41.92,25149,6,买盘
2518,13:15:28,41.92,4192,1,买盘
2519,13:15:31,41.92,20957,5,买盘
2520,13:15:34,41.91,71253,17,卖盘
2521,13:15:40,41.91,465201,111,卖盘
2522,13:15:43,41.91,96390,23,买盘
2523,13:15:46,41.91,4191,1,买盘
2524,13:15:49,41.9,1638291,391,卖盘
2525,13:15:52,41.9,20950,5,买盘
2526,13:15:55,41.9,88003,21,买盘
2527,13:16:01,41.9,50283,12,卖盘
2528,13:16:04,41.92,712188,170,买盘
2529,13:16:07,41.89,314190,75,卖盘
2530,13:16:10,41.9,523590,125,卖盘
2531,13:16:13,41.9,46090,11,卖盘
2532,13:16:16,41.9,67040,16,买盘
2533,13:16:19,41.89,134061,32,卖盘
2534,13:16:22,41.9,79610,19,买盘
2535,13:16:25,41.9,71239,17,卖盘
2536,13:16:28,41.9,29332,7,卖盘
2537,13:16:31,41.91,67041,16,买盘
2538,13:16:34,41.91,297497,71,买盘
2539,13:16:37,41.9,92180,22,卖盘
2540,13:16:40,41.9,87979,21,卖盘
2541,13:16:43,41.9,50280,12,买盘
2542,13:16:46,41.9,33520,8,买盘
2543,13:16:52,41.9,71223,17,买盘
2544,13:16:55,41.9,25140,6,买盘
2545,13:16:58,41.9,12570,3,买盘
2546,13:17:01,41.9,67026,16,买盘
2547,13:17:04,41.89,121483,29,卖盘
2548,13:17:07,41.9,146644,35,买盘
2549,13:17:10,41.9,12570,3,卖盘
2550,13:17:13,41.89,50279,12,卖盘
2551,13:17:16,41.91,29325,7,买盘
2552,13:17:19,41.89,12567,3,卖盘
2553,13:17:22,41.9,16760,4,中性盘
2554,13:17:25,41.89,20947,5,卖盘
2555,13:17:28,41.89,67024,16,卖盘
2556,13:17:31,41.89,138237,33,卖盘
2557,13:17:34,41.89,4189,1,卖盘
2558,13:17:37,41.9,25140,6,买盘
2559,13:17:40,41.9,4190,1,买盘
2560,13:17:43,41.89,154994,37,卖盘
2561,13:17:46,41.9,20947,5,买盘
2562,13:17:52,41.9,50280,12,买盘
2563,13:17:55,41.9,20950,5,买盘
2564,13:17:58,41.9,163405,39,买盘
2565,13:18:01,41.9,4190,1,卖盘
2566,13:18:04,41.9,67040,16,买盘
2567,13:18:07,41.9,67038,16,卖盘
2568,13:18:10,41.9,33514,8,买盘
2569,13:18:13,41.9,54470,13,买盘
2570,13:18:16,41.9,20950,5,买盘
2571,13:18:19,41.9,33520,8,买盘
2572,13:18:22,41.9,171790,41,卖盘
2573,13:18:25,41.91,4191,1,买盘
2574,13:18:28,41.91,196967,47,买盘
2575,13:18:31,41.91,88011,21,买盘
2576,13:18:34,41.92,25152,6,买盘
2577,13:18:37,41.91,50295,12,卖盘
2578,13:18:40,41.92,142533,34,买盘
2579,13:18:43,41.93,62882,15,买盘
2580,13:18:46,41.91,1131432,270,卖盘
2581,13:18:49,41.91,67050,16,买盘
2582,13:18:52,41.9,284923,68,卖盘
2583,13:18:55,41.91,896675,214,买盘
2584,13:18:58,41.91,87999,21,买盘
2585,13:19:01,41.91,46099,11,买盘
2586,13:19:04,41.9,586644,140,卖盘
2587,13:19:07,41.9,838003,200,买盘
2588,13:19:10,41.9,247214,59,卖盘
2589,13:19:13,41.9,25140,6,买盘
2590,13:19:16,41.9,87987,21,买盘
2591,13:19:19,41.9,37710,9,买盘
2592,13:19:22,41.89,682811,163,卖盘
2593,13:19:25,41.89,180127,43,中性盘
2594,13:19:28,41.89,192735,46,卖盘
2595,13:19:31,41.89,50268,12,卖盘
2596,13:19:34,41.89,33514,8,卖盘
2597,13:19:37,41.9,4190,1,买盘
2598,13:19:43,41.9,20950,5,买盘
2599,13:19:46,41.88,2144417,512,卖盘
2600,13:19:49,41.87,4187,1,卖盘
2601,13:19:52,41.87,200979,48,卖盘
2602,13:19:55,41.87,12561,3,卖盘
2603,13:20:01,41.88,37688,9,买盘
2604,13:20:04,41.87,46060,11,卖盘
2605,13:20:07,41.87,20935,5,卖盘
2606,13:20:10,41.88,20937,5,买盘
2607,13:20:13,41.87,83750,20,卖盘
2608,13:20:16,41.87,37683,9,卖盘
2609,13:20:22,41.87,121434,29,卖盘
2610,13:20:25,41.87,33496,8,卖盘
2611,13:20:28,41.87,50251,12,卖盘
2612,13:20:31,41.87,20936,5,卖盘
2613,13:20:34,41.88,146580,35,买盘
2614,13:20:37,41.87,150750,36,卖盘
2615,13:20:40,41.87,12561,3,卖盘
2616,13:20:43,41.88,100512,24,买盘
2617,13:20:46,41.88,121452,29,买盘
2618,13:20:49,41.88,20938,5,买盘
2619,13:20:52,41.87,8374,2,卖盘
2620,13:20:55,41.87,251220,60,卖盘
2621,13:20:58,41.87,37683,9,卖盘
2622,13:21:01,41.88,46059,11,买盘
2623,13:21:04,41.87,29310,7,卖盘
2624,13:21:10,41.87,16748,4,卖盘
2625,13:21:16,41.88,276358,66,买盘
2626,13:21:19,41.87,92114,22,卖盘
2627,13:21:22,41.87,129797,31,卖盘
2628,13:21:25,41.87,29309,7,卖盘
2629,13:21:28,41.88,20940,5,买盘
2630,13:21:31,41.88,37685,9,买盘
2631,13:21:34,41.87,62805,15,卖盘
2632,13:21:37,41.88,29316,7,买盘
2633,13:21:40,41.88,665880,159,买盘
2634,13:21:43,41.88,20940,5,买盘
2635,13:21:46,41.88,16755,4,卖盘
2636,13:21:52,41.88,50263,12,卖盘
2637,13:21:55,41.89,4189,1,买盘
2638,13:21:58,41.88,20940,5,卖盘
2639,13:22:01,41.89,83768,20,买盘
2640,13:22:04,41.9,79585,19,买盘
2641,13:22:07,41.9,125688,30,买盘
2642,13:22:10,41.88,25132,6,卖盘
2643,13:22:16,41.9,121504,29,买盘
2644,13:22:25,41.9,12570,3,卖盘
2645,13:22:31,41.91,54483,13,买盘
2646,13:22:34,41.9,83814,20,卖盘
2647,13:22:37,41.91,20955,5,买盘
2648,13:22:40,41.91,167640,40,买盘
2649,13:22:43,41.91,134112,32,买盘
2650,13:22:46,41.91,108951,26,买盘
2651,13:22:49,41.91,12573,3,买盘
2652,13:22:52,41.91,96393,23,买盘
2653,13:22:55,41.91,33528,8,买盘
2654,13:22:58,41.92,16768,4,卖盘
2655,13:23:01,41.93,109018,26,买盘
2656,13:23:04,41.93,12579,3,买盘
2657,13:23:07,41.93,79651,19,买盘
2658,13:23:10,41.92,339571,81,卖盘
2659,13:23:13,41.92,54496,13,买盘
2660,13:23:16,41.92,25152,6,买盘
2661,13:23:19,41.92,100605,24,买盘
2662,13:23:25,41.93,4193,1,中性盘
2663,13:23:28,41.93,8386,2,中性盘
2664,13:23:31,41.93,16772,4,买盘
2665,13:23:34,41.92,46116,11,卖盘
2666,13:23:37,41.92,37733,9,卖盘
2667,13:23:40,41.95,952226,227,买盘
2668,13:23:46,41.95,239098,57,买盘
2669,13:23:49,41.95,29365,7,买盘
2670,13:23:52,41.95,4195,1,买盘
2671,13:23:55,41.94,969035,231,卖盘
2672,13:23:58,41.95,641719,153,买盘
2673,13:24:01,41.94,37748,9,中性盘
2674,13:24:04,41.94,188697,45,中性盘
2675,13:24:07,41.93,138369,33,卖盘
2676,13:24:10,41.92,41934,10,卖盘
2677,13:24:13,41.92,92227,22,卖盘
2678,13:24:16,41.94,4194,1,买盘
2679,13:24:19,41.91,192820,46,卖盘
2680,13:24:25,41.92,58678,14,买盘
2681,13:24:28,41.91,20960,5,卖盘
2682,13:24:34,41.92,4192,1,买盘
2683,13:24:37,41.91,16764,4,卖盘
2684,13:24:40,41.92,12575,3,买盘
2685,13:24:43,41.91,100584,24,卖盘
2686,13:24:46,41.91,25146,6,卖盘
2687,13:24:49,41.9,264029,63,卖盘
2688,13:24:52,41.9,29340,7,卖盘
2689,13:24:58,41.91,398056,95,卖盘
2690,13:25:01,41.91,16764,4,买盘
2691,13:25:04,41.9,29331,7,卖盘
2692,13:25:07,41.91,4191,1,买盘
2693,13:25:10,41.9,67040,16,卖盘
2694,13:25:13,41.91,134107,32,买盘
2695,13:25:22,41.92,8384,2,买盘
2696,13:25:25,41.91,67060,16,卖盘
2697,13:25:28,41.92,29342,7,买盘
2698,13:25:31,41.91,4191,1,卖盘
2699,13:25:34,41.91,25146,6,卖盘
2700,13:25:37,41.9,481897,115,卖盘
2701,13:25:40,41.9,37709,9,买盘
2702,13:25:43,41.89,12568,3,卖盘
2703,13:25:46,41.9,8380,2,买盘
2704,13:25:49,41.9,54462,13,买盘
2705,13:25:52,41.89,75402,18,卖盘
2706,13:25:55,41.89,96353,23,卖盘
2707,13:25:58,41.89,20945,5,卖盘
2708,13:26:01,41.9,29326,7,买盘
2709,13:26:04,41.9,58655,14,买盘
2710,13:26:07,41.9,113109,27,买盘
2711,13:26:10,41.89,33512,8,卖盘
2712,13:26:13,41.9,46090,11,买盘
2713,13:26:16,41.9,20946,5,买盘
2714,13:26:19,41.89,410522,98,卖盘
2715,13:26:22,41.88,276420,66,卖盘
2716,13:26:25,41.89,25133,6,买盘
2717,13:26:28,41.88,435552,104,卖盘
2718,13:26:31,41.87,41876,10,卖盘
2719,13:26:34,41.88,12564,3,买盘
2720,13:26:37,41.88,456389,109,买盘
2721,13:26:40,41.87,46061,11,卖盘
2722,13:26:43,41.87,71184,17,卖盘
2723,13:26:46,41.86,96294,23,卖盘
2724,13:26:49,41.88,83746,20,买盘
2725,13:26:52,41.87,79550,19,买盘
2726,13:26:58,41.87,251162,60,买盘
2727,13:27:01,41.87,121423,29,买盘
2728,13:27:04,41.86,58606,14,卖盘
2729,13:27:07,41.86,12558,3,卖盘
2730,13:27:10,41.86,150698,36,卖盘
2731,13:27:13,41.86,234416,56,卖盘
2732,13:27:16,41.87,71176,17,买盘
2733,13:27:19,41.86,8372,2,卖盘
2734,13:27:25,41.87,20935,5,买盘
2735,13:27:28,41.87,297287,71,买盘
2736,13:27:34,41.87,200998,48,卖盘
2737,13:27:37,41.87,117245,28,卖盘
2738,13:27:40,41.88,79583,19,中性盘
2739,13:27:46,41.9,8379,2,买盘
2740,13:27:49,41.89,25134,6,中性盘
2741,13:27:52,41.89,12567,3,买盘
2742,13:27:55,41.89,20945,5,买盘
2743,13:27:58,41.89,33508,8,买盘
2744,13:28:01,41.89,121474,29,买盘
2745,13:28:04,41.88,46068,11,卖盘
2746,13:28:07,41.88,16751,4,卖盘
2747,13:28:10,41.88,4188,1,卖盘
2748,13:28:16,41.89,37693,9,买盘
2749,13:28:19,41.89,4189,1,买盘
2750,13:28:28,41.89,12567,3,买盘
2751,13:28:31,41.88,8376,2,卖盘
2752,13:28:34,41.87,146571,35,卖盘
2753,13:28:43,41.86,267967,64,卖盘
2754,13:28:49,41.86,50236,12,卖盘
2755,13:28:52,41.88,4188,1,买盘
2756,13:28:55,41.89,75385,18,买盘
2757,13:28:58,41.87,150735,36,卖盘
2758,13:29:01,41.88,50262,12,卖盘
2759,13:29:04,41.88,201052,48,卖盘
2760,13:29:07,41.89,71214,17,卖盘
2761,13:29:13,41.9,58658,14,买盘
2762,13:29:16,41.9,8380,2,买盘
2763,13:29:19,41.9,46084,11,买盘
2764,13:29:22,41.9,125700,30,买盘
2765,13:29:25,41.9,155030,37,买盘
2766,13:29:28,41.9,16760,4,买盘
2767,13:29:31,41.9,58665,14,买盘
2768,13:29:34,41.9,54470,13,买盘
2769,13:29:37,41.9,4190,1,卖盘
2770,13:29:40,41.9,163410,39,卖盘
2771,13:29:43,41.9,196895,47,卖盘
2772,13:29:46,41.91,67041,16,买盘
2773,13:29:49,41.89,54458,13,卖盘
2774,13:29:52,41.9,728773,174,买盘
2775,13:29:55,41.89,16756,4,买盘
2776,13:29:58,41.89,4189,1,中性盘
2777,13:30:01,41.9,67010,16,买盘
2778,13:30:04,41.89,25133,6,买盘
2779,13:30:07,41.9,54460,13,买盘
2780,13:30:10,41.89,25139,6,中性盘
2781,13:30:13,41.88,4188,1,卖盘
2782,13:30:16,41.9,12568,3,买盘
2783,13:30:19,41.88,29319,7,卖盘
2784,13:30:22,41.9,104732,25,买盘
2785,13:30:28,41.9,4190,1,买盘
2786,13:30:31,41.89,16759,4,卖盘
2787,13:30:34,41.89,16756,4,买盘
2788,13:30:37,41.88,134016,32,卖盘
2789,13:30:40,41.88,544434,130,买盘
2790,13:30:43,41.89,247094,59,买盘
2791,13:30:46,41.88,92139,22,卖盘
2792,13:30:52,41.89,16756,4,买盘
2793,13:30:58,41.89,12567,3,买盘
2794,13:31:04,41.88,25131,6,卖盘
2795,13:31:07,41.88,8376,2,卖盘
2796,13:31:10,41.88,16753,4,卖盘
2797,13:31:13,41.88,54451,13,卖盘
2798,13:31:19,41.88,8376,2,卖盘
2799,13:31:22,41.89,8378,2,买盘
2800,13:31:25,41.89,16756,4,买盘
2801,13:31:28,41.89,263846,63,买盘
2802,13:31:34,41.88,8377,2,卖盘
2803,13:31:37,41.89,29323,7,买盘
2804,13:31:40,41.89,33506,8,买盘
2805,13:31:43,41.88,41882,10,卖盘
2806,13:31:46,41.88,238737,57,卖盘
2807,13:31:49,41.89,8378,2,买盘
2808,13:31:52,41.89,20945,5,买盘
2809,13:31:55,41.89,29323,7,买盘
2810,13:31:58,41.89,50268,12,买盘
2811,13:32:01,41.89,33512,8,买盘
2812,13:32:07,41.9,171790,41,买盘
2813,13:32:13,41.9,100568,24,卖盘
2814,13:32:16,41.91,163445,39,买盘
2815,13:32:19,41.91,4191,1,卖盘
2816,13:32:22,41.93,8386,2,买盘
2817,13:32:25,41.92,83840,20,中性盘
2818,13:32:28,41.93,50315,12,买盘
2819,13:32:31,41.94,176107,42,买盘
2820,13:32:34,41.93,71270,17,中性盘
2821,13:32:46,41.94,92257,22,买盘
2822,13:32:49,41.93,29351,7,卖盘
2823,13:32:52,41.93,62900,15,卖盘
2824,13:32:55,41.94,12582,3,买盘
2825,13:32:58,41.94,4194,1,买盘
2826,13:33:01,41.93,75475,18,卖盘
2827,13:33:04,41.94,905896,216,买盘
2828,13:33:07,41.93,75490,18,卖盘
2829,13:33:10,41.93,71281,17,卖盘
2830,13:33:13,41.93,8386,2,中性盘
2831,13:33:16,41.93,448555,107,中性盘
2832,13:33:19,41.93,494642,118,买盘
2833,13:33:22,41.91,477974,114,卖盘
2834,13:33:25,41.91,46100,11,买盘
2835,13:33:28,41.9,129898,31,卖盘
2836,13:33:31,41.9,8380,2,卖盘
2837,13:33:34,41.92,96401,23,买盘
2838,13:33:37,41.91,125730,30,卖盘
2839,13:33:40,41.91,423287,101,卖盘
2840,13:33:43,41.91,67056,16,卖盘
2841,13:33:49,41.9,16762,4,卖盘
2842,13:33:52,41.91,217921,52,买盘
2843,13:33:55,41.91,205359,49,卖盘
2844,13:34:04,41.91,167641,40,卖盘
2845,13:34:07,41.91,33528,8,卖盘
2846,13:34:10,41.92,54496,13,买盘
2847,13:34:13,41.92,4192,1,买盘
2848,13:34:16,41.92,4192,1,买盘
2849,13:34:19,41.9,657913,157,卖盘
2850,13:34:22,41.9,3293348,786,卖盘
2851,13:34:25,41.9,398055,95,卖盘
2852,13:34:28,41.91,25146,6,买盘
2853,13:34:31,41.9,490230,117,卖盘
2854,13:34:34,41.9,125700,30,卖盘
2855,13:34:37,41.9,146651,35,卖盘
2856,13:34:40,41.9,92180,22,卖盘
2857,13:34:46,41.9,180170,43,卖盘
2858,13:34:49,41.91,54471,13,买盘
2859,13:34:52,41.91,71240,17,买盘
2860,13:34:55,41.9,113155,27,卖盘
2861,13:35:01,41.91,20954,5,买盘
2862,13:35:04,41.9,54471,13,卖盘
2863,13:35:07,41.9,4190,1,卖盘
2864,13:35:10,41.91,20955,5,买盘
2865,13:35:16,41.95,566072,135,买盘
2866,13:35:19,41.92,4192,1,中性盘
2867,13:35:22,41.92,16768,4,卖盘
2868,13:35:25,41.92,16771,4,卖盘
2869,13:35:28,41.93,12579,3,买盘
2870,13:35:31,41.93,46123,11,卖盘
2871,13:35:34,41.93,8386,2,买盘
2872,13:35:40,41.93,4193,1,买盘
2873,13:35:43,41.92,8384,2,卖盘
2874,13:35:46,41.93,8386,2,买盘
2875,13:35:52,41.93,12579,3,买盘
2876,13:35:55,41.93,20965,5,买盘
2877,13:36:01,41.92,29344,7,卖盘
2878,13:36:04,41.93,37734,9,买盘
2879,13:36:13,41.92,88032,21,卖盘
2880,13:36:16,41.93,8386,2,买盘
2881,13:36:19,41.93,8386,2,买盘
2882,13:36:25,41.93,29351,7,买盘
2883,13:36:28,41.93,360598,86,买盘
2884,13:36:31,41.93,41930,10,买盘
2885,13:36:34,41.93,41930,10,买盘
2886,13:36:37,41.93,71281,17,买盘
2887,13:36:40,41.93,71281,17,卖盘
2888,13:36:43,41.93,20965,5,卖盘
2889,13:36:46,41.94,293518,70,买盘
2890,13:36:55,41.93,448650,107,买盘
2891,13:37:01,41.93,12579,3,买盘
2892,13:37:04,41.94,50321,12,买盘
2893,13:37:07,41.92,20963,5,卖盘
2894,13:37:10,41.92,33538,8,卖盘
2895,13:37:13,41.93,50316,12,买盘
2896,13:37:16,41.93,12579,3,卖盘
2897,13:37:22,41.94,8388,2,买盘
2898,13:37:25,41.94,20970,5,买盘
2899,13:37:28,41.94,41940,10,买盘
2900,13:37:34,41.94,12582,3,买盘
2901,13:37:37,41.93,50316,12,卖盘
2902,13:37:40,41.93,58714,14,卖盘
2903,13:37:43,41.94,25164,6,中性盘
2904,13:37:49,41.95,20975,5,买盘
2905,13:37:52,41.93,163568,39,卖盘
2906,13:37:55,41.95,272665,65,买盘
2907,13:37:58,41.94,41939,10,中性盘
2908,13:38:01,41.94,12583,3,卖盘
2909,13:38:04,41.94,255864,61,卖盘
2910,13:38:07,41.93,33544,8,卖盘
2911,13:38:10,41.95,20975,5,买盘
2912,13:38:13,41.92,473792,113,卖盘
2913,13:38:16,41.91,155068,37,卖盘
2914,13:38:22,41.91,180221,43,买盘
2915,13:38:25,41.91,25146,6,买盘
2916,13:38:28,41.92,8383,2,买盘
2917,13:38:31,41.91,8382,2,卖盘
2918,13:38:34,41.91,79629,19,卖盘
2919,13:38:37,41.9,46094,11,卖盘
2920,13:38:40,41.91,12573,3,买盘
2921,13:38:43,41.91,50283,12,买盘
2922,13:38:46,41.91,29337,7,买盘
2923,13:38:49,41.91,16763,4,买盘
2924,13:38:52,41.91,88011,21,买盘
2925,13:38:55,41.91,12573,3,卖盘
2926,13:38:58,41.92,58677,14,买盘
2927,13:39:01,41.9,523811,125,卖盘
2928,13:39:04,41.89,37705,9,卖盘
2929,13:39:07,41.89,58646,14,卖盘
2930,13:39:10,41.89,142426,34,卖盘
2931,13:39:13,41.88,641161,153,卖盘
2932,13:39:16,41.88,159151,38,卖盘
2933,13:39:19,41.89,41885,10,买盘
2934,13:39:22,41.88,25128,6,卖盘
2935,13:39:25,41.88,104700,25,卖盘
2936,13:39:28,41.91,238775,57,买盘
2937,13:39:31,41.89,205256,49,卖盘
2938,13:39:34,41.88,20941,5,卖盘
2939,13:39:37,41.88,8376,2,卖盘
2940,13:39:40,41.88,12566,3,卖盘
2941,13:39:49,41.88,33504,8,卖盘
2942,13:39:52,41.87,624001,149,卖盘
2943,13:39:55,41.86,464756,111,卖盘
2944,13:39:58,41.86,4186,1,卖盘
2945,13:40:01,41.86,355885,85,卖盘
2946,13:40:04,41.86,20930,5,卖盘
2947,13:40:07,41.86,556740,133,卖盘
2948,13:40:10,41.86,280465,67,卖盘
2949,13:40:13,41.86,83721,20,卖盘
2950,13:40:16,41.85,16741,4,卖盘
2951,13:40:19,41.85,96265,23,卖盘
2952,13:40:22,41.86,217624,52,买盘
2953,13:40:25,41.85,8370,2,卖盘
2954,13:40:28,41.86,318112,76,买盘
2955,13:40:31,41.86,238602,57,买盘
2956,13:40:34,41.87,242789,58,买盘
2957,13:40:37,41.87,385204,92,买盘
2958,13:40:40,41.87,66989,16,买盘
2959,13:40:43,41.86,58605,14,卖盘
2960,13:40:46,41.87,8373,2,买盘
2961,13:40:49,41.86,46056,11,卖盘
2962,13:40:52,41.86,33488,8,卖盘
2963,13:40:55,41.86,8372,2,卖盘
2964,13:40:58,41.87,12561,3,买盘
2965,13:41:01,41.86,41860,10,卖盘
2966,13:41:10,41.87,238654,57,买盘
2967,13:41:13,41.87,133985,32,卖盘
2968,13:41:16,41.86,251160,60,卖盘
2969,13:41:25,41.86,41860,10,买盘
2970,13:41:28,41.86,87906,21,买盘
2971,13:41:31,41.86,16744,4,买盘
2972,13:41:34,41.86,25116,6,买盘
2973,13:41:43,41.85,25110,6,卖盘
2974,13:41:46,41.85,66960,16,卖盘
2975,13:41:52,41.86,54408,13,买盘
2976,13:41:55,41.85,104626,25,卖盘
2977,13:41:58,41.86,12558,3,买盘
2978,13:42:01,41.85,50222,12,卖盘
2979,13:42:04,41.86,4186,1,买盘
2980,13:42:07,41.85,25112,6,卖盘
2981,13:42:10,41.84,1410232,337,卖盘
2982,13:42:13,41.84,652788,156,买盘
2983,13:42:16,41.84,259408,62,买盘
2984,13:42:19,41.84,112969,27,买盘
2985,13:42:22,41.85,20921,5,买盘
2986,13:42:25,41.84,100416,24,卖盘
2987,13:42:28,41.85,12555,3,买盘
2988,13:42:31,41.85,209250,50,买盘
2989,13:42:34,41.85,92067,22,买盘
2990,13:42:37,41.85,58589,14,买盘
2991,13:42:40,41.84,263613,63,卖盘
2992,13:42:43,41.86,4186,1,买盘
2993,13:42:46,41.86,4186,1,买盘
2994,13:42:52,41.86,41857,10,买盘
2995,13:42:55,41.85,25110,6,卖盘
2996,13:42:58,41.84,8368,2,卖盘
2997,13:43:01,41.85,20925,5,买盘
2998,13:43:04,41.84,37657,9,卖盘
2999,13:43:07,41.84,251038,60,卖盘
3000,13:43:10,41.84,108784,26,买盘
3001,13:43:13,41.84,259410,62,买盘
3002,13:43:16,41.84,37656,9,卖盘
3003,13:43:19,41.84,20922,5,卖盘
3004,13:43:22,41.85,16738,4,买盘
3005,13:43:25,41.84,92050,22,卖盘
3006,13:43:28,41.84,255235,61,卖盘
3007,13:43:31,41.84,46018,11,买盘
3008,13:43:34,41.84,25101,6,买盘
3009,13:43:40,41.84,50198,12,买盘
3010,13:43:43,41.84,179870,43,买盘
3011,13:43:46,41.82,506147,121,卖盘
3012,13:43:49,41.82,121289,29,卖盘
3013,13:43:52,41.83,150564,36,买盘
3014,13:43:58,41.82,79458,19,卖盘
3015,13:44:01,41.82,20910,5,卖盘
3016,13:44:04,41.82,12547,3,卖盘
3017,13:44:07,41.81,568710,136,卖盘
3018,13:44:10,41.81,104535,25,卖盘
3019,13:44:13,41.82,46001,11,买盘
3020,13:44:16,41.81,882191,211,卖盘
3021,13:44:19,41.8,50164,12,卖盘
3022,13:44:22,41.82,229918,55,买盘
3023,13:44:25,41.81,1780685,426,买盘
3024,13:44:28,41.81,20905,5,买盘
3025,13:44:31,41.81,83608,20,买盘
3026,13:44:34,41.8,150481,36,卖盘
3027,13:44:37,41.8,54341,13,卖盘
3028,13:44:40,41.81,20905,5,买盘
3029,13:44:43,41.81,405557,97,买盘
3030,13:44:46,41.82,45996,11,买盘
3031,13:44:49,41.82,54362,13,买盘
3032,13:44:52,41.82,393108,94,买盘
3033,13:44:55,41.82,288546,69,买盘
3034,13:44:58,41.81,263413,63,卖盘
3035,13:45:01,41.82,204877,49,买盘
3036,13:45:04,41.82,29274,7,买盘
3037,13:45:07,41.82,58545,14,买盘
3038,13:45:10,41.82,133805,32,买盘
3039,13:45:13,41.82,20910,5,买盘
3040,13:45:16,41.82,71093,17,买盘
3041,13:45:19,41.83,62739,15,买盘
3042,13:45:22,41.83,25100,6,卖盘
3043,13:45:25,41.83,29280,7,买盘
3044,13:45:28,41.83,92026,22,买盘
3045,13:45:31,41.84,50208,12,买盘
3046,13:45:34,41.84,50208,12,买盘
3047,13:45:40,41.84,12551,3,买盘
3048,13:45:43,41.83,50196,12,卖盘
3049,13:45:46,41.84,75312,18,买盘
3050,13:45:49,41.85,4185,1,买盘
3051,13:45:52,41.85,33480,8,买盘
3052,13:45:55,41.85,41850,10,买盘
3053,13:45:58,41.85,246915,59,买盘
3054,13:46:01,41.86,54411,13,买盘
3055,13:46:04,41.86,4186,1,买盘
3056,13:46:07,41.86,305578,73,买盘
3057,13:46:10,41.86,192521,46,买盘
3058,13:46:13,41.86,71162,17,买盘
3059,13:46:16,41.86,104650,25,买盘
3060,13:46:19,41.86,138138,33,买盘
3061,13:46:22,41.87,519055,124,买盘
3062,13:46:28,41.87,129796,31,买盘
3063,13:46:31,41.87,83740,20,买盘
3064,13:46:34,41.87,142360,34,买盘
3065,13:46:37,41.87,20935,5,卖盘
3066,13:46:43,41.89,29313,7,买盘
3067,13:46:46,41.89,180043,43,买盘
3068,13:46:49,41.89,8378,2,买盘
3069,13:46:52,41.89,4189,1,买盘
3070,13:46:55,41.87,242877,58,卖盘
3071,13:46:58,41.89,20945,5,买盘
3072,13:47:01,41.87,96317,23,卖盘
3073,13:47:04,41.87,25119,6,中性盘
3074,13:47:07,41.88,4188,1,买盘
3075,13:47:13,41.87,8374,2,卖盘
3076,13:47:16,41.87,62806,15,卖盘
3077,13:47:19,41.88,163282,39,买盘
3078,13:47:22,41.88,8376,2,买盘
3079,13:47:25,41.87,4187,1,买盘
3080,13:47:28,41.87,20935,5,买盘
3081,13:47:31,41.86,154917,37,卖盘
3082,13:47:40,41.87,66977,16,买盘
3083,13:47:46,41.86,8372,2,卖盘
3084,13:47:49,41.86,104650,25,卖盘
3085,13:47:52,41.86,8372,2,卖盘
3086,13:47:55,41.86,12558,3,卖盘
3087,13:47:58,41.87,62791,15,买盘
3088,13:48:01,41.86,16744,4,卖盘
3089,13:48:04,41.85,414325,99,卖盘
3090,13:48:07,41.85,92057,22,买盘
3091,13:48:10,41.83,958053,229,卖盘
3092,13:48:13,41.84,25103,6,买盘
3093,13:48:16,41.83,150595,36,卖盘
3094,13:48:19,41.84,8367,2,买盘
3095,13:48:22,41.83,8366,2,卖盘
3096,13:48:25,41.84,20917,5,买盘
3097,13:48:28,41.83,4183,1,卖盘
3098,13:48:31,41.83,4183,1,卖盘
3099,13:48:34,41.83,4183,1,卖盘
3100,13:48:40,41.84,8368,2,买盘
3101,13:48:43,41.83,46023,11,卖盘
3102,13:48:46,41.83,129676,31,卖盘
3103,13:48:49,41.84,29287,7,买盘
3104,13:48:52,41.84,104598,25,买盘
3105,13:48:55,41.83,20915,5,卖盘
3106,13:48:58,41.83,4183,1,卖盘
3107,13:49:01,41.84,20918,5,买盘
3108,13:49:07,41.84,12552,3,买盘
3109,13:49:10,41.83,8366,2,卖盘
3110,13:49:13,41.83,25098,6,卖盘
3111,13:49:16,41.84,33465,8,买盘
3112,13:49:19,41.83,20915,5,卖盘
3113,13:49:22,41.84,158992,38,买盘
3114,13:49:25,41.83,66941,16,卖盘
3115,13:49:28,41.84,443503,106,买盘
3116,13:49:31,41.84,16738,4,卖盘
3117,13:49:34,41.85,37665,9,买盘
3118,13:49:43,41.85,192498,46,买盘
3119,13:49:46,41.85,209244,50,买盘
3120,13:49:49,41.84,92060,22,卖盘
3121,13:49:52,41.85,12555,3,买盘
3122,13:49:55,41.85,8370,2,买盘
3123,13:50:04,41.85,54395,13,买盘
3124,13:50:07,41.84,46025,11,卖盘
3125,13:50:10,41.84,33473,8,卖盘
3126,13:50:13,41.84,799146,191,卖盘
3127,13:50:16,41.84,117152,28,买盘
3128,13:50:22,41.84,41840,10,卖盘
3129,13:50:28,41.85,4185,1,买盘
3130,13:50:31,41.85,12555,3,买盘
3131,13:50:34,41.84,146441,35,卖盘
3132,13:50:37,41.83,12549,3,卖盘
3133,13:50:43,41.84,322145,77,买盘
3134,13:50:46,41.83,322091,77,卖盘
3135,13:50:49,41.83,33469,8,卖盘
3136,13:50:52,41.83,16732,4,卖盘
3137,13:50:55,41.83,12551,3,卖盘
3138,13:50:58,41.83,606535,145,卖盘
3139,13:51:01,41.82,217476,52,卖盘
3140,13:51:04,41.82,125461,30,卖盘
3141,13:51:07,41.82,242556,58,卖盘
3142,13:51:10,41.81,125441,30,卖盘
3143,13:51:13,41.81,33448,8,卖盘
3144,13:51:16,41.82,121278,29,买盘
3145,13:51:19,41.82,188187,45,买盘
3146,13:51:22,41.83,4183,1,买盘
3147,13:51:25,41.82,58548,14,卖盘
3148,13:51:28,41.83,92016,22,买盘
3149,13:51:31,41.83,75293,18,买盘
3150,13:51:37,41.83,142225,34,买盘
3151,13:51:40,41.83,62745,15,买盘
3152,13:51:43,41.83,87843,21,买盘
3153,13:51:46,41.83,20915,5,卖盘
