,成交时间,成交价格,成交金额,成交量,性质
0,09:25:03,7.29,2384559,3271,卖盘
1,09:30:03,7.29,2119393,2904,卖盘
2,09:30:06,7.29,257462,353,卖盘
3,09:30:09,7.3,1244326,1706,买盘
4,09:30:12,7.3,276380,379,买盘
5,09:30:15,7.3,807851,1108,买盘
6,09:30:18,7.29,1048506,1438,卖盘
7,09:30:21,7.3,1288114,1768,买盘
8,09:30:24,7.3,541293,742,买盘
9,09:30:27,7.3,733540,1006,买盘
10,09:30:30,7.3,689765,946,买盘
11,09:30:33,7.28,1586361,2177,卖盘
12,09:30:36,7.3,774945,1063,买盘
13,09:30:39,7.29,1271577,1743,卖盘
14,09:30:42,7.3,1659703,2274,买盘
15,09:30:45,7.3,377755,518,买盘
16,09:30:48,7.3,1392238,1909,买盘
17,09:30:51,7.3,193403,265,买盘
18,09:30:54,7.3,437294,599,买盘
19,09:30:57,7.31,756483,1035,买盘
20,09:31:00,7.31,842474,1153,买盘
21,09:31:03,7.31,334495,458,买盘
22,09:31:06,7.3,205250,281,卖盘
23,09:31:09,7.31,113940,156,买盘
24,09:31:12,7.31,276258,378,买盘
25,09:31:15,7.3,122030,167,卖盘
26,09:31:18,7.31,206814,283,买盘
27,09:31:21,7.31,111814,153,买盘
28,09:31:24,7.31,764573,1046,买盘
29,09:31:27,7.31,233179,319,买盘
30,09:31:30,7.31,724421,991,买盘
31,09:31:33,7.32,1903877,2601,买盘
32,09:31:36,7.32,3213480,4390,买盘
33,09:31:39,7.33,533925,729,买盘
34,09:31:42,7.32,1074180,1466,卖盘
35,09:31:45,7.33,1476466,2017,买盘
36,09:31:48,7.32,269569,368,卖盘
37,09:31:51,7.33,169311,231,买盘
38,09:31:54,7.33,106271,145,买盘
39,09:31:57,7.33,380076,519,买盘
40,09:32:00,7.33,317329,433,买盘
41,09:32:03,7.33,154595,211,买盘
42,09:32:06,7.33,109213,149,买盘
43,09:32:09,7.33,276337,377,买盘
44,09:32:12,7.33,2000352,2729,买盘
45,09:32:15,7.33,3421726,4667,买盘
46,09:32:18,7.33,1138306,1551,卖盘
47,09:32:21,7.34,292634,399,买盘
48,09:32:24,7.33,227460,310,卖盘
49,09:32:27,7.34,794721,1083,买盘
50,09:32:30,7.34,464853,634,买盘
51,09:32:33,7.33,140884,192,卖盘
52,09:32:36,7.33,1299782,1772,卖盘
53,09:32:39,7.34,577390,787,买盘
54,09:32:42,7.34,601683,820,买盘
55,09:32:45,7.34,61655,84,买盘
56,09:32:48,7.34,96856,132,买盘
57,09:32:51,7.33,100530,137,卖盘
58,09:32:54,7.34,1089910,1485,买盘
59,09:32:57,7.34,549166,749,买盘
60,09:33:00,7.34,787115,1073,买盘
61,09:33:03,7.33,15413,21,卖盘
62,09:33:06,7.34,332382,453,买盘
63,09:33:09,7.33,755886,1030,卖盘
64,09:33:12,7.33,82934,113,卖盘
65,09:33:15,7.34,182765,249,买盘
66,09:33:18,7.34,316283,431,买盘
67,09:33:21,7.34,77723,106,买盘
68,09:33:24,7.34,135752,185,买盘
69,09:33:27,7.34,711948,970,买盘
70,09:33:30,7.33,55737,76,卖盘
71,09:33:33,7.34,63070,86,买盘
72,09:33:36,7.33,230413,314,卖盘
73,09:33:39,7.34,122578,167,买盘
74,09:33:42,7.33,66744,91,卖盘
75,09:33:45,7.34,49127,67,买盘
76,09:33:48,7.34,59452,81,买盘
77,09:33:51,7.34,919702,1253,买盘
78,09:33:54,7.33,299976,409,卖盘
79,09:33:57,7.33,83646,114,卖盘
80,09:34:00,7.33,132061,180,卖盘
81,09:34:03,7.33,876273,1194,卖盘
82,09:34:06,7.33,164963,225,卖盘
83,09:34:09,7.34,104122,142,买盘
84,09:34:12,7.33,281535,384,卖盘
85,09:34:15,7.33,141578,193,卖盘
86,09:34:18,7.33,255997,349,卖盘
87,09:34:21,7.34,126867,173,买盘
88,09:34:24,7.33,135704,185,卖盘
89,09:34:27,7.33,159970,218,卖盘
90,09:34:30,7.34,147450,201,买盘
91,09:34:33,7.33,271419,370,卖盘
92,09:34:36,7.34,69713,95,买盘
93,09:34:39,7.34,336099,458,买盘
94,09:34:42,7.34,117402,160,买盘
95,09:34:45,7.34,74085,101,买盘
96,09:34:48,7.34,146024,199,买盘
97,09:34:51,7.33,129760,177,卖盘
98,09:34:54,7.33,319210,435,卖盘
99,09:34:57,7.34,1022876,1394,买盘
100,09:35:00,7.34,973186,1326,买盘
101,09:35:03,7.34,9366703,12761,买盘
102,09:35:06,7.35,1733647,2359,买盘
103,09:35:09,7.35,223968,305,买盘
104,09:35:12,7.35,1177558,1604,买盘
105,09:35:15,7.35,207098,282,买盘
106,09:35:18,7.35,635161,865,买盘
107,09:35:21,7.35,81545,111,买盘
108,09:35:24,7.35,88910,121,买盘
109,09:35:27,7.35,127889,174,买盘
110,09:35:30,7.35,844505,1149,买盘
111,09:35:33,7.34,312827,426,卖盘
112,09:35:36,7.34,40418,55,卖盘
113,09:35:39,7.34,415515,566,卖盘
114,09:35:42,7.35,87465,119,买盘
115,09:35:45,7.35,148344,202,买盘
116,09:35:48,7.35,195507,266,买盘
117,09:35:51,7.35,756261,1029,买盘
118,09:35:54,7.35,304280,414,买盘
119,09:35:57,7.35,76438,104,买盘
120,09:36:00,7.34,176398,240,卖盘
121,09:36:03,7.35,41159,56,买盘
122,09:36:06,7.35,971502,1322,买盘
123,09:36:09,7.35,464902,633,买盘
124,09:36:12,7.35,6230595,8477,买盘
125,09:36:15,7.35,971178,1320,卖盘
126,09:36:18,7.35,350823,477,卖盘
127,09:36:21,7.35,1110139,1510,卖盘
128,09:36:24,7.36,605078,823,买盘
129,09:36:27,7.36,150042,204,买盘
130,09:36:30,7.35,49261,67,卖盘
131,09:36:33,7.36,186811,254,买盘
132,09:36:36,7.36,258133,351,买盘
133,09:36:39,7.36,187450,255,买盘
134,09:36:42,7.36,861383,1171,买盘
135,09:36:45,7.35,960240,1305,卖盘
136,09:36:48,7.35,1223366,1664,卖盘
137,09:36:51,7.35,898926,1223,卖盘
138,09:36:54,7.35,255749,348,买盘
139,09:36:57,7.35,2832690,3854,买盘
140,09:37:00,7.34,2196884,2989,卖盘
141,09:37:03,7.35,1982302,2697,买盘
142,09:37:06,7.35,779953,1061,买盘
143,09:37:09,7.35,919491,1251,买盘
144,09:37:12,7.34,131502,179,卖盘
145,09:37:15,7.35,759914,1034,买盘
146,09:37:18,7.35,201316,274,买盘
147,09:37:21,7.35,842279,1146,买盘
148,09:37:24,7.35,915178,1244,卖盘
149,09:37:27,7.35,141124,192,卖盘
150,09:37:30,7.35,208244,283,卖盘
151,09:37:33,7.35,57359,78,卖盘
152,09:37:36,7.36,153678,209,买盘
153,09:37:39,7.35,319059,434,卖盘
154,09:37:42,7.35,169100,230,卖盘
155,09:37:45,7.35,119127,162,卖盘
156,09:37:48,7.36,50040,68,买盘
157,09:37:51,7.35,199206,271,卖盘
158,09:37:54,7.35,766141,1041,卖盘
159,09:37:57,7.36,610727,830,买盘
160,09:38:00,7.36,85281,116,买盘
161,09:38:03,7.36,61768,84,买盘
162,09:38:06,7.35,440346,599,卖盘
163,09:38:09,7.35,393225,535,卖盘
164,09:38:12,7.36,841939,1144,买盘
165,09:38:15,7.36,256734,349,买盘
166,09:38:18,7.36,487750,663,买盘
167,09:38:21,7.36,314797,428,买盘
168,09:38:24,7.35,210269,286,卖盘
169,09:38:27,7.36,270016,367,买盘
170,09:38:30,7.36,849899,1155,买盘
171,09:38:33,7.35,105904,144,卖盘
172,09:38:36,7.36,465374,633,买盘
173,09:38:39,7.36,342796,466,买盘
174,09:38:42,7.35,138965,189,卖盘
175,09:38:45,7.35,781378,1062,卖盘
176,09:38:48,7.36,267834,364,买盘
177,09:38:51,7.35,423643,576,卖盘
178,09:38:54,7.35,288398,392,卖盘
179,09:38:57,7.36,91925,125,买盘
180,09:39:00,7.36,159589,217,买盘
181,09:39:03,7.36,92635,126,买盘
182,09:39:06,7.36,299275,407,买盘
183,09:39:09,7.36,1260703,1715,买盘
184,09:39:12,7.35,925473,1259,卖盘
185,09:39:15,7.35,1734725,2360,卖盘
186,09:39:18,7.35,2323335,3161,卖盘
187,09:39:21,7.35,1274923,1735,买盘
188,09:39:24,7.35,267372,364,买盘
189,09:39:27,7.35,234304,319,买盘
190,09:39:30,7.35,49927,68,买盘
191,09:39:33,7.35,30135,41,买盘
192,09:39:36,7.35,152781,208,买盘
193,09:39:39,7.34,164543,224,卖盘
194,09:39:42,7.35,427952,583,买盘
195,09:39:45,7.34,238645,325,卖盘
196,09:39:48,7.34,123322,168,卖盘
197,09:39:51,7.34,187308,255,卖盘
198,09:39:54,7.34,118925,162,卖盘
199,09:39:57,7.35,35995,49,买盘
200,09:40:00,7.35,131439,179,买盘
201,09:40:03,7.34,174782,238,卖盘
202,09:40:06,7.34,327364,446,卖盘
203,09:40:09,7.35,215096,293,买盘
204,09:40:12,7.34,787102,1071,卖盘
205,09:40:15,7.34,60927,83,卖盘
206,09:40:18,7.34,237818,324,卖盘
207,09:40:21,7.34,1385076,1887,卖盘
208,09:40:24,7.35,247384,337,买盘
209,09:40:27,7.34,33780,46,卖盘
210,09:40:30,7.35,172560,235,买盘
211,09:40:33,7.34,659934,899,卖盘
212,09:40:36,7.34,161521,220,卖盘
213,09:40:39,7.35,241550,329,买盘
214,09:40:42,7.34,276790,377,卖盘
215,09:40:45,7.35,93296,127,买盘
216,09:40:48,7.34,1329985,1812,卖盘
217,09:40:51,7.34,173750,237,买盘
218,09:40:54,7.34,123900,169,买盘
219,09:40:57,7.34,735468,1002,买盘
220,09:41:00,7.34,148849,203,买盘
221,09:41:03,7.33,184757,252,卖盘
222,09:41:06,7.33,181923,248,卖盘
223,09:41:09,7.34,33738,46,买盘
224,09:41:12,7.33,92358,126,卖盘
225,09:41:15,7.33,86518,118,卖盘
226,09:41:18,7.34,414318,565,买盘
227,09:41:21,7.34,474803,647,买盘
228,09:41:24,7.34,363960,496,买盘
229,09:41:27,7.34,2168922,2955,买盘
230,09:41:30,7.33,514508,701,卖盘
231,09:41:33,7.33,289046,394,卖盘
232,09:41:36,7.33,121733,166,卖盘
233,09:41:39,7.34,60842,83,买盘
234,09:41:42,7.34,728768,993,买盘
235,09:41:45,7.34,477030,650,买盘
236,09:41:48,7.34,64592,88,买盘
237,09:41:51,7.34,229008,312,买盘
238,09:41:54,7.34,500588,682,买盘
239,09:41:57,7.34,49202,67,卖盘
240,09:42:00,7.35,35985,49,买盘
241,09:42:03,7.35,246661,336,买盘
242,09:42:06,7.34,272483,371,卖盘
243,09:42:09,7.35,86634,118,买盘
244,09:42:12,7.35,268763,366,买盘
245,09:42:15,7.35,252620,344,买盘
246,09:42:18,7.34,319614,435,卖盘
247,09:42:21,7.35,15435,21,买盘
248,09:42:24,7.35,233609,318,买盘
249,09:42:27,7.35,1199115,1632,买盘
250,09:42:30,7.35,254898,347,买盘
251,09:42:33,7.34,127047,173,卖盘
252,09:42:36,7.35,907706,1235,买盘
253,09:42:39,7.34,412104,561,卖盘
254,09:42:42,7.35,76352,104,买盘
255,09:42:45,7.35,265128,361,买盘
256,09:42:48,7.34,833996,1135,卖盘
257,09:42:51,7.35,7085332,9640,买盘
258,09:42:54,7.35,1896910,2578,卖盘
259,09:42:57,7.35,587842,799,卖盘
260,09:43:00,7.36,459247,624,买盘
261,09:43:03,7.35,119095,162,卖盘
262,09:43:06,7.35,203801,277,卖盘
263,09:43:09,7.36,83091,113,买盘
264,09:43:12,7.35,63949,87,卖盘
265,09:43:15,7.36,386369,525,买盘
266,09:43:18,7.36,107360,146,买盘
267,09:43:21,7.35,855885,1163,卖盘
268,09:43:24,7.36,62503,85,买盘
269,09:43:27,7.35,199997,272,卖盘
270,09:43:30,7.35,636718,866,卖盘
271,09:43:33,7.35,177904,242,卖盘
272,09:43:36,7.35,1035841,1408,卖盘
273,09:43:39,7.35,241375,328,卖盘
274,09:43:42,7.36,119130,162,买盘
275,09:43:45,7.35,141218,192,卖盘
276,09:43:48,7.36,86797,118,买盘
277,09:43:51,7.36,638229,868,买盘
278,09:43:54,7.35,888183,1207,卖盘
279,09:43:57,7.36,183106,249,买盘
280,09:44:00,7.35,293274,399,卖盘
281,09:44:03,7.36,305872,416,买盘
282,09:44:06,7.36,219187,298,买盘
283,09:44:09,7.36,39720,54,买盘
284,09:44:12,7.35,122779,167,卖盘
285,09:44:15,7.35,95554,130,卖盘
286,09:44:18,7.35,108838,148,卖盘
287,09:44:21,7.35,1115842,1517,卖盘
288,09:44:24,7.36,369297,502,买盘
289,09:44:27,7.35,400659,545,卖盘
290,09:44:30,7.35,299994,408,卖盘
291,09:44:33,7.36,278774,379,买盘
292,09:44:36,7.35,1501697,2043,卖盘
293,09:44:39,7.35,96335,131,卖盘
294,09:44:42,7.35,455100,619,卖盘
295,09:44:45,7.35,194040,264,卖盘
296,09:44:48,7.36,231710,315,买盘
297,09:44:51,7.36,552746,752,买盘
298,09:44:54,7.36,1241476,1689,买盘
299,09:44:57,7.35,320523,436,卖盘
300,09:45:00,7.35,2796705,3805,卖盘
301,09:45:03,7.35,1076792,1465,卖盘
302,09:45:06,7.35,589536,802,卖盘
303,09:45:09,7.35,268404,365,卖盘
304,09:45:12,7.35,618900,842,卖盘
305,09:45:15,7.35,687205,935,卖盘
306,09:45:18,7.35,101430,138,买盘
307,09:45:21,7.35,88121,120,买盘
308,09:45:24,7.35,67563,92,买盘
309,09:45:27,7.34,740783,1008,卖盘
310,09:45:30,7.35,153481,209,买盘
311,09:45:33,7.35,13230,18,买盘
312,09:45:36,7.34,60190,82,卖盘
313,09:45:39,7.35,39690,54,买盘
314,09:45:42,7.35,64605,88,买盘
315,09:45:45,7.34,105748,144,卖盘
316,09:45:48,7.35,204863,279,买盘
317,09:45:51,7.34,63128,86,卖盘
318,09:45:54,7.35,13965,19,买盘
319,09:45:57,7.35,482400,657,买盘
320,09:46:00,7.34,148319,202,卖盘
321,09:46:03,7.35,30096,41,买盘
322,09:46:06,7.34,121897,166,卖盘
323,09:46:09,7.34,116072,158,卖盘
324,09:46:12,7.34,173244,236,卖盘
325,09:46:15,7.35,233652,318,买盘
326,09:46:18,7.35,207223,282,买盘
327,09:46:21,7.34,88090,120,卖盘
328,09:46:24,7.35,96280,131,买盘
329,09:46:27,7.35,240221,327,买盘
330,09:46:30,7.35,20580,28,买盘
331,09:46:33,7.35,91027,124,买盘
332,09:46:36,7.34,802444,1092,卖盘
333,09:46:39,7.35,120500,164,买盘
334,09:46:42,7.34,91024,124,卖盘
335,09:46:45,7.34,217548,296,卖盘
336,09:46:48,7.35,195303,266,买盘
337,09:46:51,7.34,46993,64,卖盘
338,09:46:54,7.34,162232,221,卖盘
339,09:46:57,7.35,150562,205,买盘
340,09:47:00,7.34,839156,1142,卖盘
341,09:47:03,7.34,181419,247,卖盘
342,09:47:06,7.34,131447,179,卖盘
343,09:47:09,7.34,226979,309,卖盘
344,09:47:12,7.35,42584,58,买盘
345,09:47:15,7.34,88086,120,卖盘
346,09:47:18,7.35,10290,14,买盘
347,09:47:21,7.35,379571,517,买盘
348,09:47:24,7.35,144656,197,买盘
349,09:47:27,7.35,1047895,1426,买盘
350,09:47:30,7.35,196827,268,买盘
351,09:47:33,7.34,215280,293,卖盘
352,09:47:36,7.34,400226,545,卖盘
353,09:47:39,7.34,95448,130,卖盘
354,09:47:42,7.34,63167,86,卖盘
355,09:47:45,7.34,83681,114,卖盘
356,09:47:48,7.35,146186,199,买盘
357,09:47:51,7.35,826847,1125,买盘
358,09:47:54,7.34,346094,471,卖盘
359,09:47:57,7.34,16882,23,卖盘
360,09:48:00,7.35,207074,282,买盘
361,09:48:03,7.34,18360,25,卖盘
362,09:48:06,7.34,202047,275,卖盘
363,09:48:09,7.34,139486,190,卖盘
364,09:48:12,7.35,714327,972,买盘
365,09:48:15,7.35,442427,602,买盘
366,09:48:18,7.35,160106,218,买盘
367,09:48:21,7.34,25690,35,卖盘
368,09:48:24,7.35,136628,186,买盘
369,09:48:27,7.34,49196,67,卖盘
370,09:48:30,7.34,126258,172,卖盘
371,09:48:33,7.35,292976,399,买盘
372,09:48:36,7.34,110222,150,卖盘
373,09:48:39,7.34,787902,1072,卖盘
374,09:48:42,7.34,92516,126,卖盘
375,09:48:45,7.35,35976,49,买盘
376,09:48:48,7.35,260845,355,买盘
377,09:48:51,7.34,92521,126,卖盘
378,09:48:54,7.34,114523,156,卖盘
379,09:48:57,7.35,242488,330,买盘
380,09:49:00,7.34,248840,339,卖盘
381,09:49:03,7.35,770145,1048,买盘
382,09:49:06,7.34,183649,250,卖盘
383,09:49:09,7.35,6884422,9367,买盘
384,09:49:12,7.36,2655272,3610,买盘
385,09:49:15,7.36,318511,433,买盘
386,09:49:18,7.35,39700,54,卖盘
387,09:49:21,7.35,141137,192,卖盘
388,09:49:24,7.36,127296,173,买盘
389,09:49:27,7.36,170620,232,买盘
390,09:49:30,7.35,231545,315,卖盘
391,09:49:33,7.35,18376,25,卖盘
392,09:49:36,7.35,119812,163,卖盘
393,09:49:39,7.36,5152,7,买盘
394,09:49:42,7.36,750671,1020,买盘
395,09:49:45,7.36,139661,190,买盘
396,09:49:48,7.36,411873,560,买盘
397,09:49:51,7.36,58814,80,买盘
398,09:49:54,7.35,171991,234,卖盘
399,09:49:57,7.35,44840,61,卖盘
400,09:50:00,7.36,332291,452,买盘
401,09:50:03,7.36,55912,76,买盘
402,09:50:06,7.35,97786,133,卖盘
403,09:50:09,7.36,1005242,1366,买盘
404,09:50:12,7.35,1249104,1698,卖盘
405,09:50:15,7.35,91892,125,卖盘
406,09:50:18,7.35,255873,348,卖盘
407,09:50:21,7.35,356737,485,卖盘
408,09:50:24,7.35,140389,191,卖盘
409,09:50:27,7.36,171303,233,买盘
410,09:50:30,7.35,139664,190,卖盘
411,09:50:33,7.36,136746,186,买盘
412,09:50:36,7.35,829242,1127,卖盘
413,09:50:39,7.35,391412,532,卖盘
414,09:50:42,7.36,177942,242,买盘
415,09:50:45,7.35,35290,48,卖盘
416,09:50:48,7.36,69827,95,买盘
417,09:50:54,7.36,202291,275,买盘
418,09:50:57,7.35,133100,181,卖盘
419,09:51:00,7.35,80878,110,卖盘
420,09:51:03,7.35,355005,483,卖盘
421,09:51:06,7.35,657090,894,卖盘
422,09:51:09,7.35,242555,330,卖盘
423,09:51:12,7.35,147000,200,卖盘
424,09:51:15,7.35,189630,258,卖盘
425,09:51:18,7.36,131567,179,买盘
426,09:51:21,7.35,468930,638,卖盘
427,09:51:24,7.36,243324,331,买盘
428,09:51:27,7.36,121345,165,买盘
429,09:51:30,7.36,1159173,1577,买盘
430,09:51:33,7.36,135271,184,买盘
431,09:51:36,7.36,371942,506,买盘
432,09:51:39,7.36,41216,56,买盘
433,09:51:42,7.36,155115,211,买盘
434,09:51:45,7.36,40477,55,买盘
435,09:51:48,7.36,818069,1113,买盘
436,09:51:51,7.35,713854,970,卖盘
437,09:51:54,7.36,916118,1245,买盘
438,09:51:57,7.36,69184,94,买盘
439,09:52:00,7.36,46324,63,买盘
440,09:52:03,7.36,187497,255,买盘
441,09:52:06,7.35,115465,157,卖盘
442,09:52:09,7.35,84525,115,卖盘
443,09:52:12,7.35,169785,231,卖盘
444,09:52:15,7.36,75713,103,买盘
445,09:52:18,7.36,141205,192,买盘
446,09:52:21,7.35,199930,272,卖盘
447,09:52:24,7.35,355045,483,卖盘
448,09:52:27,7.35,181616,247,卖盘
449,09:52:30,7.35,129382,176,卖盘
450,09:52:33,7.35,330024,449,卖盘
451,09:52:36,7.35,128635,175,卖盘
452,09:52:39,7.36,19867,27,买盘
453,09:52:42,7.35,73500,100,卖盘
454,09:52:45,7.35,89701,122,卖盘
455,09:52:48,7.35,4410,6,卖盘
456,09:52:51,7.35,93369,127,卖盘
457,09:52:54,7.36,60351,82,买盘
458,09:52:57,7.35,105107,143,卖盘
459,09:53:00,7.35,128635,175,卖盘
460,09:53:03,7.35,123480,168,卖盘
461,09:53:06,7.35,61028,83,卖盘
462,09:53:09,7.35,60270,82,卖盘
463,09:53:12,7.35,677117,920,卖盘
464,09:53:15,7.35,122745,167,卖盘
465,09:53:18,7.35,96285,131,卖盘
466,09:53:21,7.35,177936,242,卖盘
467,09:53:24,7.35,1992819,2711,卖盘
468,09:53:27,7.35,678543,923,卖盘
469,09:53:30,7.35,391020,532,卖盘
470,09:53:33,7.34,243839,332,卖盘
471,09:53:36,7.35,185081,252,买盘
472,09:53:39,7.35,625443,851,买盘
473,09:53:42,7.34,139628,190,卖盘
474,09:53:45,7.34,245890,335,卖盘
475,09:53:48,7.34,6606,9,卖盘
476,09:53:51,7.34,201146,274,卖盘
477,09:53:54,7.34,115244,157,卖盘
478,09:53:57,7.34,104982,143,卖盘
479,09:54:00,7.35,110839,151,买盘
480,09:54:03,7.34,240021,327,卖盘
481,09:54:06,7.35,71983,98,买盘
482,09:54:09,7.34,94063,128,卖盘
483,09:54:12,7.35,13230,18,买盘
484,09:54:15,7.34,11744,16,卖盘
485,09:54:18,7.34,701174,954,卖盘
486,09:54:21,7.34,329933,449,卖盘
487,09:54:24,7.34,111576,152,卖盘
488,09:54:27,7.35,188865,257,买盘
489,09:54:30,7.35,245929,335,买盘
490,09:54:33,7.35,139603,190,买盘
491,09:54:36,7.35,82961,113,买盘
492,09:54:39,7.35,732748,997,买盘
493,09:54:42,7.34,342798,467,卖盘
494,09:54:45,7.35,193253,263,买盘
495,09:54:48,7.34,13964,19,卖盘
496,09:54:51,7.34,70497,96,卖盘
497,09:54:54,7.35,30870,42,买盘
498,09:54:57,7.35,27179,37,买盘
499,09:55:00,7.34,94768,129,卖盘
500,09:55:03,7.34,127054,173,卖盘
501,09:55:06,7.34,675257,919,卖盘
502,09:55:09,7.34,298924,407,卖盘
503,09:55:12,7.34,230487,314,卖盘
504,09:55:15,7.35,34509,47,买盘
505,09:55:18,7.34,107919,147,卖盘
506,09:55:21,7.34,14680,20,卖盘
507,09:55:24,7.34,42572,58,卖盘
508,09:55:27,7.34,336914,459,卖盘
509,09:55:30,7.34,140194,191,卖盘
510,09:55:33,7.34,227552,310,卖盘
511,09:55:36,7.34,87379,119,卖盘
512,09:55:39,7.35,116718,159,买盘
513,09:55:42,7.34,153416,209,卖盘
514,09:55:45,7.34,127000,173,卖盘
515,09:55:48,7.34,198189,270,卖盘
516,09:55:51,7.34,748153,1018,卖盘
517,09:55:54,7.34,1046599,1424,卖盘
518,09:55:57,7.35,129322,176,买盘
519,09:56:00,7.34,35975,49,卖盘
520,09:56:03,7.34,193776,264,卖盘
521,09:56:06,7.34,79272,108,卖盘
522,09:56:09,7.34,153530,209,卖盘
523,09:56:12,7.34,168821,230,卖盘
524,09:56:15,7.34,70478,96,卖盘
525,09:56:18,7.34,107164,146,卖盘
526,09:56:21,7.34,815474,1111,卖盘
527,09:56:24,7.35,679769,925,买盘
528,09:56:27,7.34,118908,162,卖盘
529,09:56:30,7.35,47728,65,买盘
530,09:56:33,7.35,150660,205,买盘
531,09:56:36,7.35,1188463,1617,买盘
532,09:56:39,7.34,310100,422,卖盘
533,09:56:42,7.35,229013,312,买盘
534,09:56:45,7.35,121176,165,买盘
535,09:56:48,7.34,273161,372,卖盘
536,09:56:51,7.34,248959,339,卖盘
537,09:56:54,7.34,168884,230,卖盘
538,09:56:57,7.35,171030,233,买盘
539,09:57:00,7.34,48444,66,卖盘
540,09:57:03,7.35,161564,220,买盘
541,09:57:06,7.35,95426,130,买盘
542,09:57:09,7.34,368799,502,卖盘
543,09:57:12,7.35,96910,132,买盘
544,09:57:15,7.34,13214,18,卖盘
545,09:57:18,7.34,163833,223,卖盘
546,09:57:21,7.34,46280,63,卖盘
547,09:57:24,7.34,42616,58,卖盘
548,09:57:27,7.35,60251,82,买盘
549,09:57:30,7.35,755491,1028,买盘
550,09:57:33,7.34,265994,362,卖盘
551,09:57:36,7.35,971664,1322,买盘
552,09:57:39,7.35,293939,400,买盘
553,09:57:42,7.35,316778,431,买盘
554,09:57:45,7.35,81553,111,买盘
555,09:57:48,7.35,144060,196,买盘
556,09:57:51,7.35,4347514,5915,买盘
557,09:57:54,7.35,38956,53,卖盘
558,09:57:57,7.35,152909,208,卖盘
559,09:58:00,7.35,33821,46,卖盘
560,09:58:03,7.35,137463,187,卖盘
561,09:58:06,7.36,655680,891,买盘
562,09:58:09,7.36,870571,1183,买盘
563,09:58:12,7.35,158760,216,卖盘
564,09:58:15,7.35,298688,406,卖盘
565,09:58:18,7.35,148524,202,卖盘
566,09:58:21,7.35,54390,74,卖盘
567,09:58:24,7.35,145530,198,卖盘
568,09:58:27,7.35,138915,189,卖盘
569,09:58:30,7.36,83796,114,买盘
570,09:58:33,7.36,37521,51,买盘
571,09:58:36,7.35,699838,951,卖盘
572,09:58:39,7.35,340706,463,卖盘
573,09:58:42,7.36,193454,263,买盘
574,09:58:45,7.35,39690,54,卖盘
575,09:58:48,7.36,131644,179,买盘
576,09:58:51,7.35,258257,351,卖盘
577,09:58:54,7.36,97808,133,买盘
578,09:58:57,7.35,198680,270,卖盘
579,09:59:00,7.35,75776,103,卖盘
580,09:59:03,7.35,47040,64,卖盘
581,09:59:06,7.35,110990,151,卖盘
582,09:59:09,7.35,125685,171,卖盘
583,09:59:12,7.36,93360,127,买盘
584,09:59:15,7.35,765428,1041,卖盘
585,09:59:18,7.35,143325,195,卖盘
586,09:59:21,7.35,172005,234,卖盘
587,09:59:24,7.35,174225,237,卖盘
588,09:59:27,7.35,103716,141,卖盘
589,09:59:30,7.36,1029068,1400,买盘
590,09:59:33,7.35,110274,150,卖盘
591,09:59:36,7.36,26476,36,买盘
592,09:59:39,7.35,41922,57,卖盘
593,09:59:42,7.36,27212,37,买盘
594,09:59:45,7.35,9555,13,卖盘
595,09:59:48,7.35,122903,167,卖盘
596,09:59:51,7.35,44835,61,卖盘
597,09:59:54,7.36,24288,33,买盘
598,09:59:57,7.35,769617,1047,卖盘
599,10:00:00,7.35,167641,228,卖盘
600,10:00:03,7.35,364802,496,卖盘
601,10:00:06,7.35,383104,521,卖盘
602,10:00:09,7.36,135245,184,买盘
603,10:00:12,7.35,33098,45,卖盘
604,10:00:15,7.35,121302,165,卖盘
605,10:00:18,7.35,28665,39,卖盘
606,10:00:21,7.36,619648,842,买盘
607,10:00:24,7.36,176455,240,买盘
608,10:00:27,7.35,303123,412,卖盘
609,10:00:30,7.35,107310,146,卖盘
610,10:00:33,7.35,314615,428,卖盘
611,10:00:36,7.35,59541,81,卖盘
612,10:00:39,7.36,2277582,3095,买盘
613,10:00:42,7.36,9651851,13114,买盘
614,10:00:45,7.37,17056526,23174,买盘
615,10:00:48,7.37,62572,85,买盘
616,10:00:51,7.36,14721,20,卖盘
617,10:00:54,7.36,189888,258,卖盘
618,10:00:57,7.36,4048736,5501,卖盘
619,10:01:00,7.36,794434,1078,卖盘
620,10:01:03,7.36,57413,78,卖盘
621,10:01:06,7.37,258435,351,买盘
622,10:01:09,7.36,129570,176,卖盘
623,10:01:12,7.37,127455,173,买盘
624,10:01:15,7.37,149586,203,买盘
625,10:01:18,7.37,149444,203,买盘
626,10:01:21,7.37,121457,165,买盘
627,10:01:24,7.37,689722,936,买盘
628,10:01:27,7.36,172990,235,卖盘
629,10:01:30,7.37,46411,63,买盘
630,10:01:33,7.36,83195,113,卖盘
631,10:01:36,7.37,136324,185,买盘
632,10:01:39,7.37,203252,276,买盘
633,10:01:42,7.37,132558,180,买盘
634,10:01:45,7.37,803321,1090,买盘
635,10:01:48,7.37,168740,229,买盘
636,10:01:51,7.36,86916,118,卖盘
637,10:01:54,7.37,36082,49,买盘
638,10:01:57,7.36,60356,82,卖盘
639,10:02:00,7.36,123795,168,卖盘
640,10:02:03,7.36,95734,130,卖盘
641,10:02:06,7.36,47107,64,卖盘
642,10:02:09,7.37,24321,33,买盘
643,10:02:12,7.36,145728,198,卖盘
644,10:02:15,7.36,243017,330,卖盘
645,10:02:18,7.37,788301,1070,买盘
646,10:02:21,7.36,27991,38,卖盘
647,10:02:24,7.37,102443,139,买盘
648,10:02:27,7.36,265312,360,卖盘
649,10:02:30,7.36,61138,83,卖盘
650,10:02:33,7.36,246056,334,卖盘
651,10:02:36,7.36,50787,69,卖盘
652,10:02:39,7.37,108969,148,买盘
653,10:02:42,7.37,85384,116,买盘
654,10:02:45,7.36,228285,310,卖盘
655,10:02:48,7.37,55942,76,买盘
656,10:02:51,7.37,50839,69,买盘
657,10:02:54,7.36,8096,11,卖盘
658,10:02:57,7.37,19142,26,买盘
659,10:03:00,7.36,136230,185,卖盘
660,10:03:03,7.37,782027,1062,买盘
661,10:03:06,7.37,32408,44,买盘
662,10:03:09,7.36,283671,385,卖盘
663,10:03:12,7.37,191389,260,买盘
664,10:03:15,7.37,19153,26,买盘
665,10:03:18,7.37,538001,730,买盘
666,10:03:21,7.36,189155,257,卖盘
667,10:03:24,7.36,134708,183,卖盘
668,10:03:27,7.37,39031,53,买盘
669,10:03:30,7.36,116404,158,卖盘
670,10:03:33,7.37,69960,95,买盘
671,10:03:36,7.36,36071,49,卖盘
672,10:03:39,7.36,125883,171,卖盘
673,10:03:42,7.36,145119,197,卖盘
674,10:03:45,7.37,105282,143,买盘
675,10:03:48,7.37,81807,111,买盘
676,10:03:51,7.36,148722,202,卖盘
677,10:03:54,7.36,157698,214,卖盘
678,10:03:57,7.37,813648,1104,买盘
679,10:04:00,7.37,75838,103,买盘
680,10:04:03,7.36,333442,453,卖盘
681,10:04:06,7.36,50797,69,卖盘
682,10:04:09,7.37,103057,140,买盘
683,10:04:12,7.36,27242,37,卖盘
684,10:04:15,7.36,12520,17,卖盘
685,10:04:18,7.37,138379,188,买盘
686,10:04:21,7.36,16200,22,卖盘
687,10:04:24,7.36,195299,265,卖盘
688,10:04:27,7.37,2948,4,买盘
689,10:04:30,7.37,717101,973,买盘
690,10:04:33,7.36,36102,49,卖盘
691,10:04:36,7.37,5158,7,买盘
692,10:04:39,7.37,113374,154,买盘
693,10:04:42,7.36,19142,26,卖盘
694,10:04:45,7.37,109806,149,买盘
695,10:04:48,7.37,145926,198,买盘
696,10:04:51,7.36,32415,44,卖盘
697,10:04:54,7.37,21353,29,买盘
698,10:04:57,7.37,11055,15,买盘
699,10:05:00,7.37,106118,144,买盘
700,10:05:03,7.36,195278,265,卖盘
701,10:05:06,7.37,117182,159,买盘
702,10:05:09,7.37,258593,351,买盘
703,10:05:12,7.37,173866,236,买盘
704,10:05:15,7.37,602100,817,买盘
705,10:05:18,7.37,78849,107,买盘
706,10:05:21,7.37,1108196,1504,买盘
707,10:05:24,7.37,2948,4,买盘
708,10:05:27,7.37,18422,25,买盘
709,10:05:30,7.36,103829,141,卖盘
710,10:05:33,7.36,36068,49,卖盘
711,10:05:36,7.36,136896,186,卖盘
712,10:05:42,7.36,700829,951,卖盘
713,10:05:45,7.36,57437,78,卖盘
714,10:05:48,7.36,61156,83,卖盘
715,10:05:51,7.36,55238,75,卖盘
716,10:05:54,7.36,35328,48,卖盘
717,10:05:57,7.36,22816,31,卖盘
718,10:06:00,7.37,30188,41,买盘
719,10:06:03,7.37,51577,70,买盘
720,10:06:06,7.36,216605,294,卖盘
721,10:06:09,7.37,582230,790,买盘
722,10:06:12,7.37,51566,70,买盘
723,10:06:15,7.37,855657,1161,买盘
724,10:06:18,7.36,111976,152,卖盘
725,10:06:21,7.36,77308,105,卖盘
726,10:06:24,7.37,301829,410,买盘
727,10:06:27,7.37,20626,28,买盘
728,10:06:30,7.37,167081,227,买盘
729,10:06:33,7.36,33866,46,卖盘
730,10:06:36,7.37,147986,201,买盘
731,10:06:39,7.36,4416,6,卖盘
732,10:06:42,7.37,47848,65,买盘
733,10:06:45,7.37,620554,842,买盘
734,10:06:48,7.37,5159,7,买盘
735,10:06:51,7.37,512215,695,买盘
736,10:06:54,7.36,420821,571,卖盘
737,10:06:57,7.37,1064964,1445,买盘
738,10:07:00,7.37,164351,223,买盘
739,10:07:03,7.37,6181946,8388,买盘
740,10:07:06,7.37,6562469,8903,买盘
741,10:07:09,7.37,1518040,2057,卖盘
742,10:07:12,7.37,55330,75,卖盘
743,10:07:15,7.37,542436,736,卖盘
744,10:07:18,7.37,64119,87,卖盘
745,10:07:21,7.37,51590,70,卖盘
746,10:07:24,7.37,53084,72,卖盘
747,10:07:27,7.38,115032,156,买盘
748,10:07:30,7.37,527724,716,卖盘
749,10:07:33,7.37,15477,21,卖盘
750,10:07:36,7.38,9593,13,买盘
751,10:07:39,7.37,64119,87,卖盘
752,10:07:42,7.38,64206,87,买盘
753,10:07:45,7.37,11055,15,卖盘
754,10:07:48,7.38,230256,312,买盘
755,10:07:51,7.38,30986,42,买盘
756,10:07:54,7.38,1476,2,买盘
757,10:07:57,7.37,34651,47,卖盘
758,10:08:00,7.37,97292,132,卖盘
759,10:08:03,7.38,660502,895,买盘
760,10:08:06,7.38,3452894,4685,买盘
761,10:08:09,7.38,15495,21,买盘
762,10:08:12,7.37,128308,174,卖盘
763,10:08:15,7.37,137915,187,卖盘
764,10:08:18,7.38,62697,85,买盘
765,10:08:21,7.37,53824,73,卖盘
766,10:08:24,7.38,39852,54,买盘
767,10:08:27,7.38,35424,48,买盘
768,10:08:30,7.38,179105,243,买盘
769,10:08:33,7.38,98055,133,买盘
770,10:08:36,7.38,12536,17,买盘
771,10:08:39,7.37,54594,74,卖盘
772,10:08:42,7.38,46494,63,买盘
773,10:08:45,7.37,120241,163,卖盘
774,10:08:48,7.38,156421,212,买盘
775,10:08:51,7.38,1118069,1515,买盘
776,10:08:54,7.38,245746,333,买盘
777,10:08:57,7.38,47232,64,买盘
778,10:09:00,7.38,142434,193,买盘
779,10:09:03,7.38,319944,434,买盘
780,10:09:06,7.38,30996,42,买盘
781,10:09:09,7.37,19902,27,卖盘
782,10:09:12,7.38,245563,333,买盘
783,10:09:15,7.38,912168,1236,买盘
784,10:09:18,7.38,481914,653,买盘
785,10:09:21,7.38,145366,197,买盘
786,10:09:24,7.38,275818,374,买盘
787,10:09:27,7.37,20658,28,卖盘
788,10:09:30,7.37,87063,118,卖盘
789,10:09:33,7.37,61914,84,卖盘
790,10:09:36,7.37,10318,14,卖盘
791,10:09:39,7.38,30258,41,买盘
792,10:09:42,7.38,186714,253,买盘
793,10:09:45,7.37,781456,1059,卖盘
794,10:09:48,7.38,27306,37,买盘
795,10:09:51,7.38,18447,25,买盘
796,10:09:54,7.37,52347,71,卖盘
797,10:09:57,7.37,94336,128,卖盘
798,10:10:00,7.38,188826,256,买盘
799,10:10:03,7.37,238222,323,卖盘
800,10:10:06,7.37,46438,63,卖盘
801,10:10:09,7.38,151948,206,买盘
802,10:10:12,7.37,34674,47,卖盘
803,10:10:15,7.38,52388,71,买盘
804,10:10:18,7.37,8845,12,卖盘
805,10:10:21,7.38,122501,166,买盘
806,10:10:24,7.38,2060394,2792,买盘
807,10:10:27,7.38,27306,37,买盘
808,10:10:30,7.37,33187,45,卖盘
809,10:10:33,7.37,272761,370,卖盘
810,10:10:36,7.38,146855,199,买盘
811,10:10:39,7.38,3904681,5291,买盘
812,10:10:42,7.38,220646,299,买盘
813,10:10:45,7.38,115128,156,买盘
814,10:10:48,7.38,50184,68,买盘
815,10:10:51,7.38,28775,39,买盘
816,10:10:54,7.38,186711,253,买盘
817,10:10:57,7.38,59771,81,买盘
818,10:11:00,7.38,97401,132,买盘
819,10:11:03,7.38,863445,1170,买盘
820,10:11:06,7.38,910673,1234,买盘
821,10:11:09,7.37,231705,314,卖盘
822,10:11:12,7.38,327524,444,买盘
823,10:11:15,7.38,170298,231,买盘
824,10:11:18,7.38,1790341,2426,买盘
825,10:11:21,7.37,954216,1293,卖盘
826,10:11:24,7.38,174870,237,买盘
827,10:11:27,7.38,56795,77,买盘
828,10:11:30,7.38,129101,175,买盘
829,10:11:33,7.38,45750,62,买盘
830,10:11:36,7.38,72285,98,买盘
831,10:11:39,7.38,855739,1160,买盘
832,10:11:42,7.38,81918,111,买盘
833,10:11:45,7.38,150528,204,买盘
834,10:11:48,7.38,44238,60,买盘
835,10:11:51,7.38,199953,271,买盘
836,10:11:54,7.38,120285,163,买盘
837,10:11:57,7.38,562882,763,买盘
838,10:12:00,7.38,141677,192,买盘
839,10:12:03,7.38,69371,94,买盘
840,10:12:06,7.38,3705373,5021,买盘
841,10:12:09,7.38,1238364,1678,买盘
842,10:12:12,7.38,172692,234,买盘
843,10:12:15,7.38,467876,634,买盘
844,10:12:18,7.38,1658282,2247,买盘
845,10:12:21,7.38,239840,325,买盘
846,10:12:24,7.38,667890,905,买盘
847,10:12:27,7.38,185371,251,卖盘
848,10:12:30,7.38,310743,421,卖盘
849,10:12:33,7.38,183763,249,卖盘
850,10:12:36,7.38,282871,383,卖盘
851,10:12:39,7.38,26578,36,卖盘
852,10:12:42,7.38,91543,124,卖盘
853,10:12:45,7.39,217935,295,买盘
854,10:12:48,7.38,76757,104,卖盘
855,10:12:51,7.38,56843,77,卖盘
856,10:12:54,7.38,15504,21,卖盘
857,10:12:57,7.39,739,1,买盘
858,10:13:00,7.38,50200,68,卖盘
859,10:13:03,7.38,31752,43,卖盘
860,10:13:06,7.39,1720355,2328,买盘
861,10:13:09,7.39,304353,412,买盘
862,10:13:12,7.38,56900,77,卖盘
863,10:13:15,7.39,11824,16,买盘
864,10:13:18,7.39,5173,7,买盘
865,10:13:21,7.39,357672,484,买盘
866,10:13:24,7.38,89398,121,卖盘
867,10:13:27,7.39,14780,20,买盘
868,10:13:30,7.38,17713,24,卖盘
869,10:13:33,7.39,134445,182,买盘
870,10:13:36,7.39,235509,319,买盘
871,10:13:39,7.39,866016,1172,买盘
872,10:13:42,7.39,39875,54,买盘
873,10:13:45,7.39,58358,79,买盘
874,10:13:48,7.39,98277,133,买盘
875,10:13:51,7.39,57608,78,买盘
876,10:13:54,7.38,113786,154,卖盘
877,10:13:57,7.39,78311,106,买盘
878,10:14:00,7.38,164751,223,卖盘
879,10:14:03,7.39,71683,97,买盘
880,10:14:06,7.39,20680,28,买盘
881,10:14:09,7.39,254722,345,买盘
882,10:14:12,7.39,35444,48,买盘
883,10:14:15,7.39,17717,24,买盘
884,10:14:18,7.38,204638,277,卖盘
885,10:14:21,7.39,30279,41,买盘
886,10:14:24,7.39,71596,97,买盘
887,10:14:27,7.38,96683,131,卖盘
888,10:14:30,7.38,46502,63,卖盘
889,10:14:33,7.38,48002,65,卖盘
890,10:14:36,7.38,48004,65,卖盘
891,10:14:39,7.38,268634,364,卖盘
892,10:14:42,7.38,310723,421,卖盘
893,10:14:45,7.38,958663,1299,卖盘
894,10:14:48,7.38,5302530,7185,卖盘
895,10:14:51,7.38,1506996,2042,买盘
896,10:14:54,7.37,37626,51,卖盘
897,10:14:57,7.37,62726,85,卖盘
898,10:15:00,7.37,737,1,卖盘
899,10:15:03,7.38,16974,23,买盘
900,10:15:06,7.37,63449,86,卖盘
901,10:15:09,7.38,74487,101,买盘
902,10:15:12,7.37,814732,1105,卖盘
903,10:15:15,7.37,22854,31,卖盘
904,10:15:18,7.37,41273,56,卖盘
905,10:15:21,7.37,24337,33,卖盘
906,10:15:24,7.37,58247,79,卖盘
907,10:15:27,7.38,136445,185,买盘
908,10:15:30,7.37,20646,28,卖盘
909,10:15:33,7.38,42065,57,买盘
910,10:15:36,7.38,16955,23,买盘
911,10:15:39,7.37,32454,44,卖盘
912,10:15:42,7.37,33923,46,卖盘
913,10:15:45,7.37,12529,17,卖盘
914,10:15:48,7.37,39061,53,卖盘
915,10:15:51,7.37,15480,21,卖盘
916,10:15:54,7.37,263112,357,卖盘
917,10:15:57,7.37,50914,69,卖盘
918,10:16:00,7.37,50116,68,卖盘
919,10:16:03,7.37,22872,31,卖盘
920,10:16:06,7.38,3697268,5010,买盘
921,10:16:09,7.38,2359338,3197,买盘
922,10:16:12,7.38,523959,710,买盘
923,10:16:15,7.38,35406,48,买盘
924,10:16:18,7.37,90748,123,卖盘
925,10:16:21,7.38,28044,38,买盘
926,10:16:24,7.37,222650,302,卖盘
927,10:16:27,7.37,35398,48,卖盘
928,10:16:30,7.37,5903,8,卖盘
929,10:16:33,7.37,16954,23,卖盘
930,10:16:36,7.38,10330,14,买盘
931,10:16:39,7.37,253549,344,卖盘
932,10:16:42,7.38,635418,861,买盘
933,10:16:45,7.38,38354,52,买盘
934,10:16:48,7.38,67896,92,买盘
935,10:16:51,7.37,53133,72,卖盘
936,10:16:54,7.37,18428,25,卖盘
937,10:16:57,7.38,11060,15,买盘
938,10:17:00,7.38,105468,143,买盘
939,10:17:03,7.38,32455,44,买盘
940,10:17:06,7.38,264182,358,买盘
941,10:17:09,7.38,52339,71,买盘
942,10:17:12,7.38,28013,38,买盘
943,10:17:15,7.37,31696,43,卖盘
944,10:17:18,7.37,643503,872,卖盘
945,10:17:21,7.38,43542,59,买盘
946,10:17:24,7.38,58281,79,买盘
947,10:17:27,7.37,39091,53,卖盘
948,10:17:30,7.38,23598,32,买盘
949,10:17:33,7.38,23594,32,买盘
950,10:17:36,7.37,302558,410,卖盘
951,10:17:39,7.38,111299,151,买盘
952,10:17:42,7.37,84843,115,卖盘
953,10:17:45,7.38,37637,51,买盘
954,10:17:48,7.38,52373,71,买盘
955,10:17:51,7.37,3687,5,卖盘
956,10:17:54,7.38,28021,38,买盘
957,10:17:57,7.38,89247,121,买盘
958,10:18:00,7.38,131364,178,买盘
959,10:18:03,7.38,63400,86,买盘
960,10:18:06,7.38,1421387,1926,买盘
961,10:18:09,7.38,101749,138,买盘
962,10:18:12,7.37,43483,59,卖盘
963,10:18:15,7.38,667152,904,买盘
964,10:18:18,7.37,19899,27,卖盘
965,10:18:21,7.37,198498,269,卖盘
966,10:18:24,7.38,5904,8,买盘
967,10:18:27,7.38,738,1,买盘
968,10:18:30,7.38,115732,157,买盘
969,10:18:33,7.38,8118,11,买盘
970,10:18:36,7.38,58997,80,买盘
971,10:18:39,7.38,668556,906,买盘
972,10:18:42,7.38,85537,116,买盘
973,10:18:45,7.38,33210,45,买盘
974,10:18:48,7.38,137985,187,买盘
975,10:18:54,7.37,56060,76,卖盘
976,10:18:57,7.37,43516,59,卖盘
977,10:19:00,7.38,14007,19,买盘
978,10:19:03,7.37,69327,94,卖盘
979,10:19:06,7.37,106131,144,卖盘
980,10:19:12,7.38,33920,46,买盘
981,10:19:15,7.38,668600,906,买盘
982,10:19:18,7.38,5166,7,买盘
983,10:19:21,7.38,55329,75,买盘
984,10:19:24,7.38,5166,7,买盘
985,10:19:27,7.38,30976,42,买盘
986,10:19:30,7.37,53064,72,卖盘
987,10:19:33,7.38,33935,46,买盘
988,10:19:36,7.37,33921,46,卖盘
989,10:19:39,7.37,16954,23,卖盘
990,10:19:42,7.37,2211,3,卖盘
991,10:19:45,7.37,17691,24,卖盘
992,10:19:48,7.37,79596,108,卖盘
993,10:19:51,7.37,16954,23,卖盘
994,10:19:54,7.37,27269,37,卖盘
995,10:19:57,7.37,19165,26,卖盘
996,10:20:00,7.37,12529,17,卖盘
997,10:20:03,7.38,23616,32,买盘
998,10:20:06,7.37,100274,136,卖盘
999,10:20:12,7.37,175406,238,卖盘
1000,10:20:15,7.37,822078,1114,卖盘
1001,10:20:21,7.37,40535,55,卖盘
1002,10:20:24,7.38,18429,25,买盘
1003,10:20:27,7.38,39086,53,买盘
1004,10:20:30,7.38,3690,5,买盘
1005,10:20:33,7.37,19172,26,卖盘
1006,10:20:36,7.37,803330,1090,卖盘
1007,10:20:39,7.38,1054701,1430,买盘
1008,10:20:42,7.38,241746,328,买盘
1009,10:20:45,7.38,16236,22,买盘
1010,10:20:48,7.37,132793,180,卖盘
1011,10:20:51,7.38,20647,28,买盘
1012,10:20:54,7.37,25801,35,卖盘
1013,10:20:57,7.37,42054,57,卖盘
1014,10:21:00,7.37,46431,63,卖盘
1015,10:21:03,7.37,149617,203,卖盘
1016,10:21:06,7.37,61177,83,卖盘
1017,10:21:09,7.37,86970,118,卖盘
1018,10:21:12,7.37,520322,706,卖盘
1019,10:21:15,7.37,66369,90,卖盘
1020,10:21:18,7.38,34649,47,买盘
1021,10:21:21,7.37,113498,154,卖盘
1022,10:21:24,7.37,67833,92,卖盘
1023,10:21:27,7.37,92128,125,卖盘
1024,10:21:30,7.37,61196,83,卖盘
1025,10:21:33,7.37,86966,118,卖盘
1026,10:21:36,7.37,106138,144,卖盘
1027,10:21:39,7.38,131221,178,买盘
1028,10:21:42,7.37,591074,802,卖盘
1029,10:21:45,7.37,39798,54,卖盘
1030,10:21:48,7.37,3685,5,卖盘
1031,10:21:51,7.37,235848,320,卖盘
1032,10:21:54,7.37,154820,210,卖盘
1033,10:21:57,7.37,49384,67,卖盘
1034,10:22:00,7.38,79597,108,买盘
1035,10:22:03,7.37,236590,321,卖盘
1036,10:22:06,7.37,36113,49,卖盘
1037,10:22:09,7.37,25795,35,卖盘
1038,10:22:12,7.37,1793858,2434,卖盘
1039,10:22:15,7.37,2251447,3055,卖盘
1040,10:22:18,7.37,656667,891,买盘
1041,10:22:21,7.37,86229,117,买盘
1042,10:22:24,7.37,17668,24,买盘
1043,10:22:27,7.36,33162,45,卖盘
1044,10:22:30,7.37,737,1,买盘
1045,10:22:33,7.37,2558127,3471,买盘
1046,10:22:36,7.37,493790,670,买盘
1047,10:22:39,7.37,1815311,2460,卖盘
1048,10:22:45,7.38,53806,73,买盘
1049,10:22:48,7.37,5159,7,卖盘
1050,10:22:54,7.37,302176,410,卖盘
1051,10:22:57,7.38,33173,45,买盘
1052,10:23:00,7.37,93599,127,卖盘
1053,10:23:03,7.37,84759,115,卖盘
1054,10:23:06,7.37,67067,91,卖盘
1055,10:23:09,7.38,2952,4,买盘
1056,10:23:12,7.37,42016,57,卖盘
1057,10:23:15,7.38,13281,18,买盘
1058,10:23:18,7.37,11792,16,卖盘
1059,10:23:21,7.37,43506,59,卖盘
1060,10:23:24,7.37,271956,369,卖盘
1061,10:23:30,7.37,27269,37,卖盘
1062,10:23:33,7.37,37588,51,卖盘
1063,10:23:36,7.38,154777,210,买盘
1064,10:23:42,7.37,19162,26,卖盘
1065,10:23:45,7.37,3689,5,卖盘
1066,10:23:48,7.37,33902,46,卖盘
1067,10:23:54,7.37,83350,113,卖盘
1068,10:23:57,7.37,22867,31,卖盘
1069,10:24:00,7.37,11792,16,卖盘
1070,10:24:03,7.38,113608,154,买盘
1071,10:24:06,7.37,114972,156,卖盘
1072,10:24:09,7.37,143028,194,卖盘
1073,10:24:12,7.37,219626,298,卖盘
1074,10:24:15,7.37,292604,397,卖盘
1075,10:24:18,7.37,29480,40,卖盘
1076,10:24:21,7.37,215204,292,卖盘
1077,10:24:24,7.37,17695,24,卖盘
1078,10:24:27,7.37,50853,69,卖盘
1079,10:24:30,7.37,50898,69,卖盘
1080,10:24:33,7.37,66332,90,卖盘
1081,10:24:36,7.38,85537,116,买盘
1082,10:24:39,7.37,2948,4,卖盘
1083,10:24:42,7.37,49379,67,卖盘
1084,10:24:45,7.38,36853,50,买盘
1085,10:24:48,7.37,16957,23,卖盘
1086,10:24:51,7.37,51604,70,卖盘
1087,10:24:54,7.37,221847,301,卖盘
1088,10:24:57,7.37,1731957,2350,卖盘
1089,10:25:00,7.37,766562,1040,买盘
1090,10:25:03,7.37,1072337,1455,卖盘
1091,10:25:06,7.37,41258,56,买盘
1092,10:25:09,7.37,14740,20,买盘
1093,10:25:12,7.37,9579,13,买盘
1094,10:25:15,7.37,19898,27,买盘
1095,10:25:18,7.36,12512,17,卖盘
1096,10:25:21,7.37,21373,29,买盘
1097,10:25:24,7.37,63366,86,买盘
1098,10:25:27,7.37,47168,64,买盘
1099,10:25:30,7.36,11776,16,卖盘
1100,10:25:33,7.36,11040,15,卖盘
1101,10:25:36,7.36,12512,17,卖盘
1102,10:25:39,7.36,7360,10,卖盘
1103,10:25:42,7.37,41252,56,买盘
1104,10:25:45,7.37,14003,19,买盘
1105,10:25:48,7.36,24292,33,卖盘
1106,10:25:51,7.36,2208,3,卖盘
1107,10:25:54,7.37,42729,58,买盘
1108,10:25:57,7.37,7370,10,买盘
1109,10:26:00,7.36,32387,44,卖盘
1110,10:26:03,7.36,73602,100,卖盘
1111,10:26:06,7.37,52310,71,买盘
1112,10:26:12,7.37,64042,87,买盘
1113,10:26:18,7.37,36068,49,买盘
1114,10:26:21,7.37,3685,5,买盘
1115,10:26:24,7.36,11776,16,卖盘
1116,10:26:27,7.36,8832,12,卖盘
1117,10:26:30,7.36,19872,27,卖盘
1118,10:26:33,7.36,74336,101,卖盘
1119,10:26:36,7.37,95009,129,买盘
1120,10:26:39,7.36,55993,76,卖盘
1121,10:26:42,7.36,49367,67,卖盘
1122,10:26:45,7.36,12512,17,卖盘
1123,10:26:48,7.37,2211,3,买盘
1124,10:26:51,7.36,15456,21,卖盘
1125,10:26:54,7.37,147947,201,买盘
1126,10:26:57,7.36,12512,17,卖盘
1127,10:27:00,7.37,131812,179,买盘
1128,10:27:03,7.36,57410,78,卖盘
1129,10:27:06,7.37,2209,3,买盘
1130,10:27:09,7.36,22080,30,卖盘
1131,10:27:12,7.36,70751,96,卖盘
1132,10:27:15,7.36,67712,92,卖盘
1133,10:27:18,7.36,73600,100,卖盘
1134,10:27:21,7.37,38286,52,买盘
1135,10:27:24,7.37,9581,13,买盘
1136,10:27:27,7.37,742807,1008,买盘
1137,10:27:30,7.36,21344,29,卖盘
1138,10:27:33,7.36,120019,163,卖盘
1139,10:27:36,7.36,20608,28,卖盘
1140,10:27:39,7.36,12512,17,卖盘
1141,10:27:42,7.36,399648,543,卖盘
1142,10:27:45,7.36,22080,30,卖盘
1143,10:27:48,7.36,301773,410,卖盘
1144,10:27:51,7.37,67713,92,买盘
1145,10:27:54,7.37,737,1,买盘
1146,10:27:57,7.36,242880,330,卖盘
1147,10:28:00,7.37,8844,12,买盘
1148,10:28:03,7.36,57409,78,卖盘
1149,10:28:06,7.36,139105,189,卖盘
1150,10:28:09,7.37,38289,52,买盘
1151,10:28:12,7.37,447359,607,买盘
1152,10:28:15,7.37,1120147,1520,买盘
1153,10:28:18,7.37,663300,900,买盘
1154,10:28:21,7.37,159188,216,买盘
1155,10:28:24,7.37,117183,159,买盘
1156,10:28:27,7.36,28721,39,卖盘
1157,10:28:30,7.37,56012,76,买盘
1158,10:28:33,7.37,100966,137,买盘
1159,10:28:36,7.37,19883,27,买盘
1160,10:28:39,7.37,100171,136,买盘
1161,10:28:42,7.37,13251,18,买盘
1162,10:28:45,7.37,4422,6,买盘
1163,10:28:48,7.36,59619,81,卖盘
1164,10:28:51,7.37,53801,73,买盘
1165,10:28:54,7.36,326784,444,卖盘
1166,10:28:57,7.36,644859,875,卖盘
1167,10:29:00,7.36,14734,20,卖盘
1168,10:29:03,7.37,192865,262,买盘
1169,10:29:06,7.37,34609,47,买盘
1170,10:29:09,7.36,58204,79,卖盘
1171,10:29:12,7.37,56748,77,买盘
1172,10:29:15,7.37,86210,117,买盘
1173,10:29:18,7.36,88418,120,卖盘
1174,10:29:21,7.36,16193,22,卖盘
1175,10:29:24,7.37,3685,5,买盘
1176,10:29:27,7.36,14720,20,卖盘
1177,10:29:30,7.37,69995,95,买盘
1178,10:29:33,7.36,44174,60,卖盘
1179,10:29:36,7.36,14720,20,卖盘
1180,10:29:39,7.37,121479,165,买盘
1181,10:29:42,7.36,356964,485,卖盘
1182,10:29:45,7.36,157504,214,卖盘
1183,10:29:48,7.36,20610,28,卖盘
1184,10:29:51,7.36,36065,49,卖盘
1185,10:29:57,7.37,624958,848,买盘
1186,10:30:00,7.36,14721,20,卖盘
1187,10:30:03,7.36,657991,894,卖盘
1188,10:30:06,7.36,8096,11,卖盘
1189,10:30:09,7.36,11776,16,卖盘
1190,10:30:12,7.37,2948,4,买盘
1191,10:30:15,7.36,22087,30,卖盘
1192,10:30:18,7.37,31666,43,买盘
1193,10:30:21,7.36,41242,56,卖盘
1194,10:30:27,7.36,35356,48,卖盘
1195,10:30:30,7.37,2599399,3527,买盘
1196,10:30:33,7.37,226259,307,买盘
1197,10:30:36,7.37,439252,596,买盘
1198,10:30:39,7.36,76622,104,卖盘
1199,10:30:42,7.36,43436,59,卖盘
1200,10:30:45,7.37,30200,41,买盘
1201,10:30:48,7.36,35328,48,卖盘
1202,10:30:51,7.36,276312,375,卖盘
1203,10:30:54,7.37,8107,11,买盘
1204,10:30:57,7.37,154023,209,买盘
1205,10:31:00,7.37,19146,26,买盘
1206,10:31:06,7.36,245088,333,卖盘
1207,10:31:12,7.36,11776,16,卖盘
1208,10:31:15,7.36,52263,71,卖盘
1209,10:31:18,7.37,691249,938,买盘
1210,10:31:21,7.36,68468,93,卖盘
1211,10:31:24,7.36,50786,69,卖盘
1212,10:31:27,7.36,24288,33,卖盘
1213,10:31:30,7.37,2948,4,买盘
1214,10:31:33,7.36,11776,16,卖盘
1215,10:31:39,7.36,27232,37,卖盘
1216,10:31:42,7.37,30217,41,买盘
1217,10:31:45,7.36,86112,117,卖盘
1218,10:31:51,7.36,12512,17,卖盘
1219,10:31:54,7.36,83168,113,卖盘
1220,10:31:57,7.36,61824,84,卖盘
1221,10:32:00,7.36,137632,187,卖盘
1222,10:32:03,7.36,84695,115,卖盘
1223,10:32:06,7.36,70686,96,卖盘
1224,10:32:12,7.37,1280157,1737,买盘
1225,10:32:15,7.36,78104,106,卖盘
1226,10:32:18,7.37,22846,31,买盘
1227,10:32:21,7.36,44160,60,卖盘
1228,10:32:24,7.37,35331,48,买盘
1229,10:32:39,7.36,12512,17,卖盘
1230,10:32:42,7.37,51590,70,买盘
1231,10:32:45,7.36,11776,16,卖盘
1232,10:32:48,7.37,10318,14,买盘
1233,10:32:51,7.37,76619,104,买盘
1234,10:32:54,7.37,16951,23,买盘
1235,10:32:57,7.36,9571,13,卖盘
1236,10:33:00,7.37,13986,19,买盘
1237,10:33:03,7.37,83273,113,买盘
1238,10:33:06,7.37,18409,25,买盘
1239,10:33:09,7.36,736,1,卖盘
1240,10:33:12,7.37,739147,1003,买盘
1241,10:33:15,7.36,178323,242,卖盘
1242,10:33:18,7.36,98635,134,卖盘
1243,10:33:21,7.36,47126,64,卖盘
1244,10:33:24,7.36,411438,559,卖盘
1245,10:33:27,7.36,141412,192,卖盘
1246,10:33:30,7.36,21351,29,卖盘
1247,10:33:36,7.36,70656,96,卖盘
1248,10:33:39,7.36,34592,47,卖盘
1249,10:33:42,7.36,80962,110,卖盘
1250,10:33:48,7.36,16192,22,卖盘
1251,10:33:51,7.36,597684,811,卖盘
1252,10:33:54,7.36,11776,16,卖盘
1253,10:33:57,7.36,52256,71,卖盘
1254,10:34:00,7.37,13985,19,买盘
1255,10:34:03,7.37,29480,40,买盘
1256,10:34:06,7.36,166408,226,卖盘
1257,10:34:09,7.36,46373,63,卖盘
1258,10:34:15,7.36,736,1,卖盘
1259,10:34:18,7.36,12512,17,卖盘
1260,10:34:21,7.37,15467,21,买盘
1261,10:34:24,7.37,259815,353,买盘
1262,10:34:27,7.36,28704,39,卖盘
1263,10:34:30,7.36,11776,16,卖盘
1264,10:34:33,7.37,737,1,买盘
1265,10:34:36,7.36,33883,46,卖盘
1266,10:34:39,7.37,39061,53,买盘
1267,10:34:42,7.37,60417,82,买盘
1268,10:34:45,7.36,359168,488,卖盘
1269,10:34:48,7.37,27252,37,买盘
1270,10:34:51,7.37,8106,11,买盘
1271,10:34:54,7.36,11776,16,卖盘
1272,10:34:57,7.36,101568,138,卖盘
1273,10:35:00,7.37,22821,31,买盘
1274,10:35:03,7.37,25058,34,买盘
1275,10:35:06,7.37,35355,48,买盘
1276,10:35:09,7.37,83188,113,买盘
1277,10:35:12,7.36,75072,102,卖盘
1278,10:35:15,7.36,77335,105,卖盘
1279,10:35:18,7.36,3680,5,卖盘
1280,10:35:21,7.36,45632,62,卖盘
1281,10:35:24,7.36,107579,146,卖盘
1282,10:35:27,7.36,44160,60,卖盘
1283,10:35:30,7.37,33142,45,买盘
1284,10:35:36,7.36,17664,24,卖盘
1285,10:35:39,7.36,2208,3,卖盘
1286,10:35:42,7.36,103147,140,卖盘
1287,10:35:45,7.36,86127,117,卖盘
1288,10:35:48,7.36,1472,2,卖盘
1289,10:35:51,7.36,1109888,1508,卖盘
1290,10:35:54,7.36,48576,66,卖盘
1291,10:35:57,7.36,103040,140,卖盘
1292,10:36:00,7.37,366584,498,买盘
1293,10:36:03,7.36,54464,74,卖盘
1294,10:36:06,7.36,30912,42,卖盘
1295,10:36:09,7.37,92741,126,买盘
1296,10:36:12,7.36,19136,26,卖盘
1297,10:36:15,7.37,11792,16,买盘
1298,10:36:18,7.36,25760,35,卖盘
1299,10:36:21,7.36,11040,15,卖盘
1300,10:36:27,7.36,80970,110,卖盘
1301,10:36:30,7.36,14720,20,卖盘
1302,10:36:33,7.37,17688,24,买盘
1303,10:36:36,7.37,650745,883,买盘
1304,10:36:42,7.36,147226,200,卖盘
1305,10:36:45,7.36,15456,21,卖盘
1306,10:36:48,7.37,3685,5,买盘
1307,10:36:51,7.37,15457,21,买盘
1308,10:36:54,7.37,61106,83,买盘
1309,10:36:57,7.36,354752,482,卖盘
1310,10:37:00,7.36,96417,131,卖盘
1311,10:37:03,7.36,353302,480,卖盘
1312,10:37:06,7.36,1276966,1735,卖盘
1313,10:37:09,7.36,207581,282,卖盘
1314,10:37:12,7.36,151617,206,卖盘
1315,10:37:15,7.36,293664,399,卖盘
1316,10:37:18,7.36,75072,102,卖盘
1317,10:37:21,7.36,142048,193,卖盘
1318,10:37:24,7.36,97908,133,卖盘
1319,10:37:27,7.36,52256,71,卖盘
1320,10:37:30,7.36,114816,156,卖盘
1321,10:37:33,7.36,93472,127,卖盘
1322,10:37:36,7.36,82432,112,卖盘
1323,10:37:39,7.36,164138,223,卖盘
1324,10:37:42,7.36,132480,180,卖盘
1325,10:37:45,7.36,103040,140,卖盘
1326,10:37:48,7.36,728640,990,卖盘
1327,10:37:51,7.36,177376,241,卖盘
1328,10:37:54,7.36,119968,163,卖盘
1329,10:37:57,7.36,303232,412,买盘
1330,10:38:00,7.36,108907,148,买盘
1331,10:38:03,7.36,337824,459,买盘
1332,10:38:06,7.36,1019404,1386,买盘
1333,10:38:09,7.36,145728,198,买盘
1334,10:38:12,7.35,5880,8,卖盘
1335,10:38:15,7.35,136710,186,卖盘
1336,10:38:18,7.35,97755,133,卖盘
1337,10:38:21,7.36,77197,105,买盘
1338,10:38:24,7.36,356960,485,买盘
1339,10:38:27,7.35,24255,33,卖盘
1340,10:38:30,7.35,2940,4,卖盘
1341,10:38:33,7.35,3675,5,卖盘
1342,10:38:36,7.35,47060,64,卖盘
1343,10:38:39,7.36,8828,12,买盘
1344,10:38:42,7.36,5888,8,买盘
1345,10:38:45,7.35,59547,81,卖盘
1346,10:38:48,7.35,22785,31,卖盘
1347,10:38:54,7.36,654624,890,买盘
1348,10:38:57,7.36,7360,10,买盘
1349,10:39:00,7.35,13965,19,卖盘
1350,10:39:03,7.35,379268,516,卖盘
1351,10:39:06,7.36,147200,200,买盘
1352,10:39:09,7.36,119916,163,买盘
1353,10:39:12,7.36,736,1,买盘
1354,10:39:15,7.35,162635,221,卖盘
1355,10:39:21,7.36,56652,77,买盘
1356,10:39:24,7.35,27948,38,卖盘
1357,10:39:27,7.35,420961,572,卖盘
1358,10:39:30,7.36,4416,6,买盘
1359,10:39:33,7.36,58126,79,买盘
1360,10:39:36,7.36,150880,205,买盘
1361,10:39:39,7.36,1326213,1802,买盘
1362,10:39:42,7.36,261280,355,买盘
1363,10:39:45,7.36,368736,501,买盘
1364,10:39:48,7.36,421710,573,买盘
1365,10:39:51,7.36,259072,352,买盘
1366,10:39:54,7.36,48556,66,买盘
1367,10:39:57,7.36,379040,515,买盘
1368,10:40:00,7.36,401856,546,买盘
1369,10:40:03,7.36,239212,325,买盘
1370,10:40:06,7.36,225216,306,卖盘
1371,10:40:09,7.36,158976,216,卖盘
1372,10:40:12,7.36,63296,86,卖盘
1373,10:40:15,7.36,172960,235,卖盘
1374,10:40:18,7.36,31649,43,卖盘
1375,10:40:21,7.36,159712,217,卖盘
1376,10:40:24,7.36,11040,15,卖盘
1377,10:40:30,7.36,33856,46,卖盘
1378,10:40:33,7.37,29463,40,买盘
1379,10:40:36,7.37,154616,210,买盘
1380,10:40:39,7.36,57408,78,卖盘
1381,10:40:45,7.36,11776,16,卖盘
1382,10:40:48,7.36,35328,48,卖盘
1383,10:40:51,7.36,22816,31,卖盘
1384,10:40:54,7.36,120019,163,卖盘
1385,10:41:00,7.36,58186,79,卖盘
1386,10:41:03,7.36,27972,38,卖盘
1387,10:41:06,7.37,18404,25,买盘
1388,10:41:09,7.36,6624,9,卖盘
1389,10:41:12,7.36,13984,19,卖盘
1390,10:41:15,7.37,25765,35,买盘
1391,10:41:18,7.36,11040,15,卖盘
1392,10:41:21,7.37,13249,18,买盘
1393,10:41:24,7.37,400175,543,买盘
1394,10:41:27,7.36,46409,63,卖盘
1395,10:41:30,7.36,67032,91,卖盘
1396,10:41:33,7.37,41272,56,买盘
1397,10:41:36,7.37,391330,531,买盘
1398,10:41:42,7.36,34592,47,卖盘
1399,10:41:45,7.36,49312,67,卖盘
1400,10:41:48,7.36,19141,26,卖盘
1401,10:41:51,7.36,154570,210,卖盘
1402,10:41:54,7.36,12512,17,卖盘
1403,10:41:57,7.36,75072,102,卖盘
1404,10:42:00,7.36,13249,18,卖盘
1405,10:42:03,7.36,751477,1021,卖盘
1406,10:42:06,7.37,19883,27,买盘
1407,10:42:09,7.37,20636,28,买盘
1408,10:42:12,7.36,399648,543,卖盘
1409,10:42:15,7.36,12512,17,卖盘
1410,10:42:18,7.36,6626,9,卖盘
1411,10:42:21,7.36,61824,84,卖盘
1412,10:42:27,7.36,101583,138,卖盘
1413,10:42:30,7.36,64838,88,卖盘
1414,10:42:33,7.36,49312,67,卖盘
1415,10:42:36,7.36,117024,159,卖盘
1416,10:42:39,7.36,176640,240,卖盘
1417,10:42:42,7.36,52262,71,卖盘
1418,10:42:45,7.36,62560,85,卖盘
1419,10:42:48,7.36,11776,16,卖盘
1420,10:42:51,7.37,4422,6,买盘
1421,10:42:57,7.36,11776,16,卖盘
1422,10:43:00,7.37,416355,565,买盘
1423,10:43:03,7.37,31691,43,买盘
1424,10:43:06,7.36,70656,96,卖盘
1425,10:43:09,7.36,33120,45,卖盘
1426,10:43:12,7.36,736,1,卖盘
1427,10:43:15,7.37,395724,537,买盘
1428,10:43:18,7.36,82469,112,卖盘
1429,10:43:21,7.36,22816,31,卖盘
1430,10:43:27,7.36,72864,99,卖盘
1431,10:43:30,7.36,38272,52,卖盘
1432,10:43:36,7.37,27986,38,买盘
1433,10:43:39,7.36,405993,551,卖盘
1434,10:43:42,7.36,211232,287,卖盘
1435,10:43:45,7.37,47869,65,买盘
1436,10:43:48,7.36,17664,24,卖盘
1437,10:43:51,7.36,626349,851,卖盘
1438,10:43:54,7.36,83909,114,卖盘
1439,10:43:57,7.36,3680,5,卖盘
1440,10:44:00,7.36,76594,104,卖盘
1441,10:44:03,7.36,232592,316,卖盘
1442,10:44:06,7.36,68448,93,卖盘
1443,10:44:09,7.36,66240,90,卖盘
1444,10:44:12,7.36,87584,119,卖盘
1445,10:44:15,7.37,97889,133,买盘
1446,10:44:18,7.36,108192,147,卖盘
1447,10:44:21,7.36,88320,120,卖盘
1448,10:44:24,7.36,17666,24,卖盘
1449,10:44:27,7.36,36800,50,卖盘
1450,10:44:30,7.36,17664,24,卖盘
1451,10:44:33,7.36,463686,630,卖盘
1452,10:44:36,7.36,92736,126,卖盘
1453,10:44:39,7.36,30912,42,卖盘
1454,10:44:42,7.36,15461,21,卖盘
1455,10:44:45,7.36,326048,443,卖盘
1456,10:44:48,7.36,242880,330,卖盘
1457,10:44:51,7.36,220800,300,买盘
1458,10:44:54,7.35,262732,357,卖盘
1459,10:44:57,7.36,55919,76,买盘
1460,10:45:00,7.36,35311,48,买盘
1461,10:45:03,7.36,3680,5,买盘
1462,10:45:06,7.35,74235,101,卖盘
1463,10:45:09,7.35,5884,8,卖盘
1464,10:45:12,7.35,18375,25,卖盘
1465,10:45:15,7.35,21315,29,卖盘
1466,10:45:21,7.35,22050,30,卖盘
1467,10:45:24,7.35,16178,22,卖盘
1468,10:45:27,7.35,468053,636,卖盘
1469,10:45:30,7.35,23520,32,卖盘
1470,10:45:33,7.36,27968,38,买盘
1471,10:45:36,7.35,73500,100,卖盘
1472,10:45:39,7.35,8092,11,卖盘
1473,10:45:42,7.35,19845,27,卖盘
1474,10:45:45,7.35,23523,32,卖盘
1475,10:45:48,7.36,45632,62,买盘
1476,10:45:51,7.36,58850,80,买盘
1477,10:45:54,7.35,5884,8,卖盘
1478,10:45:57,7.35,17640,24,卖盘
1479,10:46:00,7.35,15435,21,卖盘
1480,10:46:03,7.36,393024,534,买盘
1481,10:46:06,7.36,32380,44,买盘
1482,10:46:09,7.35,14700,20,卖盘
1483,10:46:15,7.35,14700,20,卖盘
1484,10:46:18,7.35,33840,46,卖盘
1485,10:46:21,7.35,2940,4,卖盘
1486,10:46:24,7.35,20581,28,卖盘
1487,10:46:27,7.36,326783,444,买盘
1488,10:46:30,7.36,17644,24,买盘
1489,10:46:33,7.36,11040,15,买盘
1490,10:46:36,7.35,735,1,卖盘
1491,10:46:39,7.36,89776,122,买盘
1492,10:46:42,7.35,36018,49,卖盘
1493,10:46:48,7.36,365300,497,买盘
1494,10:46:54,7.35,12495,17,卖盘
1495,10:46:57,7.35,33810,46,卖盘
1496,10:47:00,7.35,631152,858,卖盘
1497,10:47:03,7.36,13984,19,买盘
1498,10:47:06,7.35,78645,107,卖盘
1499,10:47:09,7.36,736,1,买盘
1500,10:47:12,7.35,13230,18,卖盘
1501,10:47:15,7.35,346921,472,卖盘
1502,10:47:18,7.36,2208,3,买盘
1503,10:47:21,7.35,33082,45,卖盘
1504,10:47:24,7.35,157390,214,卖盘
1505,10:47:27,7.35,32340,44,卖盘
1506,10:47:30,7.35,401824,546,卖盘
1507,10:47:33,7.35,53655,73,卖盘
1508,10:47:36,7.35,13230,18,卖盘
1509,10:47:42,7.36,19116,26,买盘
1510,10:47:45,7.35,13966,19,卖盘
1511,10:47:51,7.35,36046,49,卖盘
1512,10:47:54,7.35,250635,341,卖盘
1513,10:47:57,7.35,16905,23,卖盘
1514,10:48:00,7.36,110400,150,买盘
1515,10:48:03,7.35,74985,102,卖盘
1516,10:48:09,7.35,12497,17,卖盘
1517,10:48:12,7.35,16170,22,卖盘
1518,10:48:15,7.35,17640,24,卖盘
1519,10:48:18,7.36,353244,480,买盘
1520,10:48:21,7.36,203131,276,买盘
1521,10:48:24,7.36,113344,154,买盘
1522,10:48:27,7.36,30912,42,买盘
1523,10:48:33,7.35,19120,26,卖盘
1524,10:48:36,7.36,5152,7,买盘
1525,10:48:39,7.35,13230,18,卖盘
1526,10:48:42,7.36,80960,110,买盘
1527,10:48:45,7.35,61013,83,卖盘
1528,10:48:48,7.35,376321,512,卖盘
1529,10:48:51,7.36,376832,512,买盘
1530,10:48:54,7.36,41935,57,买盘
1531,10:48:57,7.35,24992,34,卖盘
1532,10:49:00,7.36,275303,375,买盘
1533,10:49:03,7.35,71304,97,卖盘
1534,10:49:06,7.36,1472,2,买盘
1535,10:49:09,7.35,85360,116,卖盘
1536,10:49:12,7.36,736,1,买盘
1537,10:49:15,7.36,69168,94,买盘
1538,10:49:18,7.35,13231,18,卖盘
1539,10:49:21,7.36,80960,110,买盘
1540,10:49:24,7.36,487212,662,买盘
1541,10:49:27,7.36,8832,12,买盘
1542,10:49:30,7.35,32368,44,卖盘
1543,10:49:36,7.36,25743,35,买盘
1544,10:49:42,7.36,229616,312,买盘
1545,10:49:45,7.36,204608,278,买盘
1546,10:49:48,7.36,710957,966,买盘
1547,10:49:51,7.36,515190,700,买盘
1548,10:49:54,7.36,1644960,2235,买盘
1549,10:49:57,7.36,129536,176,卖盘
1550,10:50:00,7.36,23553,32,卖盘
1551,10:50:03,7.36,13984,19,卖盘
1552,10:50:06,7.36,22080,30,卖盘
1553,10:50:09,7.36,29444,40,卖盘
1554,10:50:12,7.37,737,1,买盘
1555,10:50:15,7.36,16192,22,卖盘
1556,10:50:18,7.36,12512,17,卖盘
1557,10:50:21,7.37,5159,7,买盘
1558,10:50:24,7.37,30181,41,买盘
1559,10:50:27,7.36,19872,27,卖盘
1560,10:50:30,7.36,362587,492,卖盘
1561,10:50:33,7.37,19143,26,买盘
1562,10:50:36,7.36,25042,34,卖盘
1563,10:50:39,7.37,6633,9,买盘
1564,10:50:42,7.37,28714,39,买盘
1565,10:50:45,7.36,26496,36,卖盘
1566,10:50:48,7.37,3685,5,买盘
1567,10:50:51,7.37,26515,36,买盘
1568,10:50:54,7.37,31672,43,买盘
1569,10:50:57,7.36,46388,63,卖盘
1570,10:51:00,7.37,2947,4,买盘
1571,10:51:03,7.37,431812,586,买盘
1572,10:51:06,7.36,21344,29,卖盘
1573,10:51:09,7.36,16192,22,卖盘
1574,10:51:15,7.36,58891,80,卖盘
1575,10:51:18,7.36,301799,410,卖盘
1576,10:51:21,7.36,5888,8,卖盘
1577,10:51:24,7.36,34593,47,卖盘
1578,10:51:27,7.36,16192,22,卖盘
1579,10:51:30,7.36,5152,7,卖盘
1580,10:51:33,7.36,106720,145,卖盘
1581,10:51:36,7.36,13984,19,卖盘
1582,10:51:39,7.36,31668,43,卖盘
1583,10:51:42,7.36,92736,126,卖盘
1584,10:51:45,7.36,26496,36,卖盘
1585,10:51:48,7.36,61824,84,卖盘
1586,10:51:54,7.37,54465,74,买盘
1587,10:51:57,7.37,79532,108,买盘
1588,10:52:03,7.36,223744,304,卖盘
1589,10:52:06,7.37,213715,290,买盘
1590,10:52:09,7.36,369231,501,卖盘
1591,10:52:12,7.36,13250,18,卖盘
1592,10:52:15,7.36,381276,518,卖盘
1593,10:52:18,7.36,23552,32,卖盘
1594,10:52:21,7.36,736,1,卖盘
1595,10:52:24,7.36,30912,42,卖盘
1596,10:52:27,7.36,12512,17,卖盘
1597,10:52:33,7.37,89088,121,买盘
1598,10:52:39,7.37,14723,20,买盘
1599,10:52:42,7.36,736,1,卖盘
1600,10:52:45,7.36,36067,49,卖盘
1601,10:52:48,7.37,100182,136,买盘
1602,10:52:51,7.36,13986,19,卖盘
1603,10:52:54,7.36,1472,2,卖盘
1604,10:52:57,7.36,14722,20,卖盘
1605,10:53:00,7.37,4422,6,买盘
1606,10:53:03,7.36,61101,83,卖盘
1607,10:53:06,7.37,35348,48,买盘
1608,10:53:09,7.36,364044,494,卖盘
1609,10:53:12,7.36,26509,36,卖盘
1610,10:53:18,7.36,42708,58,卖盘
1611,10:53:21,7.36,433504,589,卖盘
1612,10:53:27,7.36,125170,170,卖盘
1613,10:53:30,7.36,16192,22,卖盘
1614,10:53:33,7.36,86112,117,卖盘
1615,10:53:36,7.36,41219,56,卖盘
1616,10:53:39,7.36,26496,36,卖盘
1617,10:53:42,7.36,373152,507,卖盘
1618,10:53:45,7.36,53728,73,卖盘
1619,10:53:48,7.36,135468,184,卖盘
1620,10:53:51,7.36,75072,102,卖盘
1621,10:53:54,7.36,237728,323,卖盘
1622,10:53:57,7.37,347127,471,买盘
1623,10:54:00,7.36,43424,59,卖盘
1624,10:54:03,7.36,273792,372,卖盘
1625,10:54:06,7.36,26502,36,卖盘
1626,10:54:09,7.37,13249,18,买盘
1627,10:54:12,7.36,15461,21,卖盘
1628,10:54:15,7.36,15476,21,卖盘
1629,10:54:18,7.36,12512,17,卖盘
1630,10:54:24,7.36,31648,43,卖盘
1631,10:54:27,7.36,1472,2,卖盘
1632,10:54:30,7.37,386410,525,买盘
1633,10:54:33,7.36,119238,162,卖盘
1634,10:54:36,7.37,22108,30,买盘
1635,10:54:42,7.36,11040,15,卖盘
1636,10:54:45,7.36,736,1,卖盘
1637,10:54:48,7.36,289984,394,卖盘
1638,10:54:51,7.37,337101,458,买盘
1639,10:54:54,7.36,1472,2,卖盘
1640,10:54:57,7.36,19872,27,卖盘
1641,10:55:00,7.36,11776,16,卖盘
1642,10:55:03,7.37,7366,10,买盘
1643,10:55:06,7.37,16197,22,买盘
1644,10:55:09,7.36,8096,11,卖盘
1645,10:55:12,7.36,36833,50,卖盘
1646,10:55:15,7.36,17669,24,卖盘
1647,10:55:18,7.36,107580,146,卖盘
1648,10:55:21,7.36,14720,20,卖盘
1649,10:55:24,7.36,1472,2,卖盘
1650,10:55:27,7.36,52256,71,卖盘
1651,10:55:30,7.36,10304,14,卖盘
1652,10:55:33,7.36,345633,469,卖盘
1653,10:55:36,7.37,148674,202,买盘
1654,10:55:39,7.36,45632,62,卖盘
1655,10:55:45,7.36,48626,66,卖盘
1656,10:55:48,7.36,19872,27,卖盘
1657,10:55:51,7.37,16935,23,买盘
1658,10:55:54,7.37,3685,5,买盘
1659,10:55:57,7.36,19136,26,卖盘
1660,10:56:00,7.36,2944,4,卖盘
1661,10:56:03,7.36,334882,455,卖盘
1662,10:56:06,7.36,99360,135,卖盘
1663,10:56:09,7.36,234048,318,卖盘
1664,10:56:12,7.36,308365,419,买盘
1665,10:56:15,7.35,32374,44,卖盘
1666,10:56:21,7.36,524015,712,买盘
1667,10:56:24,7.36,1472,2,卖盘
1668,10:56:27,7.36,572608,778,卖盘
1669,10:56:30,7.36,191360,260,卖盘
1670,10:56:33,7.36,347107,471,卖盘
1671,10:56:42,7.36,72893,99,卖盘
1672,10:56:45,7.36,11776,16,卖盘
1673,10:56:48,7.36,64089,87,卖盘
1674,10:56:54,7.36,11776,16,卖盘
1675,10:57:00,7.37,13249,18,买盘
1676,10:57:03,7.36,30912,42,卖盘
1677,10:57:06,7.36,736,1,卖盘
1678,10:57:09,7.36,361821,491,卖盘
1679,10:57:12,7.36,14720,20,卖盘
1680,10:57:15,7.36,376102,511,卖盘
1681,10:57:18,7.37,9574,13,买盘
1682,10:57:21,7.35,19141,26,卖盘
1683,10:57:24,7.37,5894,8,买盘
1684,10:57:27,7.36,11776,16,卖盘
1685,10:57:30,7.37,1473,2,买盘
1686,10:57:33,7.36,16198,22,卖盘
1687,10:57:36,7.37,19884,27,买盘
1688,10:57:39,7.37,25795,35,买盘
1689,10:57:42,7.37,16197,22,买盘
1690,10:57:45,7.36,39012,53,卖盘
1691,10:57:54,7.36,22080,30,卖盘
1692,10:57:57,7.36,33866,46,卖盘
1693,10:58:00,7.37,21345,29,买盘
1694,10:58:03,7.36,53043,72,卖盘
1695,10:58:06,7.37,7370,10,买盘
1696,10:58:09,7.37,27233,37,买盘
1697,10:58:12,7.37,12513,17,买盘
1698,10:58:15,7.37,338283,459,买盘
1699,10:58:18,7.36,17672,24,卖盘
1700,10:58:21,7.36,36064,49,卖盘
1701,10:58:24,7.37,7370,10,买盘
1702,10:58:27,7.36,128809,175,卖盘
1703,10:58:30,7.36,374654,509,卖盘
1704,10:58:36,7.36,16192,22,卖盘
1705,10:58:39,7.37,528715,718,买盘
1706,10:58:42,7.36,194804,265,卖盘
1707,10:58:45,7.37,86945,118,买盘
1708,10:58:48,7.37,47160,64,买盘
1709,10:58:51,7.37,14724,20,买盘
1710,10:58:54,7.37,44187,60,买盘
1711,10:58:57,7.36,21347,29,卖盘
1712,10:59:00,7.36,8096,11,卖盘
1713,10:59:03,7.37,2211,3,买盘
1714,10:59:06,7.36,17664,24,卖盘
1715,10:59:09,7.36,33142,45,卖盘
1716,10:59:12,7.37,22826,31,买盘
1717,10:59:15,7.36,36066,49,卖盘
1718,10:59:18,7.36,20608,28,卖盘
1719,10:59:21,7.36,50834,69,卖盘
1720,10:59:24,7.37,33165,45,买盘
1721,10:59:30,7.37,134696,183,买盘
1722,10:59:33,7.36,350059,475,卖盘
1723,10:59:36,7.37,29480,40,买盘
1724,10:59:39,7.37,23568,32,买盘
1725,10:59:42,7.37,2948,4,买盘
1726,10:59:45,7.36,348132,473,卖盘
1727,10:59:48,7.37,14003,19,买盘
1728,10:59:51,7.36,61824,84,卖盘
1729,10:59:57,7.36,736,1,卖盘
1730,11:00:00,7.36,11776,16,卖盘
1731,11:00:06,7.37,103163,140,买盘
1732,11:00:09,7.37,2948,4,买盘
1733,11:00:12,7.37,26504,36,买盘
1734,11:00:15,7.37,71489,97,买盘
1735,11:00:21,7.36,12512,17,卖盘
1736,11:00:24,7.36,25024,34,卖盘
1737,11:00:27,7.37,325017,441,买盘
1738,11:00:30,7.37,15460,21,买盘
1739,11:00:33,7.36,736,1,卖盘
1740,11:00:36,7.36,60381,82,卖盘
1741,11:00:39,7.36,3680,5,卖盘
1742,11:00:42,7.36,25026,34,卖盘
1743,11:00:48,7.36,12513,17,卖盘
1744,11:00:51,7.36,736,1,卖盘
1745,11:00:54,7.36,336352,457,卖盘
1746,11:00:57,7.36,59638,81,卖盘
1747,11:01:00,7.36,204553,278,卖盘
1748,11:01:03,7.36,52992,72,买盘
1749,11:01:06,7.36,420973,572,买盘
1750,11:01:09,7.35,17640,24,卖盘
1751,11:01:12,7.35,109515,149,卖盘
1752,11:01:15,7.35,14702,20,卖盘
1753,11:01:18,7.36,50724,69,买盘
1754,11:01:21,7.36,57367,78,买盘
1755,11:01:24,7.35,15435,21,卖盘
1756,11:01:27,7.36,39705,54,买盘
1757,11:01:30,7.35,333037,453,卖盘
1758,11:01:33,7.36,454691,618,买盘
1759,11:01:36,7.36,51520,70,买盘
1760,11:01:39,7.36,103776,141,买盘
1761,11:01:42,7.36,19853,27,买盘
1762,11:01:45,7.35,31629,43,卖盘
1763,11:01:51,7.35,37502,51,卖盘
1764,11:01:57,7.35,22785,31,卖盘
1765,11:02:00,7.35,275195,374,卖盘
1766,11:02:03,7.36,43424,59,买盘
1767,11:02:06,7.35,49296,67,卖盘
1768,11:02:09,7.35,217795,296,卖盘
1769,11:02:12,7.35,25008,34,卖盘
1770,11:02:15,7.36,365056,496,买盘
1771,11:02:18,7.36,148672,202,买盘
1772,11:02:21,7.36,736,1,买盘
1773,11:02:24,7.36,7360,10,买盘
1774,11:02:30,7.36,54448,74,买盘
1775,11:02:36,7.36,71376,97,买盘
1776,11:02:39,7.36,319408,434,买盘
1777,11:02:42,7.36,29440,40,买盘
1778,11:02:45,7.36,19120,26,买盘
1779,11:02:48,7.36,407008,553,买盘
1780,11:02:51,7.37,691844,940,买盘
1781,11:02:54,7.37,3258259,4421,买盘
1782,11:02:57,7.36,1086309,1474,卖盘
1783,11:03:00,7.37,56722,77,买盘
1784,11:03:03,7.37,2710686,3678,买盘
1785,11:03:06,7.37,3280387,4451,买盘
1786,11:03:09,7.38,2211751,3001,买盘
1787,11:03:12,7.37,505499,685,卖盘
1788,11:03:15,7.38,586689,796,买盘
1789,11:03:18,7.38,21402,29,买盘
1790,11:03:21,7.38,96658,131,买盘
1791,11:03:24,7.37,14003,19,卖盘
1792,11:03:27,7.37,58970,80,卖盘
1793,11:03:30,7.37,30964,42,卖盘
1794,11:03:33,7.37,3685,5,卖盘
1795,11:03:36,7.38,5164,7,买盘
1796,11:03:39,7.37,306602,416,卖盘
1797,11:03:45,7.38,439831,596,买盘
1798,11:03:51,7.37,15482,21,卖盘
1799,11:03:54,7.38,11070,15,买盘
1800,11:03:57,7.37,49383,67,卖盘
1801,11:04:00,7.37,14740,20,卖盘
1802,11:04:03,7.37,24345,33,卖盘
1803,11:04:06,7.37,12529,17,卖盘
1804,11:04:09,7.37,25795,35,卖盘
1805,11:04:12,7.38,39852,54,买盘
1806,11:04:15,7.37,29504,40,卖盘
1807,11:04:18,7.37,27302,37,卖盘
1808,11:04:24,7.38,64122,87,买盘
1809,11:04:27,7.37,881975,1196,卖盘
1810,11:04:30,7.37,89914,122,卖盘
1811,11:04:36,7.37,59726,81,卖盘
1812,11:04:39,7.37,232907,316,卖盘
1813,11:04:42,7.38,11802,16,买盘
1814,11:04:45,7.37,96547,131,卖盘
1815,11:04:51,7.37,90673,123,卖盘
1816,11:04:54,7.37,162146,220,卖盘
1817,11:04:57,7.37,447916,607,卖盘
1818,11:05:00,7.37,117183,159,卖盘
1819,11:05:03,7.37,4422,6,卖盘
1820,11:05:06,7.37,97286,132,卖盘
1821,11:05:09,7.37,55275,75,卖盘
1822,11:05:12,7.37,85492,116,卖盘
1823,11:05:15,7.37,22110,30,卖盘
1824,11:05:18,7.37,33902,46,卖盘
1825,11:05:21,7.37,11792,16,卖盘
1826,11:05:24,7.37,44220,60,卖盘
1827,11:05:27,7.37,14740,20,卖盘
1828,11:05:30,7.37,545409,740,卖盘
1829,11:05:33,7.37,299960,407,卖盘
1830,11:05:36,7.37,2491089,3380,卖盘
1831,11:05:39,7.37,203392,276,卖盘
1832,11:05:42,7.37,382486,519,买盘
1833,11:05:45,7.37,121499,165,买盘
1834,11:05:48,7.36,99366,135,卖盘
1835,11:05:54,7.36,109664,149,卖盘
1836,11:06:00,7.37,124416,169,买盘
1837,11:06:03,7.37,11055,15,买盘
1838,11:06:06,7.37,102332,139,买盘
1839,11:06:09,7.37,338283,459,买盘
1840,11:06:12,7.37,23584,32,买盘
1841,11:06:15,7.36,97912,133,卖盘
1842,11:06:21,7.36,140579,191,卖盘
1843,11:06:24,7.36,100842,137,卖盘
1844,11:06:30,7.36,93472,127,卖盘
1845,11:06:33,7.36,5152,7,卖盘
1846,11:06:36,7.37,83905,114,买盘
1847,11:06:39,7.37,33149,45,买盘
1848,11:06:42,7.37,451670,613,买盘
1849,11:06:45,7.37,1474,2,买盘
1850,11:06:51,7.36,20608,28,卖盘
1851,11:06:54,7.36,437920,595,卖盘
1852,11:06:57,7.37,733315,995,买盘
1853,11:07:00,7.36,28704,39,卖盘
1854,11:07:03,7.37,10317,14,买盘
1855,11:07:09,7.37,843865,1145,买盘
1856,11:07:12,7.37,16216,22,卖盘
1857,11:07:15,7.38,8856,12,买盘
1858,11:07:18,7.37,18425,25,卖盘
1859,11:07:21,7.37,7370,10,卖盘
1860,11:07:24,7.37,84755,115,卖盘
1861,11:07:27,7.38,8848,12,买盘
1862,11:07:30,7.37,89177,121,卖盘
1863,11:07:33,7.37,104659,142,卖盘
1864,11:07:36,7.38,35406,48,买盘
1865,11:07:39,7.37,1260270,1710,卖盘
1866,11:07:42,7.38,841464,1141,买盘
1867,11:07:45,7.38,190893,259,买盘
1868,11:07:48,7.37,78859,107,卖盘
1869,11:07:51,7.37,1011164,1372,中性盘
1870,11:07:54,7.37,268269,364,卖盘
1871,11:07:57,7.37,120868,164,买盘
1872,11:08:00,7.37,86966,118,买盘
1873,11:08:03,7.37,42009,57,买盘
1874,11:08:06,7.37,101706,138,买盘
1875,11:08:09,7.37,92125,125,卖盘
1876,11:08:12,7.37,347864,472,卖盘
1877,11:08:15,7.37,13266,18,中性盘
1878,11:08:18,7.36,66252,90,卖盘
1879,11:08:21,7.37,81053,110,中性盘
1880,11:08:24,7.37,29480,40,买盘
1881,11:08:27,7.37,11792,16,买盘
1882,11:08:30,7.37,89090,121,买盘
1883,11:08:33,7.37,126027,171,买盘
1884,11:08:39,7.37,216678,294,买盘
1885,11:08:42,7.37,283745,385,买盘
1886,11:08:45,7.37,493790,670,买盘
1887,11:08:51,7.36,114969,156,卖盘
1888,11:08:54,7.37,22110,30,买盘
1889,11:08:57,7.37,464310,630,买盘
1890,11:09:00,7.37,65593,89,买盘
1891,11:09:03,7.36,22080,30,卖盘
1892,11:09:06,7.37,117183,159,买盘
1893,11:09:09,7.36,11776,16,卖盘
1894,11:09:12,7.37,178222,242,买盘
1895,11:09:15,7.37,1089286,1478,买盘
1896,11:09:18,7.37,53064,72,卖盘
1897,11:09:21,7.37,398760,541,卖盘
1898,11:09:24,7.37,7370,10,中性盘
1899,11:09:30,7.37,52327,71,卖盘
1900,11:09:33,7.37,673858,914,买盘
1901,11:09:36,7.37,10318,14,卖盘
1902,11:09:39,7.37,36850,50,卖盘
1903,11:09:42,7.37,65593,89,买盘
1904,11:09:45,7.37,45678,62,买盘
1905,11:09:48,7.36,347846,472,卖盘
1906,11:09:51,7.37,364815,495,买盘
1907,11:09:54,7.36,43475,59,卖盘
1908,11:09:57,7.37,23584,32,中性盘
1909,11:10:03,7.37,44957,61,买盘
1910,11:10:06,7.37,216678,294,买盘
1911,11:10:09,7.37,8107,11,买盘
1912,11:10:12,7.37,224765,305,买盘
1913,11:10:15,7.37,479050,650,买盘
1914,11:10:18,7.37,67804,92,买盘
1915,11:10:21,7.37,84018,114,买盘
1916,11:10:24,7.37,48642,66,买盘
1917,11:10:27,7.37,44957,61,买盘
1918,11:10:30,7.37,57486,78,买盘
1919,11:10:33,7.37,64856,88,买盘
1920,11:10:36,7.37,3685,5,买盘
1921,11:10:39,7.36,129541,176,卖盘
1922,11:10:45,7.37,166362,226,买盘
1923,11:10:48,7.37,362604,492,买盘
1924,11:10:51,7.37,271953,369,买盘
1925,11:10:54,7.37,14003,19,买盘
1926,11:10:57,7.36,100229,136,卖盘
1927,11:11:00,7.36,186271,253,卖盘
1928,11:11:03,7.37,14740,20,买盘
1929,11:11:06,7.36,108192,147,卖盘
1930,11:11:09,7.36,94948,129,卖盘
1931,11:11:15,7.36,83168,113,卖盘
1932,11:11:18,7.36,12512,17,卖盘
1933,11:11:21,7.36,567358,770,卖盘
1934,11:11:24,7.36,30216,41,卖盘
1935,11:11:30,7.37,139180,189,买盘
1936,11:11:36,7.36,11776,16,卖盘
1937,11:11:39,7.36,82432,112,卖盘
1938,11:11:42,7.36,11776,16,卖盘
1939,11:11:45,7.36,84640,115,卖盘
1940,11:11:48,7.36,11040,15,卖盘
1941,11:11:51,7.37,519475,705,买盘
1942,11:11:54,7.36,36098,49,卖盘
1943,11:12:00,7.36,26528,36,卖盘
1944,11:12:03,7.36,439116,596,卖盘
1945,11:12:06,7.37,4422,6,买盘
1946,11:12:12,7.36,11776,16,卖盘
1947,11:12:15,7.36,13987,19,卖盘
1948,11:12:18,7.36,14720,20,卖盘
1949,11:12:24,7.36,353741,480,卖盘
1950,11:12:27,7.37,21373,29,买盘
1951,11:12:30,7.37,18425,25,买盘
1952,11:12:33,7.36,288151,391,卖盘
1953,11:12:42,7.37,33149,45,买盘
1954,11:12:45,7.36,3680,5,卖盘
1955,11:12:48,7.37,22093,30,买盘
1956,11:12:51,7.36,436178,592,卖盘
1957,11:12:54,7.36,116301,158,卖盘
1958,11:13:00,7.36,11776,16,卖盘
1959,11:13:03,7.37,13266,18,买盘
1960,11:13:06,7.37,59652,81,买盘
1961,11:13:09,7.37,45694,62,买盘
1962,11:13:15,7.36,94208,128,卖盘
1963,11:13:18,7.36,14724,20,卖盘
1964,11:13:21,7.37,22110,30,买盘
1965,11:13:27,7.36,3680,5,卖盘
1966,11:13:30,7.36,139104,189,卖盘
1967,11:13:33,7.37,61908,84,买盘
1968,11:13:39,7.37,31691,43,买盘
1969,11:13:45,7.37,737,1,买盘
1970,11:13:48,7.37,25795,35,买盘
1971,11:13:51,7.37,603587,819,买盘
1972,11:13:54,7.37,90651,123,买盘
1973,11:13:57,7.36,106727,145,卖盘
1974,11:14:00,7.37,21373,29,买盘
1975,11:14:03,7.37,44220,60,买盘
1976,11:14:06,7.37,137713,187,买盘
1977,11:14:12,7.36,15456,21,卖盘
1978,11:14:15,7.37,15460,21,买盘
1979,11:14:18,7.36,31650,43,卖盘
1980,11:14:21,7.36,17669,24,卖盘
1981,11:14:24,7.37,353023,479,买盘
1982,11:14:30,7.36,1013902,1376,卖盘
1983,11:14:33,7.36,56008,76,卖盘
1984,11:14:36,7.37,85492,116,买盘
1985,11:14:39,7.36,1473,2,卖盘
1986,11:14:42,7.37,50116,68,买盘
1987,11:14:45,7.36,64768,88,卖盘
1988,11:14:51,7.36,162656,221,卖盘
1989,11:14:54,7.37,3685,5,买盘
1990,11:14:57,7.37,509161,691,买盘
1991,11:15:00,7.36,546035,741,卖盘
1992,11:15:03,7.37,102443,139,买盘
1993,11:15:06,7.37,240131,326,买盘
1994,11:15:09,7.37,56012,76,买盘
1995,11:15:12,7.37,64769,88,买盘
1996,11:15:15,7.36,75072,102,卖盘
1997,11:15:18,7.37,7370,10,买盘
1998,11:15:21,7.36,73619,100,卖盘
1999,11:15:27,7.37,146564,199,买盘
2000,11:15:30,7.36,72140,98,卖盘
2001,11:15:33,7.37,375865,510,买盘
2002,11:15:36,7.37,39061,53,买盘
2003,11:15:39,7.36,60352,82,卖盘
2004,11:15:42,7.36,61824,84,卖盘
2005,11:15:45,7.36,52992,72,卖盘
2006,11:15:48,7.36,62562,85,卖盘
2007,11:15:51,7.36,78034,106,卖盘
2008,11:15:54,7.36,18408,25,卖盘
2009,11:15:57,7.36,73614,100,卖盘
2010,11:16:00,7.37,28743,39,买盘
2011,11:16:03,7.37,9581,13,买盘
2012,11:16:06,7.37,413441,561,买盘
2013,11:16:09,7.37,377344,512,买盘
2014,11:16:12,7.37,164233,223,买盘
2015,11:16:15,7.36,108967,148,卖盘
2016,11:16:18,7.37,42009,57,买盘
2017,11:16:21,7.37,127392,173,买盘
2018,11:16:24,7.36,36847,50,卖盘
2019,11:16:27,7.37,16935,23,买盘
2020,11:16:30,7.36,120024,163,卖盘
2021,11:16:33,7.36,19136,26,卖盘
2022,11:16:36,7.36,90528,123,卖盘
2023,11:16:42,7.36,78016,106,卖盘
2024,11:16:45,7.37,87588,119,买盘
2025,11:16:51,7.37,33885,46,买盘
2026,11:16:54,7.37,375854,510,买盘
2027,11:16:57,7.37,83173,113,买盘
2028,11:17:00,7.36,78021,106,卖盘
2029,11:17:03,7.36,26496,36,卖盘
2030,11:17:09,7.37,32399,44,买盘
2031,11:17:12,7.36,17672,24,卖盘
2032,11:17:15,7.36,736,1,卖盘
2033,11:17:24,7.36,26496,36,卖盘
2034,11:17:27,7.37,342705,465,买盘
2035,11:17:30,7.36,13984,19,卖盘
2036,11:17:33,7.36,21357,29,卖盘
2037,11:17:36,7.37,5896,8,买盘
2038,11:17:39,7.36,362112,492,卖盘
2039,11:17:42,7.37,48642,66,买盘
2040,11:17:45,7.36,448813,609,卖盘
2041,11:17:48,7.36,153931,209,卖盘
2042,11:17:57,7.37,88339,120,买盘
2043,11:18:03,7.37,3685,5,买盘
2044,11:18:06,7.36,11776,16,卖盘
2045,11:18:09,7.36,14720,20,卖盘
2046,11:18:12,7.36,49312,67,卖盘
2047,11:18:15,7.36,36800,50,卖盘
2048,11:18:18,7.37,14003,19,买盘
2049,11:18:21,7.36,48576,66,卖盘
2050,11:18:24,7.37,38308,52,买盘
2051,11:18:27,7.36,14725,20,卖盘
2052,11:18:33,7.36,442336,601,卖盘
2053,11:18:36,7.37,327965,445,买盘
2054,11:18:39,7.36,195045,265,卖盘
2055,11:18:42,7.37,22847,31,买盘
2056,11:18:45,7.37,22831,31,买盘
2057,11:18:51,7.37,19883,27,买盘
2058,11:18:54,7.36,27970,38,卖盘
2059,11:18:57,7.36,135424,184,卖盘
2060,11:19:00,7.36,12512,17,卖盘
2061,11:19:03,7.36,44940,61,卖盘
2062,11:19:09,7.37,474562,644,买盘
2063,11:19:15,7.36,11776,16,卖盘
2064,11:19:18,7.36,162658,221,卖盘
2065,11:19:21,7.37,39771,54,买盘
2066,11:19:24,7.36,16934,23,卖盘
2067,11:19:27,7.37,48615,66,买盘
2068,11:19:30,7.37,357445,485,买盘
2069,11:19:33,7.36,22831,31,卖盘
2070,11:19:36,7.37,130449,177,买盘
2071,11:19:39,7.37,5159,7,买盘
2072,11:19:42,7.37,671186,911,买盘
2073,11:19:45,7.36,28727,39,卖盘
2074,11:19:51,7.37,307104,417,买盘
2075,11:19:54,7.36,25037,34,卖盘
2076,11:20:00,7.36,13987,19,卖盘
2077,11:20:03,7.37,737,1,买盘
2078,11:20:06,7.36,11776,16,卖盘
2079,11:20:09,7.36,24304,33,卖盘
2080,11:20:12,7.36,8106,11,卖盘
2081,11:20:15,7.36,259837,353,卖盘
2082,11:20:18,7.37,737,1,买盘
2083,11:20:21,7.37,48626,66,买盘
2084,11:20:27,7.37,13249,18,买盘
2085,11:20:30,7.37,960107,1303,买盘
2086,11:20:33,7.37,389873,529,买盘
2087,11:20:36,7.37,1474,2,买盘
2088,11:20:39,7.37,153098,208,买盘
2089,11:20:42,7.36,41256,56,卖盘
2090,11:20:45,7.37,36850,50,买盘
2091,11:20:51,7.36,11776,16,卖盘
2092,11:20:57,7.36,12512,17,卖盘
2093,11:21:00,7.36,12512,17,卖盘
2094,11:21:09,7.37,157505,214,买盘
2095,11:21:15,7.37,332361,451,买盘
2096,11:21:21,7.36,44913,61,卖盘
2097,11:21:24,7.36,11776,16,卖盘
2098,11:21:30,7.36,16934,23,卖盘
2099,11:21:36,7.36,334919,455,卖盘
2100,11:21:39,7.36,8104,11,卖盘
2101,11:21:42,7.37,949755,1289,买盘
2102,11:21:45,7.37,6633,9,买盘
2103,11:21:48,7.37,2211,3,买盘
2104,11:21:51,7.36,154561,210,卖盘
2105,11:21:54,7.36,4416,6,卖盘
2106,11:22:00,7.36,12512,17,卖盘
2107,11:22:03,7.36,16192,22,卖盘
2108,11:22:09,7.37,1474,2,买盘
2109,11:22:12,7.37,159176,216,买盘
2110,11:22:15,7.36,14723,20,卖盘
2111,11:22:18,7.37,737,1,买盘
2112,11:22:21,7.37,1474,2,买盘
2113,11:22:24,7.37,43482,59,买盘
2114,11:22:30,7.37,12513,17,买盘
2115,11:22:33,7.37,413457,561,买盘
2116,11:22:36,7.36,26496,36,卖盘
2117,11:22:39,7.37,21373,29,买盘
2118,11:22:42,7.36,57418,78,卖盘
2119,11:22:48,7.37,737,1,买盘
2120,11:22:51,7.37,3685,5,买盘
2121,11:22:54,7.36,12512,17,卖盘
2122,11:23:00,7.36,153824,209,卖盘
2123,11:23:03,7.37,22110,30,买盘
2124,11:23:06,7.36,15456,21,卖盘
2125,11:23:09,7.37,2211,3,买盘
2126,11:23:12,7.36,13984,19,卖盘
2127,11:23:15,7.37,34593,47,买盘
2128,11:23:21,7.36,13250,18,卖盘
2129,11:23:27,7.37,2948,4,买盘
2130,11:23:30,7.36,12513,17,卖盘
2131,11:23:36,7.36,26496,36,卖盘
2132,11:23:39,7.37,30934,42,买盘
2133,11:23:45,7.37,407561,553,买盘
2134,11:23:48,7.37,23567,32,买盘
2135,11:23:51,7.37,24321,33,买盘
2136,11:23:54,7.36,152352,207,卖盘
2137,11:23:57,7.37,366538,498,买盘
2138,11:24:00,7.36,150880,205,卖盘
2139,11:24:03,7.36,36064,49,卖盘
2140,11:24:06,7.36,33120,45,卖盘
2141,11:24:09,7.36,35360,48,卖盘
2142,11:24:12,7.37,21373,29,买盘
2143,11:24:15,7.37,737,1,买盘
2144,11:24:18,7.36,11776,16,卖盘
2145,11:24:21,7.37,347110,471,买盘
2146,11:24:24,7.36,36096,49,卖盘
2147,11:24:30,7.36,11040,15,卖盘
2148,11:24:33,7.37,737,1,买盘
2149,11:24:36,7.36,47888,65,卖盘
2150,11:24:39,7.37,21373,29,买盘
2151,11:24:42,7.36,29443,40,卖盘
2152,11:24:45,7.37,8107,11,买盘
2153,11:24:48,7.36,35328,48,卖盘
2154,11:24:51,7.36,604813,821,卖盘
2155,11:24:54,7.36,86881,118,卖盘
2156,11:24:57,7.36,41245,56,卖盘
2157,11:25:00,7.36,114816,156,卖盘
2158,11:25:03,7.36,743360,1010,卖盘
2159,11:25:06,7.36,158978,216,卖盘
2160,11:25:09,7.37,108203,147,买盘
2161,11:25:12,7.36,30183,41,卖盘
2162,11:25:15,7.36,83904,114,卖盘
2163,11:25:18,7.36,13248,18,卖盘
2164,11:25:21,7.36,121440,165,卖盘
2165,11:25:24,7.36,5266080,7155,卖盘
2166,11:25:27,7.36,97888,133,买盘
2167,11:25:30,7.36,923560,1255,买盘
2168,11:25:33,7.36,211117,287,买盘
2169,11:25:36,7.36,260543,354,买盘
2170,11:25:39,7.36,183866,250,买盘
2171,11:25:42,7.36,442221,601,买盘
2172,11:25:45,7.36,136160,185,买盘
2173,11:25:48,7.35,83790,114,卖盘
2174,11:25:51,7.35,768810,1046,卖盘
2175,11:25:54,7.35,99238,135,卖盘
2176,11:25:57,7.35,7357,10,卖盘
2177,11:26:00,7.35,1296296,1763,卖盘
2178,11:26:06,7.36,171285,233,买盘
2179,11:26:09,7.36,170552,232,买盘
2180,11:26:12,7.35,667380,908,卖盘
2181,11:26:15,7.35,145530,198,卖盘
2182,11:26:18,7.35,86097,117,卖盘
2183,11:26:21,7.36,162444,221,买盘
2184,11:26:24,7.35,156556,213,卖盘
2185,11:26:27,7.35,63945,87,卖盘
2186,11:26:30,7.35,778365,1059,卖盘
2187,11:26:33,7.36,351072,477,买盘
2188,11:26:36,7.35,160968,219,卖盘
2189,11:26:39,7.35,169071,230,卖盘
2190,11:26:42,7.36,23552,32,买盘
2191,11:26:45,7.35,178605,243,卖盘
2192,11:26:48,7.35,826875,1125,卖盘
2193,11:26:51,7.35,233093,317,卖盘
2194,11:26:54,7.36,19862,27,买盘
2195,11:27:00,7.36,169058,230,买盘
2196,11:27:03,7.35,2305704,3137,卖盘
2197,11:27:06,7.35,766373,1042,卖盘
2198,11:27:09,7.35,7350,10,卖盘
2199,11:27:15,7.35,11760,16,卖盘
2200,11:27:18,7.36,736,1,买盘
2201,11:27:21,7.35,1470,2,卖盘
2202,11:27:24,7.35,70589,96,卖盘
2203,11:27:27,7.35,932718,1269,卖盘
2204,11:27:30,7.35,2940,4,卖盘
2205,11:27:33,7.36,59616,81,买盘
2206,11:27:36,7.35,7357,10,卖盘
2207,11:27:39,7.35,553231,752,卖盘
2208,11:27:42,7.35,22050,30,卖盘
2209,11:27:45,7.35,73500,100,卖盘
2210,11:27:48,7.36,300117,408,买盘
2211,11:27:51,7.36,166336,226,买盘
2212,11:27:57,7.35,929047,1264,卖盘
2213,11:28:00,7.36,89674,122,买盘
2214,11:28:06,7.35,663003,902,卖盘
2215,11:28:09,7.36,379040,515,买盘
2216,11:28:12,7.36,44160,60,买盘
2217,11:28:18,7.35,385164,524,卖盘
2218,11:28:21,7.36,7360,10,买盘
2219,11:28:24,7.35,23525,32,卖盘
2220,11:28:27,7.35,27941,38,卖盘
2221,11:28:33,7.35,397636,541,卖盘
2222,11:28:36,7.35,30870,42,卖盘
2223,11:28:39,7.36,97888,133,买盘
2224,11:28:42,7.35,96394,131,卖盘
2225,11:28:45,7.35,770086,1047,卖盘
2226,11:28:48,7.36,736,1,买盘
2227,11:28:51,7.36,736,1,买盘
2228,11:28:54,7.36,28704,39,买盘
2229,11:28:57,7.35,341782,465,卖盘
2230,11:29:00,7.35,20580,28,卖盘
2231,11:29:06,7.35,13237,18,卖盘
2232,11:29:09,7.36,11035,15,买盘
2233,11:29:12,7.35,393321,535,卖盘
2234,11:29:18,7.35,16170,22,卖盘
2235,11:29:21,7.36,8825,12,买盘
2236,11:29:27,7.35,60332,82,卖盘
2237,11:29:30,7.36,131744,179,买盘
2238,11:29:33,7.36,167072,227,买盘
2239,11:29:36,7.36,373865,508,买盘
2240,11:29:39,7.36,9568,13,买盘
2241,11:29:42,7.36,16192,22,买盘
2242,11:29:45,7.35,158784,216,卖盘
2243,11:29:48,7.36,13248,18,买盘
2244,11:29:51,7.36,94208,128,买盘
2245,11:29:57,7.35,37485,51,卖盘
2246,11:30:00,7.35,37496,51,卖盘
2247,13:00:00,7.36,6624,9,买盘
2248,13:00:03,7.36,462236,628,买盘
2249,13:00:06,7.36,936234,1272,卖盘
2250,13:00:09,7.36,1239483,1684,卖盘
2251,13:00:12,7.37,735963,999,买盘
2252,13:00:15,7.36,171695,233,卖盘
2253,13:00:18,7.37,55274,75,买盘
2254,13:00:21,7.36,5888,8,卖盘
2255,13:00:24,7.36,33164,45,卖盘
2256,13:00:27,7.37,8843,12,买盘
2257,13:00:30,7.36,21372,29,卖盘
2258,13:00:33,7.37,91328,124,买盘
2259,13:00:36,7.36,14720,20,卖盘
2260,13:00:39,7.37,737,1,买盘
2261,13:00:42,7.37,47905,65,买盘
2262,13:00:45,7.37,585915,795,买盘
2263,13:00:48,7.37,95720,130,买盘
2264,13:00:51,7.37,97256,132,买盘
2265,13:00:54,7.37,25795,35,买盘
2266,13:00:57,7.37,618954,840,买盘
2267,13:01:00,7.37,2469687,3351,买盘
2268,13:01:03,7.37,1761440,2390,买盘
2269,13:01:06,7.37,94344,128,卖盘
2270,13:01:09,7.38,2214,3,买盘
2271,13:01:12,7.38,176144,239,买盘
2272,13:01:15,7.37,42747,58,卖盘
2273,13:01:18,7.38,394830,535,买盘
2274,13:01:21,7.37,32429,44,卖盘
2275,13:01:24,7.37,998640,1355,卖盘
2276,13:01:27,7.37,53801,73,卖盘
2277,13:01:30,7.37,59697,81,卖盘
2278,13:01:36,7.38,29520,40,买盘
2279,13:01:39,7.38,22140,30,买盘
2280,13:01:45,7.37,1003060,1361,卖盘
2281,13:01:48,7.38,151119,205,买盘
2282,13:01:51,7.37,8844,12,卖盘
2283,13:01:54,7.38,14022,19,买盘
2284,13:01:57,7.38,202002,274,买盘
2285,13:02:00,7.37,78151,106,卖盘
2286,13:02:03,7.38,56067,76,买盘
2287,13:02:06,7.38,50922,69,买盘
2288,13:02:09,7.37,8107,11,卖盘
2289,13:02:12,7.37,27269,37,卖盘
2290,13:02:21,7.38,22140,30,买盘
2291,13:02:24,7.37,533588,724,卖盘
2292,13:02:27,7.37,36850,50,卖盘
2293,13:02:30,7.37,3685,5,卖盘
2294,13:02:39,7.37,16216,22,卖盘
2295,13:02:51,7.38,32472,44,买盘
2296,13:02:54,7.37,725049,983,卖盘
2297,13:02:57,7.37,119399,162,卖盘
2298,13:03:03,7.37,25064,34,卖盘
2299,13:03:06,7.37,7370,10,卖盘
2300,13:03:09,7.37,336080,456,卖盘
2301,13:03:12,7.37,33180,45,卖盘
2302,13:03:15,7.37,40535,55,卖盘
2303,13:03:18,7.37,263846,358,卖盘
2304,13:03:24,7.37,3685,5,卖盘
2305,13:03:27,7.37,169510,230,卖盘
2306,13:03:30,7.37,37587,51,卖盘
2307,13:03:33,7.37,41272,56,卖盘
2308,13:03:36,7.38,4427,6,买盘
2309,13:03:39,7.37,19922,27,卖盘
2310,13:03:42,7.38,11808,16,买盘
2311,13:03:45,7.38,24354,33,买盘
2312,13:03:48,7.38,423820,575,买盘
2313,13:03:54,7.38,7380,10,买盘
2314,13:04:00,7.37,74516,101,卖盘
2315,13:04:03,7.38,475926,645,买盘
2316,13:04:06,7.38,142388,193,买盘
2317,13:04:09,7.37,29480,40,卖盘
2318,13:04:12,7.37,432619,587,卖盘
2319,13:04:15,7.37,22847,31,卖盘
2320,13:04:18,7.38,50922,69,买盘
2321,13:04:21,7.37,56756,77,卖盘
2322,13:04:24,7.38,21402,29,买盘
2323,13:04:30,7.38,106228,144,买盘
2324,13:04:33,7.37,34639,47,卖盘
2325,13:04:36,7.37,29509,40,卖盘
2326,13:04:42,7.38,23616,32,买盘
2327,13:04:45,7.38,738,1,买盘
2328,13:04:48,7.38,19188,26,买盘
2329,13:04:51,7.37,70789,96,卖盘
2330,13:04:57,7.38,5904,8,买盘
2331,13:05:00,7.37,2948,4,卖盘
2332,13:05:03,7.38,34649,47,买盘
2333,13:05:06,7.37,40535,55,卖盘
2334,13:05:09,7.38,437634,593,买盘
2335,13:05:12,7.38,71518,97,买盘
2336,13:05:15,7.37,450405,611,卖盘
2337,13:05:18,7.38,50184,68,买盘
2338,13:05:21,7.38,109121,148,买盘
2339,13:05:24,7.37,59713,81,卖盘
2340,13:05:27,7.37,19919,27,卖盘
2341,13:05:30,7.37,50116,68,卖盘
2342,13:05:33,7.38,58231,79,买盘
2343,13:05:36,7.37,68541,93,卖盘
2344,13:05:39,7.37,142243,193,卖盘
2345,13:05:42,7.37,153296,208,卖盘
2346,13:05:45,7.38,56017,76,买盘
2347,13:05:51,7.37,52327,71,卖盘
2348,13:05:54,7.37,89192,121,卖盘
2349,13:05:57,7.38,43542,59,买盘
2350,13:06:00,7.38,50856,69,买盘
2351,13:06:03,7.38,32435,44,买盘
2352,13:06:06,7.38,26535,36,买盘
2353,13:06:09,7.37,30963,42,卖盘
2354,13:06:12,7.38,21402,29,买盘
2355,13:06:15,7.37,25058,34,卖盘
2356,13:06:18,7.38,59778,81,买盘
2357,13:06:21,7.38,580772,787,买盘
2358,13:06:24,7.38,76657,104,买盘
2359,13:06:27,7.37,59015,80,卖盘
2360,13:06:30,7.37,111392,151,卖盘
2361,13:06:33,7.38,423781,575,买盘
2362,13:06:39,7.38,79670,108,买盘
2363,13:06:42,7.38,109087,148,买盘
2364,13:06:45,7.38,67840,92,买盘
2365,13:06:48,7.37,99495,135,卖盘
2366,13:06:51,7.37,42752,58,卖盘
2367,13:06:54,7.37,31693,43,卖盘
2368,13:06:57,7.37,1153128,1564,卖盘
2369,13:07:00,7.37,43483,59,卖盘
2370,13:07:03,7.38,35386,48,买盘
2371,13:07:06,7.38,32443,44,买盘
2372,13:07:09,7.38,61962,84,买盘
2373,13:07:12,7.38,72972,99,买盘
2374,13:07:15,7.37,50858,69,卖盘
2375,13:07:18,7.37,11065,15,卖盘
2376,13:07:21,7.37,42009,57,卖盘
2377,13:07:24,7.38,26537,36,买盘
2378,13:07:27,7.37,15477,21,卖盘
2379,13:07:30,7.37,24322,33,卖盘
2380,13:07:33,7.37,55276,75,卖盘
2381,13:07:36,7.37,22847,31,卖盘
2382,13:07:39,7.38,39815,54,买盘
2383,13:07:45,7.37,353023,479,卖盘
2384,13:07:48,7.38,63421,86,买盘
2385,13:07:51,7.38,25796,35,买盘
2386,13:07:54,7.37,373659,507,卖盘
2387,13:08:00,7.38,365280,495,买盘
2388,13:08:03,7.38,4106046,5564,买盘
2389,13:08:06,7.37,849144,1152,卖盘
2390,13:08:09,7.38,84132,114,买盘
2391,13:08:12,7.38,92220,125,买盘
2392,13:08:15,7.37,162879,221,卖盘
2393,13:08:18,7.38,38376,52,买盘
2394,13:08:21,7.37,126764,172,卖盘
2395,13:08:24,7.37,44957,61,卖盘
2396,13:08:27,7.37,388895,527,卖盘
2397,13:08:30,7.37,1474,2,卖盘
2398,13:08:33,7.37,64139,87,卖盘
2399,13:08:36,7.37,11792,16,卖盘
2400,13:08:42,7.37,28743,39,卖盘
2401,13:08:45,7.37,25795,35,卖盘
2402,13:08:51,7.37,22110,30,卖盘
2403,13:08:54,7.37,34639,47,卖盘
2404,13:08:57,7.37,330913,449,卖盘
2405,13:09:00,7.37,25797,35,卖盘
2406,13:09:03,7.38,546702,741,买盘
2407,13:09:06,7.37,67812,92,卖盘
2408,13:09:09,7.37,81807,111,卖盘
2409,13:09:12,7.38,3690,5,买盘
2410,13:09:15,7.37,51590,70,卖盘
2411,13:09:18,7.37,31701,43,卖盘
2412,13:09:21,7.38,1476,2,买盘
2413,13:09:24,7.37,47934,65,卖盘
2414,13:09:27,7.38,58252,79,买盘
2415,13:09:30,7.37,2596451,3523,卖盘
2416,13:09:33,7.37,441182,598,卖盘
2417,13:09:36,7.37,27299,37,卖盘
2418,13:09:39,7.37,54539,74,卖盘
2419,13:09:42,7.37,83296,113,卖盘
2420,13:09:45,7.38,74438,101,买盘
2421,13:09:48,7.37,68541,93,卖盘
2422,13:09:51,7.37,254285,345,卖盘
2423,13:09:54,7.38,392113,532,买盘
2424,13:09:57,7.38,25797,35,买盘
2425,13:10:00,7.37,36850,50,卖盘
2426,13:10:03,7.37,48661,66,卖盘
2427,13:10:09,7.37,4422,6,卖盘
2428,13:10:12,7.37,104661,142,卖盘
2429,13:10:15,7.37,491579,667,卖盘
2430,13:10:18,7.38,101738,138,买盘
2431,13:10:21,7.38,50117,68,买盘
2432,13:10:24,7.37,64119,87,卖盘
2433,13:10:27,7.38,45735,62,买盘
2434,13:10:30,7.37,174689,237,卖盘
2435,13:10:33,7.37,85492,116,卖盘
2436,13:10:36,7.38,81837,111,买盘
2437,13:10:39,7.37,72963,99,卖盘
2438,13:10:42,7.37,20636,28,卖盘
2439,13:10:45,7.37,78861,107,卖盘
2440,13:10:48,7.37,7370,10,卖盘
2441,13:10:51,7.38,76662,104,买盘
2442,13:10:54,7.37,2948,4,卖盘
2443,13:10:57,7.37,58223,79,卖盘
2444,13:11:00,7.37,80339,109,卖盘
2445,13:11:03,7.37,17694,24,卖盘
2446,13:11:06,7.37,88440,120,卖盘
2447,13:11:09,7.37,120868,164,卖盘
2448,13:11:12,7.37,33166,45,卖盘
2449,13:11:15,7.37,62655,85,卖盘
2450,13:11:18,7.37,123081,167,卖盘
2451,13:11:21,7.38,95811,130,买盘
2452,13:11:24,7.37,125290,170,卖盘
2453,13:11:27,7.38,521956,708,买盘
2454,13:11:30,7.37,63384,86,卖盘
2455,13:11:33,7.37,77385,105,卖盘
2456,13:11:36,7.37,44220,60,卖盘
2457,13:11:39,7.37,172488,234,卖盘
2458,13:11:42,7.37,8107,11,卖盘
2459,13:11:45,7.37,184250,250,卖盘
2460,13:11:48,7.38,20638,28,买盘
2461,13:11:51,7.37,69278,94,卖盘
2462,13:11:54,7.37,78122,106,卖盘
2463,13:11:57,7.37,92863,126,卖盘
2464,13:12:00,7.37,134134,182,卖盘
2465,13:12:03,7.37,162935,221,卖盘
2466,13:12:06,7.37,397259,539,卖盘
2467,13:12:09,7.37,34639,47,卖盘
2468,13:12:12,7.37,76649,104,卖盘
2469,13:12:15,7.37,250580,340,卖盘
2470,13:12:18,7.38,80355,109,买盘
2471,13:12:21,7.37,67817,92,卖盘
2472,13:12:24,7.37,22139,30,卖盘
2473,13:12:27,7.37,174669,237,卖盘
2474,13:12:30,7.37,31691,43,卖盘
2475,13:12:36,7.37,39799,54,卖盘
2476,13:12:39,7.37,168779,229,卖盘
2477,13:12:42,7.37,60477,82,卖盘
2478,13:12:45,7.37,38324,52,卖盘
2479,13:12:48,7.38,397981,540,买盘
2480,13:12:51,7.37,7370,10,卖盘
2481,13:12:54,7.37,69278,94,卖盘
2482,13:12:57,7.37,54572,74,卖盘
2483,13:13:00,7.38,22851,31,买盘
2484,13:13:03,7.38,75226,102,买盘
2485,13:13:06,7.37,322116,437,卖盘
2486,13:13:09,7.38,461225,625,买盘
2487,13:13:12,7.37,70049,95,卖盘
2488,13:13:15,7.38,19176,26,买盘
2489,13:13:18,7.38,61193,83,买盘
2490,13:13:21,7.38,95150,129,买盘
2491,13:13:24,7.38,10332,14,买盘
2492,13:13:27,7.37,150401,204,卖盘
2493,13:13:30,7.38,1631005,2213,买盘
2494,13:13:33,7.37,38324,52,卖盘
2495,13:13:36,7.38,10332,14,买盘
2496,13:13:39,7.37,36850,50,卖盘
2497,13:13:42,7.37,64125,87,卖盘
2498,13:13:45,7.38,10332,14,买盘
2499,13:13:48,7.38,210816,286,买盘
2500,13:13:51,7.37,11792,16,卖盘
2501,13:13:54,7.38,39804,54,买盘
2502,13:13:57,7.37,65622,89,卖盘
2503,13:14:00,7.37,39111,53,卖盘
2504,13:14:03,7.37,47170,64,卖盘
2505,13:14:06,7.37,7370,10,卖盘
2506,13:14:09,7.37,62645,85,卖盘
2507,13:14:12,7.37,42773,58,卖盘
2508,13:14:15,7.37,64856,88,卖盘
2509,13:14:18,7.37,110639,150,卖盘
2510,13:14:21,7.38,33937,46,买盘
2511,13:14:24,7.38,56750,77,买盘
2512,13:14:30,7.38,96621,131,买盘
2513,13:14:33,7.38,130471,177,买盘
2514,13:14:36,7.37,8107,11,卖盘
2515,13:14:39,7.37,56772,77,卖盘
2516,13:14:42,7.37,416146,564,卖盘
2517,13:14:45,7.38,21402,29,买盘
2518,13:14:51,7.38,87028,118,买盘
2519,13:14:57,7.37,42751,58,卖盘
2520,13:15:00,7.37,151202,205,卖盘
2521,13:15:03,7.38,21402,29,买盘
2522,13:15:06,7.38,67843,92,买盘
2523,13:15:09,7.37,510569,692,卖盘
2524,13:15:15,7.37,1203521,1633,卖盘
2525,13:15:18,7.37,30227,41,卖盘
2526,13:15:21,7.37,111287,151,卖盘
2527,13:15:24,7.38,395803,537,买盘
2528,13:15:27,7.38,131957,179,买盘
2529,13:15:30,7.37,38324,52,卖盘
2530,13:15:33,7.37,123079,167,卖盘
2531,13:15:36,7.38,112793,153,买盘
2532,13:15:39,7.37,117920,160,卖盘
2533,13:15:42,7.37,175406,238,卖盘
2534,13:15:45,7.37,134134,182,卖盘
2535,13:15:48,7.38,25067,34,买盘
2536,13:15:51,7.37,419353,569,卖盘
2537,13:15:54,7.37,458451,622,卖盘
2538,13:15:57,7.37,271243,368,卖盘
2539,13:16:00,7.37,100979,137,卖盘
2540,13:16:03,7.37,66330,90,卖盘
2541,13:16:06,7.37,21373,29,卖盘
2542,13:16:09,7.37,129145,175,卖盘
2543,13:16:12,7.37,285970,388,卖盘
2544,13:16:15,7.37,32428,44,卖盘
2545,13:16:18,7.37,37596,51,卖盘
2546,13:16:21,7.37,22110,30,卖盘
2547,13:16:24,7.37,88445,120,卖盘
2548,13:16:27,7.37,1867558,2534,卖盘
2549,13:16:30,7.38,668472,907,买盘
2550,13:16:33,7.37,188672,256,卖盘
2551,13:16:36,7.38,98790,134,买盘
2552,13:16:39,7.38,160710,218,买盘
2553,13:16:42,7.37,458414,622,卖盘
2554,13:16:48,7.37,57486,78,卖盘
2555,13:16:51,7.37,11055,15,卖盘
2556,13:16:54,7.36,124517,169,卖盘
2557,13:16:57,7.37,519529,705,买盘
2558,13:17:00,7.37,30944,42,买盘
2559,13:17:03,7.36,55951,76,卖盘
2560,13:17:06,7.36,39752,54,卖盘
2561,13:17:09,7.37,5896,8,买盘
2562,13:17:12,7.37,22086,30,买盘
2563,13:17:15,7.36,38272,52,卖盘
2564,13:17:21,7.36,31648,43,卖盘
2565,13:17:27,7.36,33856,46,卖盘
2566,13:17:30,7.37,355234,482,买盘
2567,13:17:33,7.36,14730,20,卖盘
2568,13:17:39,7.36,61866,84,卖盘
2569,13:17:42,7.36,58152,79,卖盘
2570,13:17:45,7.37,61171,83,买盘
2571,13:17:48,7.37,50812,69,买盘
2572,13:17:51,7.37,21373,29,买盘
2573,13:17:57,7.36,31648,43,卖盘
2574,13:18:00,7.37,38280,52,买盘
2575,13:18:03,7.37,479787,651,买盘
2576,13:18:06,7.36,58881,80,卖盘
2577,13:18:09,7.37,8835,12,买盘
2578,13:18:12,7.36,34592,47,卖盘
2579,13:18:15,7.37,50806,69,买盘
2580,13:18:18,7.37,737,1,买盘
2581,13:18:21,7.37,63337,86,买盘
2582,13:18:24,7.37,47168,64,买盘
2583,13:18:27,7.37,47168,64,买盘
2584,13:18:30,7.37,36065,49,买盘
2585,13:18:33,7.37,468688,636,买盘
2586,13:18:36,7.37,98021,133,买盘
2587,13:18:39,7.37,80261,109,买盘
2588,13:18:42,7.37,355910,483,买盘
2589,13:18:45,7.37,87703,119,买盘
2590,13:18:48,7.37,62601,85,买盘
2591,13:18:51,7.37,17668,24,买盘
2592,13:18:57,7.37,86114,117,买盘
2593,13:19:00,7.37,47121,64,买盘
2594,13:19:03,7.37,9577,13,买盘
2595,13:19:06,7.37,44220,60,买盘
2596,13:19:09,7.37,369974,502,买盘
2597,13:19:12,7.36,178119,242,卖盘
2598,13:19:15,7.37,47851,65,买盘
2599,13:19:21,7.36,49328,67,卖盘
2600,13:19:27,7.37,41222,56,买盘
2601,13:19:30,7.36,55221,75,卖盘
2602,13:19:36,7.36,392024,532,卖盘
2603,13:19:39,7.37,1474,2,买盘
2604,13:19:42,7.36,42695,58,卖盘
2605,13:19:45,7.36,37536,51,卖盘
2606,13:19:48,7.36,30187,41,卖盘
2607,13:19:51,7.37,50791,69,买盘
2608,13:19:54,7.37,13263,18,买盘
2609,13:19:57,7.36,53730,73,卖盘
2610,13:20:00,7.37,104616,142,买盘
2611,13:20:03,7.36,287428,390,卖盘
2612,13:20:06,7.37,622293,845,买盘
2613,13:20:09,7.37,431882,586,买盘
2614,13:20:12,7.37,328702,446,买盘
2615,13:20:15,7.37,522531,709,买盘
2616,13:20:18,7.36,708217,961,卖盘
2617,13:20:21,7.37,1348694,1830,买盘
2618,13:20:24,7.37,15477,21,卖盘
2619,13:20:27,7.37,42746,58,卖盘
2620,13:20:30,7.37,39798,54,卖盘
2621,13:20:33,7.37,7370,10,卖盘
2622,13:20:36,7.38,32432,44,买盘
2623,13:20:39,7.37,80362,109,卖盘
2624,13:20:42,7.38,21402,29,买盘
2625,13:20:45,7.37,78136,106,卖盘
2626,13:20:51,7.38,65627,89,买盘
2627,13:20:54,7.37,42762,58,卖盘
2628,13:20:57,7.37,5160,7,卖盘
2629,13:21:00,7.37,28743,39,卖盘
2630,13:21:03,7.38,61968,84,买盘
2631,13:21:09,7.37,33903,46,卖盘
2632,13:21:12,7.37,33165,45,卖盘
2633,13:21:18,7.37,5159,7,卖盘
2634,13:21:21,7.38,33903,46,买盘
2635,13:21:24,7.37,39800,54,卖盘
2636,13:21:30,7.37,45694,62,卖盘
2637,13:21:36,7.37,38331,52,卖盘
2638,13:21:39,7.38,363096,492,买盘
2639,13:21:42,7.37,56041,76,卖盘
2640,13:21:45,7.37,33902,46,卖盘
2641,13:21:48,7.37,33904,46,卖盘
2642,13:21:51,7.37,49416,67,卖盘
2643,13:21:57,7.38,33166,45,买盘
2644,13:22:00,7.38,40546,55,买盘
2645,13:22:03,7.38,142287,193,买盘
2646,13:22:06,7.38,412515,559,买盘
2647,13:22:09,7.37,39802,54,卖盘
2648,13:22:12,7.38,15490,21,买盘
2649,13:22:15,7.38,1053814,1428,买盘
2650,13:22:18,7.38,325406,441,买盘
2651,13:22:21,7.37,69369,94,卖盘
2652,13:22:24,7.37,45700,62,卖盘
2653,13:22:27,7.37,51610,70,卖盘
2654,13:22:30,7.37,14740,20,卖盘
2655,13:22:33,7.37,374396,508,卖盘
2656,13:22:36,7.37,7374,10,卖盘
2657,13:22:39,7.38,443488,601,买盘
2658,13:22:42,7.38,118708,161,买盘
2659,13:22:45,7.38,22112,30,买盘
2660,13:22:48,7.37,39801,54,卖盘
2661,13:22:54,7.38,73736,100,买盘
2662,13:22:57,7.37,68552,93,卖盘
2663,13:23:00,7.37,42009,57,卖盘
2664,13:23:03,7.38,129150,175,买盘
2665,13:23:06,7.38,478176,648,买盘
2666,13:23:09,7.38,1347573,1826,买盘
2667,13:23:12,7.38,730571,990,买盘
2668,13:23:15,7.38,2377818,3222,买盘
2669,13:23:18,7.39,23720024,32141,买盘
2670,13:23:21,7.38,3596701,4867,卖盘
2671,13:23:24,7.39,44333,60,买盘
2672,13:23:27,7.39,70907,96,买盘
2673,13:23:30,7.38,115167,156,卖盘
2674,13:23:36,7.38,33948,46,卖盘
2675,13:23:39,7.38,74551,101,卖盘
2676,13:23:42,7.38,70110,95,卖盘
2677,13:23:45,7.39,511288,692,买盘
2678,13:23:48,7.38,11075,15,卖盘
2679,13:23:51,7.39,52423,71,买盘
2680,13:23:54,7.39,67914,92,买盘
2681,13:23:57,7.39,16997,23,买盘
2682,13:24:00,7.39,42078,57,买盘
2683,13:24:03,7.39,42810,58,买盘
2684,13:24:06,7.38,45759,62,卖盘
2685,13:24:09,7.39,45028,61,买盘
2686,13:24:12,7.39,96020,130,买盘
2687,13:24:15,7.38,39853,54,卖盘
2688,13:24:18,7.38,11075,15,卖盘
2689,13:24:21,7.38,132840,180,卖盘
2690,13:24:24,7.38,39164,53,卖盘
2691,13:24:27,7.39,63505,86,买盘
2692,13:24:30,7.38,58331,79,卖盘
2693,13:24:33,7.38,107021,145,卖盘
2694,13:24:36,7.38,67916,92,卖盘
2695,13:24:39,7.39,67199,91,买盘
2696,13:24:42,7.39,125619,170,买盘
2697,13:24:45,7.39,273356,370,买盘
2698,13:24:48,7.39,70205,95,买盘
2699,13:24:51,7.38,107827,146,卖盘
2700,13:24:54,7.38,792085,1072,卖盘
2701,13:24:57,7.39,377190,511,买盘
2702,13:25:00,7.39,65690,89,买盘
2703,13:25:03,7.38,86382,117,卖盘
2704,13:25:06,7.39,32516,44,买盘
2705,13:25:09,7.38,64954,88,卖盘
2706,13:25:15,7.38,1476,2,卖盘
2707,13:25:18,7.38,33948,46,卖盘
2708,13:25:21,7.39,53143,72,买盘
2709,13:25:24,7.39,1685596,2281,买盘
2710,13:25:27,7.38,114416,155,卖盘
2711,13:25:30,7.39,11824,16,买盘
2712,13:25:33,7.39,502419,680,买盘
2713,13:25:36,7.38,36166,49,卖盘
2714,13:25:39,7.39,58314,79,买盘
2715,13:25:42,7.39,99635,135,买盘
2716,13:25:45,7.38,47232,64,卖盘
2717,13:25:48,7.39,5173,7,买盘
2718,13:25:51,7.39,107061,145,买盘
2719,13:25:54,7.39,8863,12,买盘
2720,13:25:57,7.38,52399,71,卖盘
2721,13:26:00,7.39,1485257,2010,买盘
2722,13:26:03,7.39,595614,806,买盘
2723,13:26:06,7.38,952924,1290,卖盘
2724,13:26:09,7.38,139528,189,卖盘
2725,13:26:12,7.38,127697,173,卖盘
2726,13:26:15,7.39,676570,916,买盘
2727,13:26:18,7.38,39129,53,卖盘
2728,13:26:21,7.38,2954,4,卖盘
2729,13:26:24,7.39,107020,145,买盘
2730,13:26:30,7.38,120297,163,卖盘
2731,13:26:33,7.39,585698,793,买盘
2732,13:26:36,7.39,245348,332,买盘
2733,13:26:39,7.39,35443,48,买盘
2734,13:26:42,7.39,371717,503,买盘
2735,13:26:45,7.38,48711,66,卖盘
2736,13:26:48,7.39,144076,195,买盘
2737,13:26:51,7.39,68727,93,买盘
2738,13:26:54,7.39,25097,34,买盘
2739,13:26:57,7.39,26574,36,买盘
2740,13:27:00,7.39,1589446,2151,买盘
2741,13:27:03,7.39,211967,287,买盘
2742,13:27:06,7.39,270474,366,买盘
2743,13:27:09,7.39,704267,953,买盘
2744,13:27:12,7.39,145515,197,买盘
2745,13:27:15,7.39,359433,487,买盘
2746,13:27:18,7.39,141883,192,买盘
2747,13:27:21,7.38,70851,96,卖盘
2748,13:27:24,7.39,105617,143,买盘
2749,13:27:27,7.38,71607,97,卖盘
2750,13:27:30,7.39,67926,92,买盘
2751,13:27:33,7.38,78301,106,卖盘
2752,13:27:36,7.38,63480,86,卖盘
2753,13:27:39,7.39,663621,898,买盘
2754,13:27:42,7.38,60516,82,卖盘
2755,13:27:45,7.39,54627,74,买盘
2756,13:27:48,7.39,860196,1164,买盘
2757,13:27:51,7.39,74577,101,买盘
2758,13:27:54,7.39,54686,74,买盘
2759,13:27:57,7.39,111500,151,买盘
2760,13:28:00,7.39,76058,103,买盘
2761,13:28:03,7.39,22909,31,买盘
2762,13:28:06,7.39,1589535,2151,买盘
2763,13:28:09,7.39,614065,831,买盘
2764,13:28:12,7.38,662487,897,卖盘
2765,13:28:15,7.39,447095,605,买盘
2766,13:28:18,7.38,134409,182,卖盘
2767,13:28:21,7.39,1970130,2666,买盘
2768,13:28:24,7.39,10799007,14613,买盘
2769,13:28:27,7.4,9620,13,买盘
2770,13:28:30,7.39,1155080,1563,卖盘
2771,13:28:33,7.4,153771,208,买盘
2772,13:28:36,7.39,22919,31,卖盘
2773,13:28:39,7.39,62105,84,卖盘
2774,13:28:42,7.4,368514,498,买盘
2775,13:28:45,7.39,68727,93,卖盘
2776,13:28:48,7.4,22200,30,买盘
2777,13:28:51,7.39,32516,44,卖盘
2778,13:28:54,7.4,415057,561,买盘
2779,13:28:57,7.4,37692,51,买盘
2780,13:29:00,7.4,60623,82,买盘
2781,13:29:03,7.4,65860,89,买盘
2782,13:29:06,7.4,99833,135,买盘
2783,13:29:09,7.39,71712,97,卖盘
2784,13:29:12,7.4,71780,97,买盘
2785,13:29:15,7.39,86479,117,卖盘
2786,13:29:18,7.4,113838,154,买盘
2787,13:29:21,7.39,141269,191,卖盘
2788,13:29:24,7.4,140543,190,买盘
2789,13:29:27,7.39,11095,15,卖盘
2790,13:29:30,7.39,96075,130,卖盘
2791,13:29:33,7.39,64345,87,卖盘
2792,13:29:36,7.4,135258,183,买盘
2793,13:29:39,7.4,76220,103,买盘
2794,13:29:42,7.4,79084,107,买盘
2795,13:29:45,7.4,195867,265,买盘
2796,13:29:48,7.4,70994,96,买盘
2797,13:29:51,7.4,73183,99,买盘
2798,13:29:54,7.39,395832,535,卖盘
2799,13:29:57,7.39,55425,75,卖盘
2800,13:30:00,7.39,2621242,3547,卖盘
2801,13:30:03,7.39,141888,192,买盘
2802,13:30:06,7.39,80514,109,买盘
2803,13:30:09,7.39,66510,90,买盘
2804,13:30:12,7.39,7390,10,买盘
2805,13:30:15,7.39,42083,57,买盘
2806,13:30:18,7.39,47253,64,买盘
2807,13:30:21,7.39,30265,41,买盘
2808,13:30:24,7.39,715626,969,买盘
2809,13:30:27,7.39,13301,18,买盘
2810,13:30:30,7.39,50991,69,买盘
2811,13:30:36,7.39,58337,79,买盘
2812,13:30:39,7.38,96771,131,卖盘
2813,13:30:42,7.38,47976,65,卖盘
2814,13:30:45,7.39,8129,11,买盘
2815,13:30:48,7.38,46507,63,卖盘
2816,13:30:51,7.38,5908,8,卖盘
2817,13:30:54,7.38,32473,44,卖盘
2818,13:30:57,7.39,17736,24,买盘
2819,13:31:00,7.39,113766,154,买盘
2820,13:31:03,7.39,739,1,买盘
2821,13:31:06,7.38,62002,84,卖盘
2822,13:31:09,7.38,7380,10,卖盘
2823,13:31:12,7.39,45023,61,买盘
2824,13:31:15,7.38,50935,69,卖盘
2825,13:31:21,7.38,42067,57,卖盘
2826,13:31:24,7.38,7380,10,卖盘
2827,13:31:27,7.38,51669,70,卖盘
2828,13:31:30,7.38,431510,584,卖盘
2829,13:31:33,7.39,13292,18,买盘
2830,13:31:36,7.38,419953,569,卖盘
2831,13:31:39,7.39,5912,8,买盘
2832,13:31:42,7.39,54633,74,买盘
2833,13:31:45,7.38,96017,130,卖盘
2834,13:31:51,7.38,44280,60,卖盘
2835,13:31:54,7.39,19953,27,买盘
2836,13:31:57,7.38,47232,64,卖盘
2837,13:32:00,7.38,77530,105,卖盘
2838,13:32:03,7.38,20665,28,卖盘
2839,13:32:06,7.38,29520,40,卖盘
2840,13:32:09,7.39,3695,5,买盘
2841,13:32:12,7.38,35430,48,卖盘
2842,13:32:15,7.39,127810,173,买盘
2843,13:32:18,7.38,101913,138,卖盘
2844,13:32:21,7.39,47296,64,买盘
2845,13:32:24,7.39,39167,53,买盘
2846,13:32:27,7.38,447695,606,卖盘
2847,13:32:33,7.39,436639,591,买盘
2848,13:32:39,7.39,45780,62,买盘
2849,13:32:42,7.39,54647,74,买盘
2850,13:32:51,7.38,340224,461,卖盘
2851,13:32:54,7.39,2217,3,买盘
2852,13:32:57,7.39,33217,45,买盘
2853,13:33:00,7.38,30260,41,卖盘
2854,13:33:03,7.39,360632,488,买盘
2855,13:33:06,7.38,28044,38,卖盘
2856,13:33:09,7.39,175679,238,买盘
2857,13:33:15,7.38,26568,36,卖盘
2858,13:33:18,7.38,86377,117,卖盘
2859,13:33:21,7.39,3695,5,买盘
2860,13:33:24,7.39,37652,51,买盘
2861,13:33:27,7.38,70151,95,卖盘
2862,13:33:30,7.38,11808,16,卖盘
2863,13:33:33,7.38,89352,121,卖盘
2864,13:33:36,7.38,387934,525,卖盘
2865,13:33:39,7.39,93853,127,买盘
2866,13:33:42,7.38,28044,38,卖盘
2867,13:33:45,7.39,235741,319,买盘
2868,13:33:51,7.39,50185,68,买盘
2869,13:33:54,7.38,124752,169,卖盘
2870,13:33:57,7.39,98956,134,买盘
2871,13:34:00,7.39,22170,30,买盘
2872,13:34:03,7.39,295973,401,买盘
2873,13:34:06,7.39,131489,178,买盘
2874,13:34:09,7.39,53208,72,买盘
2875,13:34:12,7.38,90838,123,卖盘
2876,13:34:15,7.38,63498,86,卖盘
2877,13:34:18,7.39,25126,34,买盘
2878,13:34:21,7.38,41328,56,卖盘
2879,13:34:24,7.39,7390,10,买盘
2880,13:34:27,7.39,588899,797,买盘
2881,13:34:30,7.38,129954,176,卖盘
2882,13:34:33,7.39,43591,59,买盘
2883,13:34:36,7.39,75304,102,买盘
2884,13:34:39,7.39,66480,90,买盘
2885,13:34:42,7.39,434479,588,买盘
2886,13:34:45,7.39,64218,87,买盘
2887,13:34:48,7.39,18475,25,买盘
2888,13:34:51,7.38,39852,54,卖盘
2889,13:34:54,7.39,30299,41,买盘
2890,13:34:57,7.38,294470,399,卖盘
2891,13:35:00,7.38,62738,85,卖盘
2892,13:35:06,7.39,101936,138,买盘
2893,13:35:09,7.38,394577,534,卖盘
2894,13:35:12,7.38,7380,10,卖盘
2895,13:35:15,7.38,36162,49,卖盘
2896,13:35:18,7.39,48024,65,买盘
2897,13:35:21,7.38,35424,48,卖盘
2898,13:35:24,7.38,101973,138,卖盘
2899,13:35:27,7.39,63509,86,买盘
2900,13:35:30,7.39,47247,64,买盘
2901,13:35:33,7.39,5912,8,买盘
2902,13:35:36,7.38,38381,52,卖盘
2903,13:35:39,7.39,11085,15,买盘
2904,13:35:42,7.39,62027,84,买盘
2905,13:35:45,7.38,433725,587,卖盘
2906,13:35:48,7.39,5173,7,买盘
2907,13:35:51,7.39,41335,56,买盘
2908,13:35:54,7.38,303326,411,卖盘
2909,13:35:57,7.39,13298,18,买盘
2910,13:36:00,7.38,44292,60,卖盘
2911,13:36:03,7.39,51730,70,买盘
2912,13:36:06,7.38,61992,84,卖盘
2913,13:36:09,7.38,75310,102,卖盘
2914,13:36:12,7.38,37688,51,卖盘
2915,13:36:15,7.39,65697,89,买盘
2916,13:36:21,7.39,50193,68,买盘
2917,13:36:24,7.39,18475,25,买盘
2918,13:36:27,7.39,67902,92,买盘
2919,13:36:30,7.38,50196,68,卖盘
2920,13:36:33,7.39,11085,15,买盘
2921,13:36:36,7.39,65718,89,买盘
2922,13:36:39,7.39,388714,526,买盘
2923,13:36:42,7.39,48774,66,买盘
2924,13:36:45,7.38,41328,56,卖盘
2925,13:36:48,7.39,368761,499,买盘
2926,13:36:51,7.38,388926,527,卖盘
2927,13:36:57,7.38,41328,56,卖盘
2928,13:37:00,7.38,89337,121,卖盘
2929,13:37:03,7.38,29540,40,卖盘
2930,13:37:06,7.38,35424,48,卖盘
2931,13:37:09,7.38,44292,60,卖盘
2932,13:37:12,7.38,114444,155,卖盘
2933,13:37:15,7.38,199998,271,卖盘
2934,13:37:18,7.38,58312,79,卖盘
2935,13:37:21,7.39,376889,510,买盘
2936,13:37:24,7.39,67988,92,买盘
2937,13:37:30,7.38,36162,49,卖盘
2938,13:37:36,7.38,38378,52,卖盘
2939,13:37:39,7.39,64969,88,买盘
2940,13:37:42,7.38,61266,83,卖盘
2941,13:37:45,7.39,168434,228,买盘
2942,13:37:48,7.38,56853,77,卖盘
2943,13:37:51,7.38,163298,221,卖盘
2944,13:37:54,7.39,447038,605,买盘
2945,13:37:57,7.39,121915,165,买盘
2946,13:38:00,7.38,36900,50,卖盘
2947,13:38:03,7.38,43542,59,卖盘
2948,13:38:06,7.38,621840,842,卖盘
2949,13:38:09,7.38,42804,58,卖盘
2950,13:38:12,7.38,16977,23,卖盘
2951,13:38:15,7.39,65691,89,买盘
2952,13:38:18,7.38,42068,57,卖盘
2953,13:38:21,7.38,127074,172,卖盘
2954,13:38:24,7.38,45773,62,卖盘
2955,13:38:27,7.38,94492,128,卖盘
2956,13:38:30,7.38,25092,34,卖盘
2957,13:38:33,7.39,22908,31,买盘
2958,13:38:36,7.38,26568,36,卖盘
2959,13:38:39,7.38,100468,136,卖盘
2960,13:38:42,7.39,66510,90,买盘
2961,13:38:45,7.39,42089,57,买盘
2962,13:38:51,7.39,51693,70,买盘
2963,13:38:54,7.39,424888,575,买盘
2964,13:38:57,7.38,254181,344,卖盘
2965,13:39:00,7.39,334028,452,买盘
2966,13:39:03,7.38,40591,55,卖盘
2967,13:39:06,7.38,53874,73,卖盘
2968,13:39:09,7.39,112295,152,买盘
2969,13:39:12,7.39,307888,417,买盘
2970,13:39:15,7.39,444327,602,买盘
2971,13:39:18,7.38,143172,194,卖盘
2972,13:39:21,7.38,152872,207,卖盘
2973,13:39:24,7.38,58314,79,卖盘
2974,13:39:27,7.38,43542,59,卖盘
2975,13:39:30,7.38,297434,403,卖盘
2976,13:39:33,7.38,86358,117,卖盘
2977,13:39:36,7.38,22161,30,卖盘
2978,13:39:39,7.38,82658,112,卖盘
2979,13:39:42,7.38,132102,179,卖盘
2980,13:39:48,7.38,169002,229,卖盘
2981,13:39:51,7.38,3396960,4603,卖盘
2982,13:39:54,7.38,407367,552,买盘
2983,13:39:57,7.37,237561,322,卖盘
2984,13:40:00,7.38,4428,6,买盘
2985,13:40:03,7.38,411066,557,买盘
2986,13:40:06,7.38,174168,236,买盘
2987,13:40:09,7.37,64133,87,卖盘
2988,13:40:12,7.38,8117,11,买盘
2989,13:40:15,7.37,58224,79,卖盘
2990,13:40:21,7.38,384018,521,买盘
2991,13:40:24,7.37,387693,526,卖盘
2992,13:40:27,7.38,3690,5,买盘
2993,13:40:30,7.37,61178,83,卖盘
2994,13:40:33,7.38,385206,522,买盘
2995,13:40:39,7.38,8118,11,买盘
2996,13:40:42,7.38,98075,133,买盘
2997,13:40:45,7.38,208775,283,买盘
2998,13:40:48,7.38,20664,28,买盘
2999,13:40:51,7.38,157874,214,买盘
3000,13:40:54,7.38,86976,118,买盘
3001,13:40:57,7.38,33948,46,买盘
3002,13:41:00,7.38,3690,5,买盘
3003,13:41:03,7.38,73800,100,买盘
3004,13:41:06,7.38,73796,100,买盘
3005,13:41:09,7.38,1194822,1619,买盘
3006,13:41:12,7.38,489294,663,卖盘
3007,13:41:15,7.38,910692,1234,卖盘
3008,13:41:18,7.38,13284,18,买盘
3009,13:41:21,7.38,23616,32,买盘
3010,13:41:24,7.37,1474,2,卖盘
3011,13:41:27,7.38,10332,14,买盘
3012,13:41:30,7.37,30954,42,卖盘
3013,13:41:33,7.37,28743,39,卖盘
3014,13:41:36,7.38,51619,70,买盘
3015,13:41:39,7.38,8856,12,买盘
3016,13:41:42,7.38,426525,578,买盘
3017,13:41:45,7.38,166050,225,买盘
3018,13:41:48,7.38,19188,26,买盘
3019,13:41:51,7.38,39812,54,买盘
3020,13:41:54,7.37,101030,137,卖盘
3021,13:41:57,7.37,29480,40,卖盘
3022,13:42:00,7.38,28007,38,买盘
3023,13:42:03,7.38,11070,15,买盘
3024,13:42:06,7.38,35424,48,买盘
3025,13:42:09,7.38,49408,67,买盘
3026,13:42:12,7.38,59778,81,买盘
3027,13:42:15,7.38,425826,577,买盘
3028,13:42:21,7.38,738,1,买盘
3029,13:42:24,7.38,30218,41,买盘
3030,13:42:27,7.38,14760,20,买盘
3031,13:42:30,7.37,39812,54,卖盘
3032,13:42:33,7.37,88516,120,卖盘
3033,13:42:36,7.37,196979,267,卖盘
3034,13:42:42,7.37,48670,66,卖盘
3035,13:42:45,7.38,462726,627,买盘
3036,13:42:48,7.38,293713,398,买盘
3037,13:42:51,7.38,503329,682,卖盘
3038,13:42:54,7.38,32472,44,卖盘
3039,13:42:57,7.38,66439,90,卖盘
3040,13:43:00,7.38,21402,29,买盘
3041,13:43:03,7.38,4428,6,买盘
3042,13:43:06,7.37,64119,87,卖盘
3043,13:43:09,7.38,738,1,买盘
3044,13:43:12,7.38,119494,162,买盘
3045,13:43:15,7.38,67856,92,买盘
3046,13:43:18,7.38,385229,522,买盘
3047,13:43:21,7.38,74511,101,买盘
3048,13:43:24,7.37,63402,86,卖盘
3049,13:43:27,7.37,11069,15,卖盘
3050,13:43:30,7.37,68570,93,卖盘
3051,13:43:33,7.37,107632,146,卖盘
3052,13:43:39,7.37,61191,83,卖盘
3053,13:43:42,7.38,10332,14,买盘
3054,13:43:45,7.37,72980,99,卖盘
3055,13:43:51,7.38,387389,525,买盘
3056,13:43:54,7.38,2214,3,买盘
3057,13:43:57,7.37,73000,99,卖盘
3058,13:44:00,7.38,40536,55,买盘
3059,13:44:03,7.38,64151,87,买盘
3060,13:44:06,7.38,21402,29,买盘
3061,13:44:09,7.38,54555,74,买盘
3062,13:44:12,7.37,99574,135,卖盘
3063,13:44:18,7.38,146707,199,买盘
3064,13:44:27,7.37,64884,88,卖盘
3065,13:44:30,7.37,44959,61,卖盘
3066,13:44:33,7.38,44280,60,买盘
3067,13:44:36,7.37,67067,91,卖盘
3068,13:44:39,7.38,61936,84,买盘
3069,13:44:42,7.38,388188,526,买盘
3070,13:44:45,7.38,121032,164,买盘
3071,13:44:48,7.38,10332,14,买盘
3072,13:44:51,7.38,131364,178,买盘
3073,13:44:54,7.38,50130,68,买盘
3074,13:44:57,7.37,50862,69,卖盘
3075,13:45:00,7.38,7380,10,买盘
3076,13:45:03,7.38,94422,128,买盘
3077,13:45:06,7.38,532794,722,买盘
3078,13:45:09,7.38,611802,829,买盘
3079,13:45:12,7.38,196308,266,买盘
3080,13:45:15,7.38,90774,123,买盘
3081,13:45:18,7.38,5166,7,买盘
3082,13:45:21,7.38,10332,14,买盘
3083,13:45:24,7.38,14022,19,买盘
3084,13:45:27,7.38,396306,537,买盘
3085,13:45:30,7.38,23616,32,买盘
3086,13:45:33,7.38,176382,239,买盘
3087,13:45:36,7.38,33210,45,买盘
3088,13:45:39,7.37,2948,4,卖盘
3089,13:45:42,7.38,3690,5,买盘
3090,13:45:45,7.37,53831,73,卖盘
3091,13:45:48,7.37,24353,33,卖盘
3092,13:45:51,7.38,8856,12,买盘
3093,13:45:54,7.38,332100,450,买盘
3094,13:45:57,7.38,8856,12,买盘
3095,13:46:00,7.38,5166,7,买盘
3096,13:46:03,7.38,89298,121,买盘
3097,13:46:06,7.38,56826,77,买盘
3098,13:46:09,7.38,40590,55,买盘
3099,13:46:12,7.38,73062,99,买盘
3100,13:46:15,7.37,93696,127,卖盘
3101,13:46:18,7.37,25822,35,卖盘
3102,13:46:21,7.38,36162,49,买盘
3103,13:46:24,7.38,50144,68,买盘
3104,13:46:27,7.38,126879,172,买盘
3105,13:46:30,7.38,39114,53,买盘
3106,13:46:33,7.38,82601,112,买盘
3107,13:46:36,7.38,23616,32,买盘
3108,13:46:39,7.37,25800,35,卖盘
3109,13:46:42,7.37,39061,53,卖盘
3110,13:46:45,7.38,5904,8,买盘
3111,13:46:51,7.38,452326,613,买盘
3112,13:46:57,7.38,10332,14,买盘
3113,13:47:00,7.38,15498,21,买盘
3114,13:47:03,7.38,37618,51,买盘
3115,13:47:06,7.38,82591,112,买盘
3116,13:47:09,7.38,5166,7,买盘
3117,13:47:12,7.38,34686,47,买盘
3118,13:47:15,7.38,81095,110,买盘
3119,13:47:18,7.37,30964,42,卖盘
3120,13:47:21,7.37,48643,66,卖盘
3121,13:47:24,7.38,3690,5,买盘
3122,13:47:27,7.37,46431,63,卖盘
3123,13:47:30,7.37,47168,64,卖盘
3124,13:47:33,7.38,20648,28,买盘
3125,13:47:36,7.37,115806,157,卖盘
3126,13:47:42,7.37,9593,13,卖盘
3127,13:47:45,7.37,44220,60,卖盘
3128,13:47:48,7.37,1243780,1686,卖盘
3129,13:47:51,7.38,158670,215,买盘
3130,13:47:54,7.38,5166,7,买盘
3131,13:47:57,7.38,22140,30,买盘
3132,13:48:00,7.38,14760,20,买盘
3133,13:48:03,7.38,96678,131,买盘
3134,13:48:06,7.38,42066,57,买盘
3135,13:48:09,7.38,15498,21,买盘
3136,13:48:12,7.38,154979,210,买盘
3137,13:48:15,7.38,36900,50,买盘
3138,13:48:18,7.38,20664,28,买盘
3139,13:48:21,7.38,58302,79,买盘
3140,13:48:24,7.38,41328,56,买盘
3141,13:48:27,7.38,71556,97,买盘
3142,13:48:30,7.38,72983,99,买盘
3143,13:48:33,7.38,45018,61,买盘
3144,13:48:36,7.38,35377,48,买盘
3145,13:48:39,7.38,142388,193,买盘
3146,13:48:42,7.38,152766,207,买盘
3147,13:48:45,7.38,140898,191,买盘
3148,13:48:48,7.38,64884,88,买盘
3149,13:48:51,7.37,24321,33,卖盘
3150,13:48:57,7.38,835368,1132,买盘
3151,13:49:00,7.38,6642,9,买盘
3152,13:49:03,7.38,52398,71,买盘
3153,13:49:06,7.37,30257,41,卖盘
3154,13:49:09,7.38,16974,23,买盘
3155,13:49:12,7.38,2214,3,买盘
3156,13:49:15,7.38,84078,114,买盘
3157,13:49:18,7.38,124665,169,买盘
3158,13:49:21,7.38,98891,134,买盘
3159,13:49:24,7.38,36162,49,买盘
3160,13:49:27,7.38,90684,123,买盘
3161,13:49:30,7.38,43512,59,买盘
3162,13:49:33,7.37,49390,67,卖盘
3163,13:49:36,7.38,33948,46,买盘
3164,13:49:39,7.38,62675,85,买盘
3165,13:49:45,7.38,437578,593,买盘
3166,13:49:48,7.38,19188,26,买盘
3167,13:49:51,7.38,5904,8,买盘
3168,13:49:54,7.38,856080,1160,买盘
3169,13:49:57,7.38,52398,71,买盘
3170,13:50:00,7.38,14022,19,买盘
