,成交时间,成交价格,成交金额,成交量,性质
0,09:25:03,7.53,3084288,4096,卖盘
1,09:30:00,7.53,26355,35,买盘
2,09:30:03,7.53,268621,357,买盘
3,09:30:06,7.52,524506,697,卖盘
4,09:30:09,7.53,747934,994,买盘
5,09:30:12,7.53,584940,777,卖盘
6,09:30:15,7.52,695712,924,卖盘
7,09:30:18,7.53,276096,367,卖盘
8,09:30:21,7.53,1060108,1409,卖盘
9,09:30:24,7.53,237021,315,卖盘
10,09:30:27,7.53,453105,602,买盘
11,09:30:30,7.52,756815,1006,卖盘
12,09:30:33,7.52,233234,310,卖盘
13,09:30:36,7.52,211460,281,卖盘
14,09:30:39,7.53,109844,146,买盘
15,09:30:42,7.53,57203,76,买盘
16,09:30:45,7.53,164842,219,买盘
17,09:30:48,7.52,837993,1113,卖盘
18,09:30:51,7.53,918057,1220,买盘
19,09:30:54,7.53,248362,330,买盘
20,09:30:57,7.54,603775,802,买盘
21,09:31:00,7.52,879791,1168,卖盘
22,09:31:03,7.53,418968,556,卖盘
23,09:31:06,7.52,230483,306,卖盘
24,09:31:09,7.54,514752,683,买盘
25,09:31:12,7.53,696473,924,卖盘
26,09:31:15,7.53,281834,374,卖盘
27,09:31:18,7.53,54984,73,卖盘
28,09:31:21,7.53,165049,219,卖盘
29,09:31:24,7.53,118327,157,卖盘
30,09:31:27,7.53,298200,396,卖盘
31,09:31:30,7.53,145341,193,卖盘
32,09:31:33,7.53,29370,39,卖盘
33,09:31:36,7.54,103191,137,买盘
34,09:31:39,7.53,111474,148,卖盘
35,09:31:42,7.53,42168,56,卖盘
36,09:31:45,7.53,199545,265,卖盘
37,09:31:48,7.54,85845,114,买盘
38,09:31:51,7.53,57228,76,卖盘
39,09:31:54,7.53,92624,123,卖盘
40,09:31:57,7.53,546648,726,卖盘
41,09:32:00,7.53,179816,239,买盘
42,09:32:03,7.52,155117,206,卖盘
43,09:32:06,7.53,101555,135,中性盘
44,09:32:09,7.52,109161,145,卖盘
45,09:32:12,7.53,42117,56,买盘
46,09:32:15,7.52,171636,228,卖盘
47,09:32:18,7.52,116634,155,卖盘
48,09:32:21,7.53,87278,116,买盘
49,09:32:24,7.53,80548,107,买盘
50,09:32:27,7.52,126488,168,卖盘
51,09:32:30,7.52,141531,188,卖盘
52,09:32:33,7.52,67706,90,卖盘
53,09:32:36,7.52,15048,20,卖盘
54,09:32:39,7.53,66211,88,买盘
55,09:32:42,7.52,137748,183,卖盘
56,09:32:45,7.52,132462,176,卖盘
57,09:32:48,7.53,109043,145,买盘
58,09:32:51,7.53,174594,232,买盘
59,09:32:54,7.53,117341,156,买盘
60,09:32:57,7.53,799609,1063,买盘
61,09:33:00,7.52,232410,309,卖盘
62,09:33:03,7.52,298880,397,卖盘
63,09:33:06,7.52,157192,209,卖盘
64,09:33:09,7.52,22562,30,卖盘
65,09:33:12,7.52,136112,181,卖盘
66,09:33:15,7.53,360313,479,买盘
67,09:33:18,7.52,614404,817,卖盘
68,09:33:21,7.52,343667,457,卖盘
69,09:33:24,7.52,364725,485,卖盘
70,09:33:27,7.53,1255098,1669,买盘
71,09:33:30,7.52,223354,297,卖盘
72,09:33:33,7.52,129365,172,卖盘
73,09:33:36,7.53,142132,189,买盘
74,09:33:39,7.52,44388,59,卖盘
75,09:33:42,7.52,90246,120,卖盘
76,09:33:45,7.52,161771,215,卖盘
77,09:33:48,7.53,79762,106,买盘
78,09:33:51,7.52,102287,136,卖盘
79,09:33:54,7.52,33110,44,卖盘
80,09:33:57,7.53,70723,94,买盘
81,09:34:00,7.52,86512,115,卖盘
82,09:34:03,7.52,62451,83,卖盘
83,09:34:06,7.52,16547,22,卖盘
84,09:34:09,7.52,47376,63,卖盘
85,09:34:12,7.52,260262,346,卖盘
86,09:34:15,7.52,122669,163,卖盘
87,09:34:18,7.52,130924,174,卖盘
88,09:34:21,7.52,40611,54,卖盘
89,09:34:24,7.52,93329,124,卖盘
90,09:34:27,7.53,21813,29,买盘
91,09:34:30,7.53,32370,43,买盘
92,09:34:33,7.52,36858,49,卖盘
93,09:34:36,7.52,24077,32,卖盘
94,09:34:39,7.52,39860,53,卖盘
95,09:34:42,7.52,9777,13,卖盘
96,09:34:45,7.53,34636,46,买盘
97,09:34:48,7.52,25568,34,卖盘
98,09:34:51,7.52,16551,22,卖盘
99,09:34:54,7.53,40654,54,买盘
100,09:34:57,7.52,121120,161,卖盘
101,09:35:00,7.53,460803,612,买盘
102,09:35:03,7.52,500551,665,卖盘
103,09:35:06,7.53,346973,461,买盘
104,09:35:09,7.52,271529,361,卖盘
105,09:35:12,7.53,135432,180,买盘
106,09:35:15,7.52,182105,242,卖盘
107,09:35:18,7.52,73698,98,卖盘
108,09:35:21,7.52,113573,151,卖盘
109,09:35:24,7.52,63185,84,卖盘
110,09:35:27,7.52,12037,16,卖盘
111,09:35:30,7.52,1049140,1395,卖盘
112,09:35:33,7.52,361717,481,卖盘
113,09:35:36,7.52,191207,254,卖盘
114,09:35:39,7.52,218100,290,卖盘
115,09:35:42,7.52,325617,433,卖盘
116,09:35:45,7.52,1176193,1564,卖盘
117,09:35:48,7.52,385825,513,卖盘
118,09:35:51,7.52,216576,288,卖盘
119,09:35:54,7.52,195520,260,卖盘
120,09:35:57,7.53,345588,459,买盘
121,09:36:00,7.52,257233,342,卖盘
122,09:36:03,7.52,39108,52,卖盘
123,09:36:06,7.52,17296,23,卖盘
124,09:36:09,7.53,89518,119,买盘
125,09:36:12,7.53,33844,45,买盘
126,09:36:15,7.52,349729,465,卖盘
127,09:36:18,7.52,137696,183,卖盘
128,09:36:21,7.52,493354,656,卖盘
129,09:36:24,7.52,173000,230,卖盘
130,09:36:27,7.52,115808,154,卖盘
131,09:36:30,7.52,62466,83,卖盘
132,09:36:33,7.52,551216,733,卖盘
133,09:36:36,7.52,1487464,1978,卖盘
134,09:36:39,7.52,667025,887,卖盘
135,09:36:42,7.52,787357,1047,卖盘
136,09:36:45,7.52,103776,138,卖盘
137,09:36:48,7.52,235376,313,卖盘
138,09:36:51,7.52,205367,273,卖盘
139,09:36:54,7.52,172229,229,卖盘
140,09:36:57,7.52,104562,139,卖盘
141,09:37:00,7.52,218857,291,卖盘
142,09:37:03,7.52,60914,81,卖盘
143,09:37:06,7.53,127858,170,买盘
144,09:37:09,7.53,127094,169,买盘
145,09:37:12,7.52,1603268,2132,卖盘
146,09:37:15,7.52,1059578,1409,卖盘
147,09:37:18,7.52,5541305,7369,卖盘
148,09:37:21,7.52,2079423,2768,买盘
149,09:37:24,7.52,243355,324,买盘
150,09:37:27,7.51,116436,155,卖盘
151,09:37:30,7.52,136106,181,买盘
152,09:37:33,7.51,221706,295,卖盘
153,09:37:36,7.51,156248,208,卖盘
154,09:37:39,7.52,175188,233,买盘
155,09:37:42,7.51,149494,199,卖盘
156,09:37:45,7.51,71349,95,卖盘
157,09:37:48,7.51,154756,206,卖盘
158,09:37:51,7.52,1306092,1739,买盘
159,09:37:54,7.52,354674,472,买盘
160,09:37:57,7.51,468028,623,卖盘
161,09:38:00,7.51,193022,257,卖盘
162,09:38:03,7.51,304215,405,卖盘
163,09:38:06,7.51,251590,335,卖盘
164,09:38:09,7.51,168287,224,卖盘
165,09:38:12,7.51,213291,284,卖盘
166,09:38:15,7.51,234384,312,卖盘
167,09:38:18,7.52,248694,331,买盘
168,09:38:21,7.51,267442,356,卖盘
169,09:38:24,7.51,217060,289,卖盘
170,09:38:27,7.51,351568,468,卖盘
171,09:38:30,7.51,242680,323,卖盘
172,09:38:33,7.52,336496,448,买盘
173,09:38:36,7.52,210287,280,买盘
174,09:38:39,7.51,725540,965,卖盘
175,09:38:42,7.51,512528,682,卖盘
176,09:38:45,7.51,600898,800,卖盘
177,09:38:48,7.51,167483,223,卖盘
178,09:38:51,7.51,1047003,1394,卖盘
179,09:38:54,7.51,313931,418,卖盘
180,09:38:57,7.51,522696,696,卖盘
181,09:39:00,7.52,106656,142,买盘
182,09:39:03,7.51,298210,397,卖盘
183,09:39:06,7.51,328990,438,卖盘
184,09:39:09,7.51,191536,255,卖盘
185,09:39:12,7.51,196028,261,卖盘
186,09:39:15,7.51,238848,318,卖盘
187,09:39:18,7.51,301977,402,卖盘
188,09:39:21,7.52,501871,668,买盘
189,09:39:24,7.52,367451,489,买盘
190,09:39:27,7.52,262188,349,买盘
191,09:39:30,7.51,481664,641,卖盘
192,09:39:33,7.52,203551,271,买盘
193,09:39:36,7.52,488293,650,买盘
194,09:39:39,7.52,253924,338,买盘
195,09:39:42,7.52,296711,395,买盘
196,09:39:45,7.52,200545,267,买盘
197,09:39:48,7.51,210283,280,卖盘
198,09:39:51,7.51,359910,479,卖盘
199,09:39:54,7.51,604109,804,卖盘
200,09:39:57,7.52,656888,874,买盘
201,09:40:00,7.51,242635,323,卖盘
202,09:40:03,7.51,516153,687,卖盘
203,09:40:06,7.51,471759,628,卖盘
204,09:40:09,7.51,199942,266,卖盘
205,09:40:12,7.51,364991,486,卖盘
206,09:40:15,7.52,99164,132,买盘
207,09:40:18,7.52,339474,452,买盘
208,09:40:21,7.51,395921,527,卖盘
209,09:40:24,7.51,127670,170,卖盘
210,09:40:27,7.51,558029,743,卖盘
211,09:40:30,7.51,245609,327,卖盘
212,09:40:33,7.51,509417,678,卖盘
213,09:40:36,7.51,581403,774,卖盘
214,09:40:39,7.51,307922,410,卖盘
215,09:40:42,7.51,455109,606,卖盘
216,09:40:45,7.52,160078,213,买盘
217,09:40:48,7.51,350006,466,卖盘
218,09:40:51,7.51,323001,430,卖盘
219,09:40:54,7.51,168386,224,卖盘
220,09:40:57,7.51,310163,413,卖盘
221,09:41:00,7.51,143443,191,卖盘
222,09:41:03,7.51,161500,215,卖盘
223,09:41:06,7.52,743549,990,买盘
224,09:41:09,7.51,154733,206,卖盘
225,09:41:12,7.52,261448,348,买盘
226,09:41:15,7.51,226083,301,卖盘
227,09:41:18,7.51,184045,245,卖盘
228,09:41:21,7.51,987684,1315,卖盘
229,09:41:24,7.51,296018,394,卖盘
230,09:41:27,7.51,356733,475,卖盘
231,09:41:30,7.51,509194,678,卖盘
232,09:41:33,7.51,525759,700,卖盘
233,09:41:36,7.52,2149512,2862,买盘
234,09:41:39,7.51,972549,1295,卖盘
235,09:41:42,7.51,1233903,1643,卖盘
236,09:41:45,7.52,401086,534,买盘
237,09:41:48,7.51,770566,1026,卖盘
238,09:41:51,7.52,1113796,1483,买盘
239,09:41:54,7.51,211042,281,卖盘
240,09:41:57,7.51,481411,641,卖盘
241,09:42:00,7.51,217074,289,卖盘
242,09:42:03,7.51,391317,521,卖盘
243,09:42:06,7.51,374842,499,卖盘
244,09:42:09,7.52,205798,274,买盘
245,09:42:12,7.51,315447,420,卖盘
246,09:42:15,7.52,81900,109,买盘
247,09:42:18,7.51,237316,316,卖盘
248,09:42:21,7.51,342657,456,卖盘
249,09:42:24,7.51,223053,297,卖盘
250,09:42:27,7.52,254601,339,买盘
251,09:42:30,7.51,179668,239,卖盘
252,09:42:33,7.52,232070,309,买盘
253,09:42:36,7.51,134434,179,卖盘
254,09:42:39,7.51,213300,284,卖盘
255,09:42:42,7.51,296677,395,卖盘
256,09:42:45,7.51,241903,322,卖盘
257,09:42:48,7.51,317673,423,卖盘
258,09:42:51,7.51,169011,225,卖盘
259,09:42:54,7.51,147960,197,卖盘
260,09:42:57,7.52,247149,329,买盘
261,09:43:00,7.51,226097,301,卖盘
262,09:43:03,7.52,540730,720,买盘
263,09:43:06,7.51,369498,492,卖盘
264,09:43:09,7.51,123175,164,卖盘
265,09:43:12,7.51,51824,69,卖盘
266,09:43:15,7.52,154068,205,买盘
267,09:43:18,7.51,229084,305,卖盘
268,09:43:21,7.52,229291,305,买盘
269,09:43:24,7.52,96900,129,买盘
270,09:43:27,7.51,93139,124,卖盘
271,09:43:30,7.51,27788,37,卖盘
272,09:43:33,7.52,549341,731,买盘
273,09:43:36,7.52,168285,224,买盘
274,09:43:39,7.51,89384,119,卖盘
275,09:43:42,7.51,26288,35,卖盘
276,09:43:45,7.52,262139,349,买盘
277,09:43:48,7.51,217800,290,卖盘
278,09:43:51,7.52,93959,125,买盘
279,09:43:54,7.51,133697,178,卖盘
280,09:43:57,7.52,121733,162,买盘
281,09:44:00,7.51,103644,138,卖盘
282,09:44:03,7.52,277120,369,买盘
283,09:44:06,7.52,139726,186,买盘
284,09:44:09,7.51,30056,40,卖盘
285,09:44:12,7.51,15020,20,卖盘
286,09:44:15,7.51,78855,105,卖盘
287,09:44:18,7.51,109656,146,卖盘
288,09:44:21,7.51,511548,681,卖盘
289,09:44:24,7.52,212547,283,买盘
290,09:44:27,7.51,1538101,2048,卖盘
291,09:44:30,7.51,1964646,2616,卖盘
292,09:44:33,7.52,350752,467,买盘
293,09:44:36,7.52,189406,252,买盘
294,09:44:39,7.51,179541,239,卖盘
295,09:44:42,7.52,803631,1070,买盘
296,09:44:45,7.51,229085,305,卖盘
297,09:44:48,7.51,159999,213,卖盘
298,09:44:51,7.51,503240,670,卖盘
299,09:44:54,7.52,190026,253,买盘
300,09:44:57,7.51,100682,134,卖盘
301,09:45:00,7.52,83377,111,买盘
302,09:45:03,7.51,223951,298,卖盘
303,09:45:06,7.52,231363,308,买盘
304,09:45:09,7.52,138295,184,买盘
305,09:45:12,7.51,128421,171,卖盘
306,09:45:15,7.52,55623,74,买盘
307,09:45:18,7.51,98382,131,卖盘
308,09:45:21,7.52,150277,200,买盘
309,09:45:24,7.51,102928,137,卖盘
310,09:45:27,7.52,107417,143,买盘
311,09:45:30,7.52,38316,51,买盘
312,09:45:33,7.51,632325,841,卖盘
313,09:45:36,7.51,284003,378,卖盘
314,09:45:39,7.51,35302,47,卖盘
315,09:45:42,7.51,336550,448,卖盘
316,09:45:45,7.51,495688,660,卖盘
317,09:45:48,7.51,247079,329,卖盘
318,09:45:51,7.51,255460,340,卖盘
319,09:45:54,7.51,40554,54,卖盘
320,09:45:57,7.51,89369,119,卖盘
321,09:46:00,7.52,145704,194,买盘
322,09:46:03,7.51,87874,117,卖盘
323,09:46:06,7.51,54881,73,卖盘
324,09:46:09,7.51,184802,246,卖盘
325,09:46:12,7.52,161483,215,买盘
326,09:46:15,7.51,114169,152,卖盘
327,09:46:18,7.52,156990,209,买盘
328,09:46:21,7.51,82687,110,卖盘
329,09:46:24,7.51,168226,224,卖盘
330,09:46:27,7.51,196027,261,卖盘
331,09:46:30,7.51,104489,139,卖盘
332,09:46:33,7.51,132939,177,卖盘
333,09:46:36,7.52,81932,109,买盘
334,09:46:39,7.51,170477,227,卖盘
335,09:46:42,7.51,731499,974,卖盘
336,09:46:45,7.52,219329,292,买盘
337,09:46:48,7.51,134433,179,卖盘
338,09:46:51,7.51,928307,1236,卖盘
339,09:46:54,7.51,362765,483,卖盘
340,09:46:57,7.52,1120000,1490,买盘
341,09:47:00,7.51,347716,463,卖盘
342,09:47:03,7.51,264374,352,卖盘
343,09:47:06,7.51,142724,190,卖盘
344,09:47:09,7.51,332947,443,卖盘
345,09:47:12,7.51,142027,189,卖盘
346,09:47:15,7.51,296653,395,卖盘
347,09:47:18,7.51,335758,447,卖盘
348,09:47:21,7.51,153324,204,卖盘
349,09:47:24,7.52,246436,328,买盘
350,09:47:27,7.51,82639,110,卖盘
351,09:47:30,7.51,151752,202,卖盘
352,09:47:33,7.51,336452,448,卖盘
353,09:47:36,7.51,253900,338,卖盘
354,09:47:39,7.51,190820,254,卖盘
355,09:47:42,7.51,111929,149,卖盘
356,09:47:45,7.51,182498,243,卖盘
357,09:47:48,7.51,466421,621,卖盘
358,09:47:51,7.51,512983,683,卖盘
359,09:47:54,7.51,695441,926,卖盘
360,09:47:57,7.51,483714,644,卖盘
361,09:48:00,7.51,177991,237,卖盘
362,09:48:03,7.51,186248,248,卖盘
363,09:48:06,7.52,114955,153,买盘
364,09:48:09,7.51,188501,251,卖盘
365,09:48:12,7.51,174983,233,卖盘
366,09:48:15,7.51,65387,87,卖盘
367,09:48:18,7.52,187066,249,买盘
368,09:48:21,7.51,1294728,1724,卖盘
369,09:48:24,7.51,383818,511,卖盘
370,09:48:27,7.51,81859,109,卖盘
371,09:48:30,7.52,202789,270,买盘
372,09:48:33,7.51,185497,247,卖盘
373,09:48:36,7.51,90882,121,卖盘
374,09:48:39,7.51,374849,499,卖盘
375,09:48:42,7.51,155457,207,卖盘
376,09:48:45,7.51,114903,153,卖盘
377,09:48:48,7.51,240320,320,卖盘
378,09:48:51,7.51,236565,315,卖盘
379,09:48:54,7.51,437090,582,卖盘
380,09:48:57,7.51,349247,465,卖盘
381,09:49:00,7.51,1356316,1806,卖盘
382,09:49:03,7.51,537716,716,卖盘
383,09:49:06,7.52,247201,329,买盘
384,09:49:09,7.52,301907,402,买盘
385,09:49:12,7.52,205985,274,买盘
386,09:49:15,7.51,322220,429,卖盘
387,09:49:18,7.51,131467,175,卖盘
388,09:49:21,7.51,163832,218,卖盘
389,09:49:24,7.52,527955,703,买盘
390,09:49:27,7.51,148698,198,卖盘
391,09:49:30,7.51,41305,55,卖盘
392,09:49:33,7.51,386021,514,卖盘
393,09:49:36,7.51,1366856,1818,卖盘
394,09:49:39,7.52,349261,465,买盘
395,09:49:42,7.51,99144,132,卖盘
396,09:49:45,7.52,7928206,10543,买盘
397,09:49:48,7.51,1625426,2164,卖盘
398,09:49:51,7.51,431276,574,卖盘
399,09:49:54,7.51,84870,113,卖盘
400,09:49:57,7.51,52570,70,卖盘
401,09:50:00,7.52,21797,29,买盘
402,09:50:03,7.52,93917,125,买盘
403,09:50:06,7.51,1686040,2245,卖盘
404,09:50:09,7.52,8832563,11749,买盘
405,09:50:12,7.51,1689750,2250,卖盘
406,09:50:15,7.51,356779,475,卖盘
407,09:50:18,7.51,9763,13,卖盘
408,09:50:21,7.51,25545,34,卖盘
409,09:50:24,7.52,102930,137,买盘
410,09:50:27,7.51,161570,215,卖盘
411,09:50:30,7.51,32293,43,卖盘
412,09:50:36,7.52,91653,122,买盘
413,09:50:39,7.51,117166,156,卖盘
414,09:50:42,7.52,28547,38,买盘
415,09:50:45,7.52,76616,102,买盘
416,09:50:48,7.52,129985,173,买盘
417,09:50:51,7.51,56344,75,卖盘
418,09:50:54,7.51,188716,251,卖盘
419,09:50:57,7.52,3027357,4026,买盘
420,09:51:00,7.52,1478461,1966,卖盘
421,09:51:03,7.52,54144,72,卖盘
422,09:51:06,7.52,247454,329,卖盘
423,09:51:09,7.53,52655,70,买盘
424,09:51:12,7.52,12784,17,卖盘
425,09:51:15,7.52,117342,156,卖盘
426,09:51:18,7.52,43617,58,卖盘
427,09:51:21,7.53,100775,134,买盘
428,09:51:24,7.52,124085,165,卖盘
429,09:51:27,7.52,260193,346,卖盘
430,09:51:30,7.52,39105,52,卖盘
431,09:51:33,7.52,91749,122,卖盘
432,09:51:36,7.52,108379,144,卖盘
433,09:51:39,7.52,114325,152,卖盘
434,09:51:42,7.52,40608,54,卖盘
435,09:51:45,7.53,66941,89,买盘
436,09:51:48,7.52,79712,106,卖盘
437,09:51:51,7.52,45175,60,卖盘
438,09:51:57,7.52,65432,87,卖盘
439,09:52:00,7.53,57172,76,买盘
440,09:52:03,7.53,24821,33,买盘
441,09:52:06,7.53,381018,506,买盘
442,09:52:09,7.52,20310,27,卖盘
443,09:52:12,7.52,109055,145,卖盘
444,09:52:15,7.53,9778,13,买盘
445,09:52:18,7.52,110544,147,卖盘
446,09:52:21,7.52,154934,206,卖盘
447,09:52:24,7.53,8283,11,买盘
448,09:52:27,7.52,337670,449,卖盘
449,09:52:30,7.52,93346,124,卖盘
450,09:52:33,7.52,205297,273,卖盘
451,09:52:36,7.53,322086,428,买盘
452,09:52:39,7.53,140748,187,买盘
453,09:52:42,7.52,266263,354,卖盘
454,09:52:45,7.53,47426,63,买盘
455,09:52:48,7.52,91744,122,卖盘
456,09:52:51,7.53,424149,564,买盘
457,09:52:54,7.53,112929,150,买盘
458,09:52:57,7.53,322614,429,买盘
459,09:53:00,7.52,84252,112,卖盘
460,09:53:03,7.52,158672,211,卖盘
461,09:53:06,7.52,23315,31,卖盘
462,09:53:09,7.52,248166,330,卖盘
463,09:53:12,7.52,86480,115,卖盘
464,09:53:15,7.52,52640,70,卖盘
465,09:53:18,7.52,40612,54,卖盘
466,09:53:21,7.52,311741,414,卖盘
467,09:53:24,7.52,65433,87,卖盘
468,09:53:27,7.52,85762,114,卖盘
469,09:53:30,7.53,286517,381,买盘
470,09:53:33,7.52,44371,59,卖盘
471,09:53:36,7.53,32357,43,买盘
472,09:53:39,7.52,47377,63,卖盘
473,09:53:42,7.52,10528,14,卖盘
474,09:53:45,7.52,38352,51,卖盘
475,09:53:48,7.52,118074,157,卖盘
476,09:53:51,7.52,116560,155,卖盘
477,09:53:54,7.53,204637,272,买盘
478,09:53:57,7.52,119569,159,卖盘
479,09:54:00,7.52,206090,274,卖盘
480,09:54:03,7.52,4462368,5934,卖盘
481,09:54:06,7.52,302944,403,买盘
482,09:54:09,7.51,493459,657,卖盘
483,09:54:12,7.51,579624,771,卖盘
484,09:54:15,7.51,12774,17,卖盘
485,09:54:18,7.52,178026,237,买盘
486,09:54:21,7.52,95504,127,买盘
487,09:54:24,7.52,1350529,1796,买盘
488,09:54:27,7.52,221840,295,买盘
489,09:54:30,7.51,75193,100,卖盘
490,09:54:33,7.52,113416,151,买盘
491,09:54:36,7.52,144255,192,买盘
492,09:54:39,7.52,181916,242,买盘
493,09:54:42,7.52,109013,145,买盘
494,09:54:45,7.51,73628,98,卖盘
495,09:54:48,7.52,235282,313,买盘
496,09:54:51,7.52,136757,182,买盘
497,09:54:54,7.52,76627,102,买盘
498,09:54:57,7.52,42112,56,买盘
499,09:55:00,7.52,489759,652,买盘
500,09:55:03,7.52,54872,73,买盘
501,09:55:06,7.52,143469,191,买盘
502,09:55:09,7.52,60910,81,买盘
503,09:55:12,7.52,240640,320,买盘
504,09:55:15,7.51,118684,158,卖盘
505,09:55:18,7.51,206705,275,卖盘
506,09:55:21,7.52,166168,221,买盘
507,09:55:24,7.52,346233,461,买盘
508,09:55:27,7.52,353902,471,买盘
509,09:55:30,7.51,118659,158,卖盘
510,09:55:33,7.52,30812,41,买盘
511,09:55:36,7.52,172895,230,买盘
512,09:55:39,7.51,112717,150,卖盘
513,09:55:42,7.52,90240,120,买盘
514,09:55:45,7.52,90156,120,买盘
515,09:55:48,7.52,92379,123,买盘
516,09:55:51,7.52,153260,204,买盘
517,09:55:54,7.52,302150,402,买盘
518,09:55:57,7.51,42807,57,卖盘
519,09:56:00,7.52,969237,1289,买盘
520,09:56:03,7.52,75952,101,买盘
521,09:56:06,7.52,218719,291,买盘
522,09:56:09,7.52,122500,163,买盘
523,09:56:12,7.51,147216,196,卖盘
524,09:56:15,7.52,9024,12,买盘
525,09:56:18,7.52,42059,56,买盘
526,09:56:21,7.52,18788,25,买盘
527,09:56:24,7.51,296860,395,卖盘
528,09:56:27,7.52,226272,301,买盘
529,09:56:30,7.51,114252,152,卖盘
530,09:56:33,7.52,229836,306,买盘
531,09:56:36,7.52,91692,122,买盘
532,09:56:39,7.52,29325,39,买盘
533,09:56:42,7.52,364602,485,买盘
534,09:56:45,7.51,66849,89,卖盘
535,09:56:48,7.52,31552,42,买盘
536,09:56:51,7.52,54124,72,买盘
537,09:56:54,7.52,78131,104,买盘
538,09:56:57,7.52,1504,2,买盘
539,09:57:00,7.51,56326,75,卖盘
540,09:57:03,7.51,169178,225,卖盘
541,09:57:06,7.51,752506,1001,卖盘
542,09:57:09,7.52,57849,77,买盘
543,09:57:12,7.51,269948,359,卖盘
544,09:57:15,7.51,252369,336,卖盘
545,09:57:18,7.52,274896,366,买盘
546,09:57:21,7.51,77387,103,卖盘
547,09:57:24,7.51,66844,89,卖盘
548,09:57:27,7.51,57827,77,卖盘
549,09:57:30,7.51,57077,76,卖盘
550,09:57:33,7.51,9012,12,卖盘
551,09:57:36,7.51,51819,69,卖盘
552,09:57:39,7.51,109723,146,卖盘
553,09:57:42,7.51,22553,30,卖盘
554,09:57:45,7.52,70624,94,买盘
555,09:57:48,7.52,211032,281,买盘
556,09:57:51,7.51,328386,437,卖盘
557,09:57:54,7.51,1502,2,卖盘
558,09:57:57,7.52,182526,243,买盘
559,09:58:00,7.51,111203,148,卖盘
560,09:58:03,7.52,3760,5,买盘
561,09:58:06,7.51,113401,151,卖盘
562,09:58:09,7.51,25539,34,卖盘
563,09:58:12,7.52,282397,376,买盘
564,09:58:15,7.51,101440,135,卖盘
565,09:58:18,7.51,21048,28,卖盘
566,09:58:21,7.52,98411,131,买盘
567,09:58:24,7.52,737318,981,买盘
568,09:58:27,7.52,31545,42,买盘
569,09:58:30,7.52,76624,102,买盘
570,09:58:33,7.51,151715,202,卖盘
571,09:58:36,7.51,300443,400,卖盘
572,09:58:42,7.51,256091,341,卖盘
573,09:58:45,7.51,398130,530,卖盘
574,09:58:48,7.51,153311,204,卖盘
575,09:58:54,7.51,76625,102,卖盘
576,09:58:57,7.52,635367,846,买盘
577,09:59:00,7.51,375534,500,卖盘
578,09:59:03,7.51,337206,449,卖盘
579,09:59:06,7.51,38312,51,卖盘
580,09:59:09,7.51,286892,382,卖盘
581,09:59:12,7.52,298907,398,买盘
582,09:59:15,7.52,317041,422,买盘
583,09:59:18,7.52,244144,325,买盘
584,09:59:21,7.51,268141,357,卖盘
585,09:59:24,7.52,115805,154,买盘
586,09:59:27,7.51,189253,252,卖盘
587,09:59:30,7.52,132189,176,买盘
588,09:59:33,7.52,142748,190,买盘
589,09:59:36,7.51,256104,341,卖盘
590,09:59:39,7.51,43575,58,卖盘
591,09:59:42,7.51,408554,544,卖盘
592,09:59:45,7.51,174983,233,卖盘
593,09:59:48,7.51,111248,148,卖盘
594,09:59:51,7.51,186251,248,卖盘
595,09:59:54,7.51,223904,298,卖盘
596,09:59:57,7.51,197513,263,卖盘
597,10:00:00,7.52,8264,11,买盘
598,10:00:03,7.51,202019,269,卖盘
599,10:00:06,7.51,337227,449,卖盘
600,10:00:09,7.51,234331,312,卖盘
601,10:00:12,7.51,184746,246,卖盘
602,10:00:15,7.51,737601,982,卖盘
603,10:00:18,7.51,105142,140,卖盘
604,10:00:21,7.51,389877,519,卖盘
605,10:00:24,7.51,82610,110,卖盘
606,10:00:27,7.52,142718,190,买盘
607,10:00:30,7.52,55576,74,买盘
608,10:00:33,7.51,222336,296,卖盘
609,10:00:36,7.52,752,1,买盘
610,10:00:39,7.52,102917,137,买盘
611,10:00:42,7.51,361237,481,卖盘
612,10:00:45,7.51,90127,120,卖盘
613,10:00:48,7.51,25534,34,卖盘
614,10:00:51,7.52,466383,621,买盘
615,10:00:54,7.52,359781,479,买盘
616,10:00:57,7.51,445374,593,卖盘
617,10:01:00,7.51,73621,98,卖盘
618,10:01:03,7.51,310164,413,卖盘
619,10:01:06,7.51,253958,338,卖盘
620,10:01:09,7.51,316220,421,卖盘
621,10:01:12,7.51,127682,170,卖盘
622,10:01:15,7.51,103638,138,卖盘
623,10:01:18,7.52,208128,277,买盘
624,10:01:21,7.52,69105,92,买盘
625,10:01:24,7.51,204293,272,卖盘
626,10:01:27,7.51,136700,182,卖盘
627,10:01:30,7.52,173521,231,买盘
628,10:01:33,7.51,161469,215,卖盘
629,10:01:36,7.52,195268,260,买盘
630,10:01:39,7.51,515941,687,卖盘
631,10:01:42,7.51,30075,40,卖盘
632,10:01:45,7.51,70612,94,卖盘
633,10:01:48,7.51,690318,919,卖盘
634,10:01:51,7.52,39062,52,买盘
635,10:01:54,7.52,5264,7,买盘
636,10:01:57,7.51,446845,595,卖盘
637,10:02:00,7.51,285380,380,卖盘
638,10:02:03,7.51,105148,140,卖盘
639,10:02:06,7.51,2259648,3006,卖盘
640,10:02:09,7.52,15776,21,买盘
641,10:02:12,7.52,147198,196,买盘
642,10:02:15,7.52,642114,855,买盘
643,10:02:18,7.52,322608,429,买盘
644,10:02:21,7.52,238869,318,买盘
645,10:02:24,7.51,3755,5,卖盘
646,10:02:27,7.51,200568,267,卖盘
647,10:02:30,7.51,172034,229,卖盘
648,10:02:33,7.51,253088,337,卖盘
649,10:02:36,7.52,184023,245,买盘
650,10:02:39,7.51,220167,293,卖盘
651,10:02:42,7.52,3760,5,买盘
652,10:02:45,7.51,661650,881,卖盘
653,10:02:48,7.51,106744,142,卖盘
654,10:02:51,7.52,130684,174,买盘
655,10:02:57,7.52,314679,419,买盘
656,10:03:00,7.51,722462,962,卖盘
657,10:03:03,7.51,21763793,28980,卖盘
658,10:03:06,7.51,224521,299,买盘
659,10:03:09,7.51,104301,139,买盘
660,10:03:12,7.51,441892,589,买盘
661,10:03:15,7.51,252825,337,买盘
662,10:03:18,7.51,342020,456,买盘
663,10:03:21,7.51,692733,923,买盘
664,10:03:24,7.51,581755,775,买盘
665,10:03:27,7.51,539456,719,买盘
666,10:03:30,7.51,117030,156,买盘
667,10:03:33,7.51,331577,442,买盘
668,10:03:36,7.51,507997,677,买盘
669,10:03:39,7.51,349647,466,买盘
670,10:03:42,7.5,145515,194,卖盘
671,10:03:45,7.51,2180665,2904,买盘
672,10:03:48,7.51,339954,453,买盘
673,10:03:51,7.5,424519,566,卖盘
674,10:03:54,7.51,234071,312,买盘
675,10:03:57,7.5,364507,486,卖盘
676,10:04:00,7.5,128294,171,卖盘
677,10:04:03,7.5,403501,538,卖盘
678,10:04:06,7.5,125296,167,卖盘
679,10:04:09,7.5,390779,521,卖盘
680,10:04:12,7.51,163618,218,买盘
681,10:04:15,7.5,593261,791,卖盘
682,10:04:18,7.5,438751,585,卖盘
683,10:04:21,7.5,204903,273,卖盘
684,10:04:24,7.51,382615,510,买盘
685,10:04:27,7.5,678105,904,卖盘
686,10:04:30,7.5,194265,259,卖盘
687,10:04:33,7.51,370593,494,买盘
688,10:04:36,7.5,91509,122,卖盘
689,10:04:39,7.51,279003,372,买盘
690,10:04:42,7.5,555085,740,卖盘
691,10:04:45,7.5,81000,108,卖盘
692,10:04:48,7.51,337538,450,买盘
693,10:04:51,7.5,69000,92,卖盘
694,10:04:54,7.5,653432,871,卖盘
695,10:04:57,7.5,439509,586,卖盘
696,10:05:00,7.51,207077,276,买盘
697,10:05:03,7.51,417808,557,买盘
698,10:05:06,7.5,544507,726,卖盘
699,10:05:09,7.51,69036,92,买盘
700,10:05:12,7.51,291782,389,买盘
701,10:05:15,7.5,238511,318,卖盘
702,10:05:18,7.5,54766,73,卖盘
703,10:05:21,7.5,396765,529,卖盘
704,10:05:24,7.5,250515,334,卖盘
705,10:05:27,7.5,1001398,1335,卖盘
706,10:05:30,7.5,2633274,3511,卖盘
707,10:05:33,7.5,441011,588,卖盘
708,10:05:36,7.51,100503,134,买盘
709,10:05:39,7.5,272272,363,卖盘
710,10:05:42,7.5,2155504,2874,卖盘
711,10:05:45,7.5,1083029,1444,卖盘
712,10:05:48,7.5,916003,1221,卖盘
713,10:05:51,7.51,360123,480,买盘
714,10:05:54,7.5,416259,555,卖盘
715,10:05:57,7.5,63000,84,卖盘
716,10:06:00,7.5,286514,382,卖盘
717,10:06:03,7.5,18004,24,卖盘
718,10:06:06,7.5,303015,404,卖盘
719,10:06:09,7.51,153766,205,买盘
720,10:06:12,7.5,494352,659,卖盘
721,10:06:15,7.5,480000,640,卖盘
722,10:06:18,7.5,246000,328,卖盘
723,10:06:21,7.5,318785,425,卖盘
724,10:06:24,7.5,285000,380,卖盘
725,10:06:27,7.5,297009,396,卖盘
726,10:06:30,7.5,534750,713,卖盘
727,10:06:33,7.5,112500,150,卖盘
728,10:06:36,7.5,6753775,9005,卖盘
729,10:06:39,7.51,4944037,6592,买盘
730,10:06:42,7.51,368274,491,买盘
731,10:06:45,7.5,822752,1097,卖盘
732,10:06:48,7.5,1811450,2413,卖盘
733,10:06:51,7.5,632284,843,卖盘
734,10:06:54,7.51,717859,956,买盘
735,10:06:57,7.5,495772,661,卖盘
736,10:07:00,7.5,342750,457,卖盘
737,10:07:03,7.51,79509,106,买盘
738,10:07:06,7.5,3801137,5068,卖盘
739,10:07:09,7.5,607556,810,卖盘
740,10:07:12,7.5,733548,978,卖盘
741,10:07:15,7.5,441861,589,卖盘
742,10:07:18,7.5,954006,1272,卖盘
743,10:07:21,7.5,408021,544,卖盘
744,10:07:24,7.5,330000,440,卖盘
745,10:07:27,7.5,712531,950,卖盘
746,10:07:30,7.5,489913,653,卖盘
747,10:07:33,7.5,1033509,1378,卖盘
748,10:07:36,7.5,1894527,2526,卖盘
749,10:07:39,7.5,1734750,2313,卖盘
750,10:07:42,7.5,23503500,31338,卖盘
751,10:07:45,7.49,4017732,5364,卖盘
752,10:07:48,7.5,1685009,2249,买盘
753,10:07:51,7.49,476487,636,卖盘
754,10:07:54,7.5,156659,209,买盘
755,10:07:57,7.5,873347,1166,买盘
756,10:08:00,7.49,388002,518,卖盘
757,10:08:03,7.49,2054194,2742,卖盘
758,10:08:06,7.49,8319165,11107,卖盘
759,10:08:09,7.48,5799216,7743,卖盘
760,10:08:12,7.49,955428,1276,买盘
761,10:08:15,7.49,430368,575,买盘
762,10:08:18,7.49,502717,672,买盘
763,10:08:21,7.49,219395,293,买盘
764,10:08:24,7.49,828195,1107,买盘
765,10:08:27,7.48,427946,572,卖盘
766,10:08:30,7.49,815419,1090,买盘
767,10:08:33,7.48,346559,463,卖盘
768,10:08:36,7.49,196056,262,买盘
769,10:08:39,7.48,341931,457,卖盘
770,10:08:42,7.49,504988,675,买盘
771,10:08:45,7.48,1855183,2480,卖盘
772,10:08:48,7.49,357739,478,买盘
773,10:08:51,7.48,386720,517,卖盘
774,10:08:54,7.49,146710,196,买盘
775,10:08:57,7.48,486381,650,卖盘
776,10:09:00,7.48,538610,720,卖盘
777,10:09:03,7.49,3482730,4656,买盘
778,10:09:06,7.48,436888,584,卖盘
779,10:09:09,7.48,188534,252,卖盘
780,10:09:12,7.49,355392,475,买盘
781,10:09:15,7.49,216322,289,买盘
782,10:09:18,7.48,282921,378,卖盘
783,10:09:21,7.49,476600,637,买盘
784,10:09:24,7.48,401897,537,卖盘
785,10:09:27,7.49,44175,59,买盘
786,10:09:30,7.49,134001,179,买盘
787,10:09:33,7.49,495651,662,买盘
788,10:09:36,7.49,246393,329,买盘
789,10:09:39,7.49,222224,297,买盘
790,10:09:42,7.49,336775,450,买盘
791,10:09:45,7.48,376279,503,卖盘
792,10:09:48,7.49,363192,485,买盘
793,10:09:51,7.49,110066,147,买盘
794,10:09:54,7.49,286639,383,买盘
795,10:09:57,7.49,80892,108,买盘
796,10:10:00,7.49,271717,363,买盘
797,10:10:03,7.49,259900,347,买盘
798,10:10:06,7.48,117508,157,卖盘
799,10:10:09,7.48,262766,351,卖盘
800,10:10:12,7.48,167616,224,卖盘
801,10:10:15,7.49,301479,403,买盘
802,10:10:18,7.49,282842,378,买盘
803,10:10:21,7.49,94285,126,买盘
804,10:10:24,7.49,202942,271,买盘
805,10:10:27,7.49,83041,111,买盘
806,10:10:30,7.49,105551,141,买盘
807,10:10:33,7.49,210469,281,买盘
808,10:10:36,7.49,105503,141,买盘
809,10:10:39,7.49,41193,55,买盘
810,10:10:42,7.49,749,1,买盘
811,10:10:45,7.49,94337,126,买盘
812,10:10:48,7.49,384766,514,买盘
813,10:10:51,7.49,261366,349,买盘
814,10:10:54,7.49,166248,222,买盘
815,10:10:57,7.49,202199,270,买盘
816,10:11:00,7.49,40445,54,买盘
817,10:11:03,7.48,181090,242,卖盘
818,10:11:06,7.49,34434,46,买盘
819,10:11:09,7.49,565756,756,买盘
820,10:11:12,7.49,56153,75,买盘
821,10:11:15,7.49,205975,275,买盘
822,10:11:18,7.49,104032,139,买盘
823,10:11:21,7.48,172865,231,卖盘
824,10:11:24,7.49,124334,166,买盘
825,10:11:27,7.49,488028,652,买盘
826,10:11:30,7.49,330848,442,买盘
827,10:11:33,7.49,83139,111,买盘
828,10:11:36,7.49,371375,496,买盘
829,10:11:39,7.49,6741,9,买盘
830,10:11:42,7.49,478558,639,买盘
831,10:11:45,7.49,53149,71,买盘
832,10:11:48,7.48,341200,456,卖盘
833,10:11:51,7.49,433377,579,买盘
834,10:11:54,7.48,175834,235,卖盘
835,10:11:57,7.49,148239,198,买盘
836,10:12:00,7.49,120504,161,买盘
837,10:12:03,7.49,161644,216,买盘
838,10:12:06,7.48,429541,574,卖盘
839,10:12:09,7.49,876953,1171,买盘
840,10:12:12,7.48,148241,198,卖盘
841,10:12:15,7.49,345072,461,买盘
842,10:12:18,7.49,106308,142,买盘
843,10:12:21,7.49,324855,434,买盘
844,10:12:24,7.49,81598,109,买盘
845,10:12:27,7.48,664366,888,卖盘
846,10:12:30,7.49,466199,623,买盘
847,10:12:33,7.48,285865,382,卖盘
848,10:12:36,7.49,169248,226,买盘
849,10:12:39,7.49,85382,114,买盘
850,10:12:42,7.48,13475,18,卖盘
851,10:12:45,7.48,117462,157,卖盘
852,10:12:48,7.49,62125,83,买盘
853,10:12:51,7.49,430541,575,买盘
854,10:12:54,7.49,56108,75,买盘
855,10:12:57,7.48,12728,17,卖盘
856,10:13:00,7.48,387519,518,卖盘
857,10:13:03,7.49,143038,191,买盘
858,10:13:06,7.49,286026,382,买盘
859,10:13:09,7.49,265841,355,买盘
860,10:13:12,7.49,123576,165,买盘
861,10:13:15,7.49,71892,96,买盘
862,10:13:18,7.49,254660,340,买盘
863,10:13:21,7.49,334496,447,买盘
864,10:13:24,7.48,322671,431,卖盘
865,10:13:27,7.49,187081,250,买盘
866,10:13:30,7.49,127957,171,买盘
867,10:13:33,7.48,224625,300,卖盘
868,10:13:36,7.48,199139,266,卖盘
869,10:13:39,7.48,125027,167,卖盘
870,10:13:42,7.49,386953,517,买盘
871,10:13:45,7.49,139148,186,买盘
872,10:13:48,7.49,537782,718,买盘
873,10:13:51,7.49,623254,833,买盘
874,10:13:54,7.49,238931,319,买盘
875,10:13:57,7.49,113099,151,买盘
876,10:14:00,7.49,760065,1015,买盘
877,10:14:03,7.49,504814,674,买盘
878,10:14:06,7.49,302546,404,买盘
879,10:14:09,7.49,252413,337,买盘
880,10:14:12,7.49,335419,448,买盘
881,10:14:15,7.49,1734628,2316,买盘
882,10:14:18,7.49,423185,565,买盘
883,10:14:21,7.49,2372820,3168,买盘
884,10:14:24,7.49,603684,806,买盘
885,10:14:27,7.49,640334,855,买盘
886,10:14:30,7.49,598451,799,买盘
887,10:14:33,7.48,441092,589,卖盘
888,10:14:36,7.49,652379,871,买盘
889,10:14:39,7.49,188009,251,卖盘
890,10:14:42,7.5,235966,315,买盘
891,10:14:45,7.49,67440,90,卖盘
892,10:14:48,7.49,895811,1196,卖盘
893,10:14:51,7.49,377455,504,买盘
894,10:14:54,7.49,95123,127,买盘
895,10:14:57,7.49,206724,276,买盘
896,10:15:00,7.49,486850,650,买盘
897,10:15:03,7.49,448596,599,买盘
898,10:15:06,7.49,646105,863,买盘
899,10:15:09,7.49,343000,458,买盘
900,10:15:12,7.48,743573,993,卖盘
901,10:15:15,7.48,116823,156,卖盘
902,10:15:18,7.49,36698,49,买盘
903,10:15:21,7.48,137740,184,卖盘
904,10:15:24,7.49,617669,825,买盘
905,10:15:27,7.49,36701,49,买盘
906,10:15:30,7.49,70406,94,买盘
907,10:15:33,7.49,128753,172,买盘
908,10:15:36,7.48,506431,677,卖盘
909,10:15:39,7.49,90527,121,买盘
910,10:15:42,7.49,26964,36,买盘
911,10:15:45,7.49,56175,75,买盘
912,10:15:48,7.49,70406,94,买盘
913,10:15:51,7.49,96621,129,买盘
914,10:15:54,7.49,106248,142,买盘
915,10:15:57,7.48,56133,75,卖盘
916,10:16:00,7.48,69608,93,卖盘
917,10:16:03,7.49,125038,167,买盘
918,10:16:06,7.49,266579,356,买盘
919,10:16:09,7.49,67410,90,买盘
920,10:16:12,7.49,56141,75,买盘
921,10:16:15,7.48,56853,76,卖盘
922,10:16:18,7.49,67382,90,买盘
923,10:16:21,7.49,66661,89,买盘
924,10:16:24,7.49,65114,87,买盘
925,10:16:27,7.49,14978,20,买盘
926,10:16:30,7.48,69585,93,卖盘
927,10:16:33,7.48,161746,216,卖盘
928,10:16:36,7.48,826836,1104,卖盘
929,10:16:39,7.48,32950,44,卖盘
930,10:16:42,7.49,205975,275,买盘
931,10:16:45,7.48,206674,276,卖盘
932,10:16:48,7.49,31458,42,买盘
933,10:16:51,7.48,35942,48,卖盘
934,10:16:54,7.48,9734,13,卖盘
935,10:16:57,7.48,29955,40,卖盘
936,10:17:00,7.48,48620,65,卖盘
937,10:17:03,7.49,26961,36,买盘
938,10:17:06,7.48,233421,312,卖盘
939,10:17:09,7.48,315940,422,卖盘
940,10:17:12,7.48,488504,653,卖盘
941,10:17:15,7.48,432394,578,卖盘
942,10:17:18,7.48,51623,69,卖盘
943,10:17:21,7.48,587933,786,卖盘
944,10:17:24,7.49,308964,413,买盘
945,10:17:27,7.48,324632,434,卖盘
946,10:17:30,7.48,867691,1160,卖盘
947,10:17:33,7.48,1237221,1654,卖盘
948,10:17:36,7.48,1270963,1699,卖盘
949,10:17:39,7.48,1213282,1622,卖盘
950,10:17:42,7.48,1136997,1520,卖盘
951,10:17:45,7.48,883741,1181,卖盘
952,10:17:48,7.49,265581,355,买盘
953,10:17:51,7.48,513238,686,卖盘
954,10:17:54,7.49,26964,36,买盘
955,10:17:57,7.49,498211,666,买盘
956,10:18:00,7.49,852020,1139,买盘
957,10:18:03,7.48,623106,833,卖盘
958,10:18:06,7.48,425765,569,卖盘
959,10:18:09,7.48,363529,486,卖盘
960,10:18:12,7.49,53179,71,买盘
961,10:18:15,7.48,491461,657,卖盘
962,10:18:18,7.49,36696,49,买盘
963,10:18:21,7.48,198240,265,卖盘
964,10:18:24,7.49,355330,475,买盘
965,10:18:27,7.48,304436,407,卖盘
966,10:18:30,7.49,921541,1232,买盘
967,10:18:33,7.48,795972,1064,卖盘
968,10:18:36,7.49,107037,143,买盘
969,10:18:39,7.49,62861,84,买盘
970,10:18:42,7.48,267056,357,卖盘
971,10:18:45,7.48,361349,483,卖盘
972,10:18:48,7.48,467510,625,卖盘
973,10:18:51,7.48,2978549,3982,卖盘
974,10:18:54,7.48,1021778,1366,卖盘
975,10:18:57,7.49,295026,394,买盘
976,10:19:00,7.49,425647,569,买盘
977,10:19:03,7.49,65862,88,买盘
978,10:19:06,7.48,1235869,1652,卖盘
979,10:19:09,7.48,3767745,5037,卖盘
980,10:19:12,7.48,1460117,1952,卖盘
981,10:19:15,7.48,1309024,1750,卖盘
982,10:19:18,7.49,666568,891,买盘
983,10:19:21,7.48,21251478,28411,卖盘
984,10:19:24,7.48,1347757,1804,买盘
985,10:19:27,7.48,3328761,4456,买盘
986,10:19:30,7.48,257834,345,买盘
987,10:19:33,7.47,654562,876,卖盘
988,10:19:36,7.47,655775,877,卖盘
989,10:19:39,7.48,64275,86,买盘
990,10:19:42,7.47,456427,611,卖盘
991,10:19:45,7.48,171130,229,买盘
992,10:19:48,7.47,517698,693,卖盘
993,10:19:51,7.47,540106,723,卖盘
994,10:19:54,7.48,364037,487,买盘
995,10:19:57,7.47,987539,1322,卖盘
996,10:20:00,7.47,739684,990,卖盘
997,10:20:03,7.47,153937,206,卖盘
998,10:20:06,7.47,705317,944,卖盘
999,10:20:09,7.47,188991,253,卖盘
1000,10:20:12,7.47,370543,496,卖盘
1001,10:20:15,7.47,209336,280,卖盘
1002,10:20:18,7.48,416871,558,买盘
1003,10:20:21,7.47,3321288,4446,卖盘
1004,10:20:24,7.47,525966,704,卖盘
1005,10:20:27,7.47,1009960,1352,卖盘
1006,10:20:30,7.48,1408235,1885,买盘
1007,10:20:33,7.47,3084375,4129,卖盘
1008,10:20:36,7.47,4762150,6375,卖盘
1009,10:20:39,7.47,2047529,2741,卖盘
1010,10:20:42,7.47,3148620,4215,卖盘
1011,10:20:45,7.46,394862,529,卖盘
1012,10:20:48,7.47,905247,1213,买盘
1013,10:20:51,7.47,174705,234,买盘
1014,10:20:54,7.47,1416005,1898,买盘
1015,10:20:57,7.47,931144,1248,买盘
1016,10:21:00,7.46,185777,249,卖盘
1017,10:21:03,7.47,415648,557,买盘
1018,10:21:06,7.46,297710,399,卖盘
1019,10:21:09,7.47,52999,71,买盘
1020,10:21:12,7.46,546097,732,卖盘
1021,10:21:15,7.46,294066,394,卖盘
1022,10:21:18,7.47,458994,615,买盘
1023,10:21:21,7.46,208288,279,卖盘
1024,10:21:24,7.47,368536,494,买盘
1025,10:21:27,7.46,1703118,2283,卖盘
1026,10:21:30,7.46,139647,187,卖盘
1027,10:21:33,7.47,423789,568,买盘
1028,10:21:36,7.46,811698,1088,卖盘
1029,10:21:39,7.46,104557,140,卖盘
1030,10:21:42,7.46,899044,1205,卖盘
1031,10:21:45,7.47,343974,461,买盘
1032,10:21:48,7.46,1798606,2411,卖盘
1033,10:21:51,7.46,862380,1156,卖盘
1034,10:21:54,7.46,1012347,1357,卖盘
1035,10:21:57,7.46,972496,1303,卖盘
1036,10:22:00,7.46,497804,667,卖盘
1037,10:22:03,7.46,224562,301,卖盘
1038,10:22:06,7.46,678963,910,卖盘
1039,10:22:09,7.46,628132,842,卖盘
1040,10:22:12,7.46,175357,235,卖盘
1041,10:22:15,7.47,890830,1194,买盘
1042,10:22:18,7.47,326113,437,买盘
1043,10:22:21,7.46,345413,463,卖盘
1044,10:22:24,7.46,393149,527,卖盘
1045,10:22:27,7.47,26862,36,买盘
1046,10:22:30,7.47,538040,721,买盘
1047,10:22:33,7.46,1349580,1809,卖盘
1048,10:22:36,7.47,82917,111,买盘
1049,10:22:39,7.46,717263,961,卖盘
1050,10:22:42,7.46,794512,1065,卖盘
1051,10:22:45,7.46,578396,775,卖盘
1052,10:22:48,7.47,576904,773,买盘
1053,10:22:51,7.47,431249,578,买盘
1054,10:22:54,7.47,1887436,2530,买盘
1055,10:22:57,7.47,47758,64,买盘
1056,10:23:00,7.46,505047,677,卖盘
1057,10:23:03,7.47,467584,626,买盘
1058,10:23:06,7.47,86581,116,买盘
1059,10:23:09,7.47,1324186,1775,买盘
1060,10:23:12,7.46,1165295,1562,卖盘
1061,10:23:15,7.47,296910,398,买盘
1062,10:23:18,7.46,327499,439,卖盘
1063,10:23:21,7.46,165614,222,卖盘
1064,10:23:24,7.47,351431,471,买盘
1065,10:23:27,7.46,760269,1019,卖盘
1066,10:23:30,7.46,80568,108,卖盘
1067,10:23:33,7.47,373776,501,买盘
1068,10:23:36,7.46,135809,182,卖盘
1069,10:23:39,7.47,602321,807,买盘
1070,10:23:42,7.47,652142,874,买盘
1071,10:23:45,7.47,337209,452,买盘
1072,10:23:48,7.46,1084773,1454,卖盘
1073,10:23:51,7.47,106763,143,买盘
1074,10:23:54,7.47,346894,465,买盘
1075,10:23:57,7.47,376025,504,买盘
1076,10:24:00,7.46,203673,273,卖盘
1077,10:24:03,7.46,300641,403,卖盘
1078,10:24:06,7.46,1250360,1676,卖盘
1079,10:24:09,7.47,114942,154,买盘
1080,10:24:12,7.47,278314,373,买盘
1081,10:24:15,7.47,197773,265,买盘
1082,10:24:18,7.46,288760,387,卖盘
1083,10:24:21,7.47,165678,222,买盘
1084,10:24:24,7.47,386623,518,买盘
1085,10:24:27,7.47,675329,905,买盘
1086,10:24:30,7.47,110450,148,买盘
1087,10:24:33,7.46,299947,402,卖盘
1088,10:24:36,7.47,131437,176,买盘
1089,10:24:39,7.47,505914,678,买盘
1090,10:24:42,7.47,403713,541,买盘
1091,10:24:45,7.47,255180,342,买盘
1092,10:24:48,7.47,61986,83,买盘
1093,10:24:51,7.47,403704,541,买盘
1094,10:24:54,7.47,382087,512,买盘
1095,10:24:57,7.46,1656900,2221,卖盘
1096,10:25:00,7.46,487284,653,卖盘
1097,10:25:03,7.47,431949,579,买盘
1098,10:25:06,7.46,743066,996,卖盘
1099,10:25:09,7.46,254471,341,卖盘
1100,10:25:12,7.46,969812,1300,卖盘
1101,10:25:15,7.46,310347,416,卖盘
1102,10:25:18,7.47,367062,492,买盘
1103,10:25:21,7.46,963102,1291,卖盘
1104,10:25:24,7.46,3013100,4039,卖盘
1105,10:25:27,7.46,3869788,5187,卖盘
1106,10:25:30,7.46,275208,369,买盘
1107,10:25:33,7.46,2504365,3361,买盘
1108,10:25:36,7.46,897994,1205,买盘
1109,10:25:39,7.46,364529,489,买盘
1110,10:25:42,7.46,94742,127,买盘
1111,10:25:45,7.46,482296,647,买盘
1112,10:25:48,7.45,489546,657,卖盘
1113,10:25:51,7.46,746124,1001,买盘
1114,10:25:54,7.45,560436,752,卖盘
1115,10:25:57,7.46,172971,232,买盘
1116,10:26:00,7.45,1103623,1481,卖盘
1117,10:26:03,7.46,161067,216,买盘
1118,10:26:06,7.46,511377,686,买盘
1119,10:26:09,7.46,684068,918,买盘
1120,10:26:12,7.46,415063,557,买盘
1121,10:26:15,7.46,88774,119,买盘
1122,10:26:18,7.46,734055,985,买盘
1123,10:26:21,7.45,575433,772,卖盘
1124,10:26:24,7.46,12682,17,买盘
1125,10:26:27,7.46,550175,738,买盘
1126,10:26:30,7.46,199735,268,买盘
1127,10:26:33,7.46,703014,943,买盘
1128,10:26:36,7.45,547711,735,卖盘
1129,10:26:39,7.46,38792,52,买盘
1130,10:26:42,7.46,375592,504,买盘
1131,10:26:45,7.46,666070,894,买盘
1132,10:26:48,7.45,469379,630,卖盘
1133,10:26:51,7.46,942552,1265,买盘
1134,10:26:54,7.46,24604,33,买盘
1135,10:26:57,7.46,363631,488,买盘
1136,10:27:00,7.46,44722,60,买盘
1137,10:27:03,7.45,404762,543,卖盘
1138,10:27:06,7.46,20888,28,买盘
1139,10:27:09,7.45,663839,891,卖盘
1140,10:27:12,7.46,29840,40,买盘
1141,10:27:15,7.45,766647,1029,卖盘
1142,10:27:18,7.45,225154,302,卖盘
1143,10:27:21,7.46,723420,971,买盘
1144,10:27:24,7.46,779440,1046,买盘
1145,10:27:27,7.45,178890,240,卖盘
1146,10:27:30,7.45,680233,913,卖盘
1147,10:27:33,7.46,210935,283,买盘
1148,10:27:36,7.45,771915,1036,卖盘
1149,10:27:39,7.46,133434,179,买盘
1150,10:27:42,7.46,1189796,1597,买盘
1151,10:27:45,7.45,795824,1068,卖盘
1152,10:27:48,7.46,1155574,1551,买盘
1153,10:27:51,7.45,1376760,1848,卖盘
1154,10:27:54,7.45,34300,46,卖盘
1155,10:27:57,7.46,658596,884,买盘
1156,10:28:00,7.45,768870,1032,卖盘
1157,10:28:03,7.45,215352,289,卖盘
1158,10:28:06,7.45,804643,1080,卖盘
1159,10:28:09,7.45,685461,920,卖盘
1160,10:28:12,7.45,1718846,2307,卖盘
1161,10:28:15,7.45,510367,685,卖盘
1162,10:28:18,7.46,330064,443,买盘
1163,10:28:21,7.46,354679,476,买盘
1164,10:28:24,7.45,1490077,2000,卖盘
1165,10:28:27,7.46,124530,167,买盘
1166,10:28:30,7.45,5965217,8007,卖盘
1167,10:28:33,7.45,476098,639,卖盘
1168,10:28:36,7.45,233283,313,卖盘
1169,10:28:39,7.46,354694,476,买盘
1170,10:28:42,7.46,350988,471,买盘
1171,10:28:45,7.46,3180449,4269,买盘
1172,10:28:48,7.45,505888,679,卖盘
1173,10:28:51,7.45,2600815,3491,卖盘
1174,10:28:54,7.45,903769,1213,卖盘
1175,10:28:57,7.45,421794,566,卖盘
1176,10:29:00,7.46,419476,563,买盘
1177,10:29:03,7.45,4830700,6484,卖盘
1178,10:29:06,7.45,653375,877,卖盘
1179,10:29:09,7.45,3065502,4120,买盘
1180,10:29:12,7.45,486827,654,买盘
1181,10:29:15,7.44,660267,887,卖盘
1182,10:29:18,7.45,1959294,2630,买盘
1183,10:29:21,7.45,610881,820,买盘
1184,10:29:24,7.44,454893,611,卖盘
1185,10:29:27,7.45,76735,103,买盘
1186,10:29:30,7.45,573649,770,买盘
1187,10:29:33,7.45,369520,496,买盘
1188,10:29:36,7.45,288924,388,买盘
1189,10:29:39,7.44,136272,183,卖盘
1190,10:29:42,7.45,222010,298,买盘
1191,10:29:45,7.44,137050,184,卖盘
1192,10:29:48,7.45,166097,223,买盘
1193,10:29:51,7.45,306195,411,买盘
1194,10:29:54,7.45,156421,210,买盘
1195,10:29:57,7.45,120690,162,买盘
1196,10:30:00,7.45,869377,1167,买盘
1197,10:30:03,7.45,368775,495,买盘
1198,10:30:06,7.45,302303,406,买盘
1199,10:30:09,7.45,271177,364,买盘
1200,10:30:12,7.45,740420,994,买盘
1201,10:30:15,7.44,155681,209,卖盘
1202,10:30:18,7.45,271841,365,买盘
1203,10:30:21,7.45,175800,236,买盘
1204,10:30:24,7.45,960824,1291,买盘
1205,10:30:27,7.45,67795,91,买盘
1206,10:30:30,7.45,215266,289,买盘
1207,10:30:33,7.45,657507,883,买盘
1208,10:30:36,7.45,696575,935,买盘
1209,10:30:39,7.45,78220,105,买盘
1210,10:30:42,7.45,247280,332,买盘
1211,10:30:45,7.45,389585,523,买盘
1212,10:30:48,7.45,217540,292,买盘
1213,10:30:51,7.44,181714,244,卖盘
1214,10:30:54,7.45,392615,527,买盘
1215,10:30:57,7.45,265049,356,买盘
1216,10:31:00,7.45,1151014,1545,买盘
1217,10:31:03,7.45,558002,749,买盘
1218,10:31:06,7.45,1648685,2213,买盘
1219,10:31:09,7.45,858240,1152,买盘
1220,10:31:12,7.45,937052,1259,买盘
1221,10:31:15,7.45,110260,148,卖盘
1222,10:31:18,7.46,2236,3,买盘
1223,10:31:21,7.46,50661,68,买盘
1224,10:31:24,7.45,149831,201,卖盘
1225,10:31:27,7.46,18640,25,买盘
1226,10:31:30,7.45,1490,2,卖盘
1227,10:31:33,7.45,2235,3,卖盘
1228,10:31:36,7.46,49236,66,买盘
1229,10:31:39,7.46,8950,12,买盘
1230,10:31:42,7.46,64852,87,买盘
1231,10:31:45,7.45,141710,190,卖盘
1232,10:31:48,7.45,169317,227,卖盘
1233,10:31:51,7.45,55164,74,卖盘
1234,10:31:54,7.46,2984,4,买盘
1235,10:31:57,7.46,196198,263,买盘
1236,10:32:00,7.46,131199,176,买盘
1237,10:32:03,7.46,223030,299,买盘
1238,10:32:06,7.46,331931,445,买盘
1239,10:32:09,7.46,146962,197,买盘
1240,10:32:12,7.46,55204,74,买盘
1241,10:32:15,7.45,152836,205,卖盘
1242,10:32:18,7.46,32824,44,买盘
1243,10:32:21,7.45,32048,43,卖盘
1244,10:32:24,7.46,166226,223,买盘
1245,10:32:27,7.46,107396,144,买盘
1246,10:32:30,7.46,31291,42,买盘
1247,10:32:33,7.45,33550,45,卖盘
1248,10:32:36,7.46,94707,127,买盘
1249,10:32:39,7.45,86469,116,卖盘
1250,10:32:42,7.46,17904,24,买盘
1251,10:32:45,7.46,39536,53,买盘
1252,10:32:48,7.46,34303,46,买盘
1253,10:32:51,7.46,95371,128,买盘
1254,10:32:54,7.45,364336,489,卖盘
1255,10:32:57,7.46,79076,106,买盘
1256,10:33:00,7.46,74599,100,买盘
1257,10:33:03,7.46,98472,132,买盘
1258,10:33:06,7.46,90947,122,买盘
1259,10:33:09,7.45,394349,529,卖盘
1260,10:33:12,7.45,35768,48,卖盘
1261,10:33:15,7.46,114775,154,买盘
1262,10:33:18,7.45,311471,418,卖盘
1263,10:33:21,7.46,47704,64,买盘
1264,10:33:24,7.46,68572,92,买盘
1265,10:33:27,7.46,12682,17,买盘
1266,10:33:30,7.46,246725,331,买盘
1267,10:33:33,7.45,21630,29,卖盘
1268,10:33:36,7.45,727885,977,卖盘
1269,10:33:39,7.46,18650,25,买盘
1270,10:33:42,7.46,102870,138,买盘
1271,10:33:45,7.46,46252,62,买盘
1272,10:33:48,7.46,257163,345,买盘
1273,10:33:51,7.46,1399771,1878,买盘
1274,10:33:54,7.46,11190,15,买盘
1275,10:33:57,7.46,108167,145,买盘
1276,10:34:00,7.46,271965,365,买盘
1277,10:34:03,7.46,215489,289,买盘
1278,10:34:06,7.45,147652,198,卖盘
1279,10:34:09,7.45,23121,31,卖盘
1280,10:34:12,7.46,49979,67,买盘
1281,10:34:15,7.45,171461,230,卖盘
1282,10:34:18,7.46,78281,105,买盘
1283,10:34:21,7.45,160246,215,卖盘
1284,10:34:24,7.46,152115,204,买盘
1285,10:34:27,7.45,52906,71,卖盘
1286,10:34:30,7.46,142336,191,买盘
1287,10:34:33,7.46,187149,251,买盘
1288,10:34:36,7.46,582621,782,买盘
1289,10:34:39,7.45,750224,1007,卖盘
1290,10:34:42,7.45,380039,510,卖盘
1291,10:34:45,7.46,147578,198,买盘
1292,10:34:48,7.46,1099646,1476,买盘
1293,10:34:51,7.45,197547,265,卖盘
1294,10:34:54,7.46,72362,97,买盘
1295,10:34:57,7.45,4475,6,卖盘
1296,10:35:00,7.46,64898,87,买盘
1297,10:35:03,7.46,12682,17,买盘
1298,10:35:06,7.46,61897,83,买盘
1299,10:35:09,7.46,93170,125,买盘
1300,10:35:12,7.45,324119,435,卖盘
1301,10:35:15,7.45,453086,608,卖盘
1302,10:35:18,7.45,380695,511,卖盘
1303,10:35:21,7.45,616233,827,卖盘
1304,10:35:24,7.45,686890,922,卖盘
1305,10:35:27,7.45,162413,218,卖盘
1306,10:35:30,7.45,81955,110,卖盘
1307,10:35:33,7.45,152825,205,卖盘
1308,10:35:36,7.45,999816,1342,卖盘
1309,10:35:39,7.46,191473,257,买盘
1310,10:35:42,7.46,18635,25,买盘
1311,10:35:45,7.46,111794,150,买盘
1312,10:35:48,7.46,32823,44,买盘
1313,10:35:51,7.46,55913,75,买盘
1314,10:35:54,7.45,295769,397,卖盘
1315,10:35:57,7.45,812799,1091,卖盘
1316,10:36:00,7.45,221267,297,卖盘
1317,10:36:03,7.45,1557060,2090,卖盘
1318,10:36:06,7.45,1807380,2426,卖盘
1319,10:36:09,7.45,3580498,4806,卖盘
1320,10:36:12,7.45,468631,629,卖盘
1321,10:36:15,7.45,93932,126,卖盘
1322,10:36:18,7.45,1210625,1625,卖盘
1323,10:36:21,7.45,30562,41,卖盘
1324,10:36:24,7.45,8508671,11421,卖盘
1325,10:36:27,7.45,63325,85,买盘
1326,10:36:30,7.45,618771,831,买盘
1327,10:36:33,7.45,134845,181,买盘
1328,10:36:36,7.45,1590019,2137,买盘
1329,10:36:39,7.45,131120,176,买盘
1330,10:36:42,7.45,37991,51,买盘
1331,10:36:45,7.44,965046,1297,卖盘
1332,10:36:48,7.44,330436,444,卖盘
1333,10:36:51,7.45,111736,150,买盘
1334,10:36:54,7.45,126505,170,买盘
1335,10:36:57,7.44,49150,66,卖盘
1336,10:37:00,7.44,93752,126,卖盘
1337,10:37:03,7.45,43955,59,买盘
1338,10:37:06,7.45,60331,81,买盘
1339,10:37:09,7.45,64775,87,买盘
1340,10:37:12,7.45,504588,678,买盘
1341,10:37:15,7.45,50653,68,买盘
1342,10:37:18,7.44,546886,735,卖盘
1343,10:37:21,7.45,93861,126,买盘
1344,10:37:24,7.45,1490,2,买盘
1345,10:37:27,7.45,251542,338,买盘
1346,10:37:30,7.45,123629,166,买盘
1347,10:37:33,7.45,166821,224,买盘
1348,10:37:36,7.45,65560,88,买盘
1349,10:37:39,7.45,340916,458,买盘
1350,10:37:42,7.45,70765,95,买盘
1351,10:37:45,7.45,14900,20,买盘
1352,10:37:48,7.45,84185,113,买盘
1353,10:37:51,7.45,161645,217,买盘
1354,10:37:54,7.45,49908,67,买盘
1355,10:37:57,7.45,29800,40,买盘
1356,10:38:00,7.45,55085,74,买盘
1357,10:38:03,7.44,53611,72,卖盘
1358,10:38:06,7.45,125160,168,买盘
1359,10:38:09,7.45,32035,43,买盘
1360,10:38:12,7.45,153374,206,买盘
1361,10:38:15,7.45,146765,197,买盘
1362,10:38:18,7.45,116935,157,买盘
1363,10:38:21,7.45,329021,442,买盘
1364,10:38:24,7.45,8940,12,买盘
1365,10:38:27,7.45,817447,1098,买盘
1366,10:38:30,7.44,183205,246,卖盘
1367,10:38:33,7.44,409984,551,卖盘
1368,10:38:36,7.45,149697,201,买盘
1369,10:38:39,7.45,415989,559,买盘
1370,10:38:42,7.44,1461288,1964,卖盘
1371,10:38:45,7.45,1724602,2318,买盘
1372,10:38:48,7.45,171903,231,买盘
1373,10:38:51,7.45,130325,175,买盘
1374,10:38:54,7.44,229988,309,卖盘
1375,10:38:57,7.45,78899,106,买盘
1376,10:39:00,7.44,203895,274,卖盘
1377,10:39:03,7.45,98963,133,买盘
1378,10:39:06,7.44,200195,269,卖盘
1379,10:39:09,7.45,182329,245,买盘
1380,10:39:12,7.45,207623,279,买盘
1381,10:39:15,7.45,418227,562,买盘
1382,10:39:18,7.45,245552,330,买盘
1383,10:39:21,7.44,195682,263,卖盘
1384,10:39:24,7.45,923115,1240,买盘
1385,10:39:27,7.45,467327,628,买盘
1386,10:39:30,7.45,212795,286,买盘
1387,10:39:33,7.44,1360800,1829,卖盘
1388,10:39:36,7.44,331845,446,卖盘
1389,10:39:39,7.44,296120,398,卖盘
1390,10:39:42,7.44,168927,227,卖盘
1391,10:39:45,7.44,152531,205,卖盘
1392,10:39:48,7.44,270072,363,卖盘
1393,10:39:51,7.44,180053,242,卖盘
1394,10:39:54,7.45,212809,286,买盘
1395,10:39:57,7.45,261920,352,买盘
1396,10:40:00,7.45,195734,263,买盘
1397,10:40:03,7.44,327391,440,卖盘
1398,10:40:06,7.44,387728,521,卖盘
1399,10:40:09,7.44,205344,276,卖盘
1400,10:40:12,7.45,187500,252,买盘
1401,10:40:15,7.45,54317,73,买盘
1402,10:40:18,7.45,287306,386,买盘
1403,10:40:21,7.45,55865,75,买盘
1404,10:40:24,7.45,710586,955,买盘
1405,10:40:27,7.44,194203,261,卖盘
1406,10:40:30,7.44,104262,140,卖盘
1407,10:40:33,7.44,1412138,1898,卖盘
1408,10:40:36,7.44,751682,1009,卖盘
1409,10:40:39,7.44,349824,470,卖盘
1410,10:40:42,7.45,464381,624,买盘
1411,10:40:45,7.44,11160,15,卖盘
1412,10:40:48,7.45,180816,243,买盘
1413,10:40:51,7.44,91631,123,卖盘
1414,10:40:54,7.44,162192,218,卖盘
1415,10:40:57,7.44,1022268,1374,卖盘
1416,10:41:00,7.44,26819,36,卖盘
1417,10:41:03,7.45,207634,279,买盘
1418,10:41:06,7.45,32780,44,买盘
1419,10:41:09,7.45,187523,252,买盘
1420,10:41:12,7.45,25329,34,买盘
1421,10:41:15,7.45,264276,355,买盘
1422,10:41:18,7.45,59598,80,买盘
1423,10:41:21,7.45,160715,216,买盘
1424,10:41:24,7.44,1133944,1524,卖盘
1425,10:41:27,7.44,618300,831,卖盘
1426,10:41:30,7.45,529042,711,买盘
1427,10:41:33,7.44,960532,1291,卖盘
1428,10:41:36,7.44,347468,467,卖盘
1429,10:41:39,7.45,340926,458,买盘
1430,10:41:42,7.45,5960,8,买盘
1431,10:41:45,7.45,206899,278,买盘
1432,10:41:48,7.45,116132,156,买盘
1433,10:41:51,7.45,408800,549,买盘
1434,10:41:54,7.45,398914,536,买盘
1435,10:41:57,7.45,142964,192,买盘
1436,10:42:00,7.45,159962,215,买盘
1437,10:42:03,7.44,202491,272,卖盘
1438,10:42:06,7.45,75245,101,买盘
1439,10:42:09,7.45,282009,379,买盘
1440,10:42:12,7.45,164467,221,买盘
1441,10:42:15,7.44,815495,1096,卖盘
1442,10:42:18,7.44,2232797,3001,卖盘
1443,10:42:21,7.45,2126398,2858,买盘
1444,10:42:24,7.44,546960,735,卖盘
1445,10:42:27,7.45,232984,313,买盘
1446,10:42:30,7.44,966481,1299,卖盘
1447,10:42:33,7.44,34973,47,卖盘
1448,10:42:36,7.45,206962,278,买盘
1449,10:42:39,7.45,218807,294,买盘
1450,10:42:42,7.44,463610,623,卖盘
1451,10:42:45,7.45,238173,320,买盘
1452,10:42:48,7.45,191992,258,买盘
1453,10:42:51,7.44,284227,382,卖盘
1454,10:42:54,7.45,238114,320,买盘
1455,10:42:57,7.45,277580,373,买盘
1456,10:43:00,7.45,218057,293,买盘
1457,10:43:03,7.45,43940,59,买盘
1458,10:43:06,7.45,142157,191,买盘
1459,10:43:09,7.45,413904,556,买盘
1460,10:43:12,7.45,962758,1294,买盘
1461,10:43:15,7.45,1204672,1619,买盘
1462,10:43:18,7.45,239883,322,买盘
1463,10:43:21,7.45,898187,1207,买盘
1464,10:43:24,7.44,241819,325,卖盘
1465,10:43:27,7.44,325160,437,卖盘
1466,10:43:30,7.45,494035,664,买盘
1467,10:43:33,7.44,84839,114,卖盘
1468,10:43:36,7.44,295392,397,卖盘
1469,10:43:39,7.45,512702,689,买盘
1470,10:43:42,7.45,1157033,1555,买盘
1471,10:43:45,7.44,237341,319,卖盘
1472,10:43:48,7.45,184565,248,买盘
1473,10:43:51,7.45,229164,308,买盘
1474,10:43:54,7.44,238844,321,卖盘
1475,10:43:57,7.44,1074441,1444,卖盘
1476,10:44:00,7.44,382416,514,卖盘
1477,10:44:03,7.44,2567544,3451,卖盘
1478,10:44:06,7.44,1714176,2304,卖盘
1479,10:44:09,7.44,729872,981,卖盘
1480,10:44:12,7.44,271562,365,卖盘
1481,10:44:15,7.44,10416,14,卖盘
1482,10:44:18,7.45,12658,17,买盘
1483,10:44:21,7.44,793848,1067,卖盘
1484,10:44:24,7.44,1951517,2623,卖盘
1485,10:44:27,7.44,900252,1210,卖盘
1486,10:44:30,7.44,183030,246,卖盘
1487,10:44:33,7.44,754448,1014,卖盘
1488,10:44:36,7.44,670357,901,卖盘
1489,10:44:39,7.44,499968,672,卖盘
1490,10:44:42,7.44,494036,664,卖盘
1491,10:44:45,7.44,1766256,2374,卖盘
1492,10:44:48,7.44,1529664,2056,卖盘
1493,10:44:51,7.44,940400,1264,卖盘
1494,10:44:54,7.44,358500,482,买盘
1495,10:44:57,7.44,191952,258,买盘
1496,10:45:00,7.44,907373,1221,买盘
1497,10:45:03,7.43,439405,591,卖盘
1498,10:45:06,7.44,515202,693,买盘
1499,10:45:09,7.44,168144,226,买盘
1500,10:45:12,7.44,459774,618,买盘
1501,10:45:15,7.44,249734,336,买盘
1502,10:45:18,7.44,24552,33,买盘
1503,10:45:21,7.43,758679,1021,卖盘
1504,10:45:24,7.44,66935,90,买盘
1505,10:45:27,7.43,145692,196,卖盘
1506,10:45:30,7.43,92244,124,卖盘
1507,10:45:33,7.43,48347,65,卖盘
1508,10:45:36,7.44,65434,88,买盘
1509,10:45:39,7.43,227368,306,卖盘
1510,10:45:42,7.44,12641,17,买盘
1511,10:45:45,7.44,16368,22,买盘
1512,10:45:48,7.43,43876,59,卖盘
1513,10:45:51,7.44,77375,104,买盘
1514,10:45:54,7.44,156042,210,买盘
1515,10:45:57,7.44,185874,250,买盘
1516,10:46:00,7.43,1453897,1956,卖盘
1517,10:46:03,7.44,73593,99,买盘
1518,10:46:06,7.43,60201,81,卖盘
1519,10:46:09,7.44,426267,573,买盘
1520,10:46:12,7.44,11274249,15154,买盘
1521,10:46:15,7.44,281232,378,卖盘
1522,10:46:18,7.44,26040,35,卖盘
1523,10:46:21,7.44,233620,314,卖盘
1524,10:46:24,7.44,11160,15,卖盘
1525,10:46:27,7.45,40935,55,买盘
1526,10:46:30,7.45,111625,150,买盘
1527,10:46:33,7.45,47623,64,买盘
1528,10:46:36,7.45,43905,59,买盘
1529,10:46:39,7.45,745,1,买盘
1530,10:46:42,7.45,745,1,买盘
1531,10:46:45,7.45,14886,20,买盘
1532,10:46:48,7.45,23826,32,买盘
1533,10:46:51,7.45,52150,70,买盘
1534,10:46:54,7.45,66305,89,买盘
1535,10:46:57,7.45,149745,201,买盘
1536,10:47:00,7.45,7449,10,买盘
1537,10:47:03,7.45,26075,35,买盘
1538,10:47:06,7.45,27560,37,买盘
1539,10:47:09,7.45,14900,20,买盘
1540,10:47:12,7.45,162410,218,买盘
1541,10:47:15,7.45,32780,44,买盘
1542,10:47:18,7.45,43210,58,买盘
1543,10:47:21,7.45,12665,17,买盘
1544,10:47:24,7.45,122146,164,买盘
1545,10:47:27,7.45,745,1,买盘
1546,10:47:30,7.45,213815,287,买盘
1547,10:47:33,7.45,99021,133,买盘
1548,10:47:36,7.45,137825,185,买盘
1549,10:47:39,7.45,90890,122,买盘
1550,10:47:42,7.45,38740,52,买盘
1551,10:47:45,7.45,130269,175,买盘
1552,10:47:48,7.44,64728,87,卖盘
1553,10:47:51,7.45,91607,123,买盘
1554,10:47:54,7.44,110985,149,卖盘
1555,10:48:00,7.44,25296,34,卖盘
1556,10:48:03,7.45,118356,159,买盘
1557,10:48:09,7.45,10430,14,买盘
1558,10:48:12,7.44,32741,44,卖盘
1559,10:48:15,7.44,168244,226,卖盘
1560,10:48:18,7.44,284251,382,卖盘
1561,10:48:21,7.44,1159182,1558,卖盘
1562,10:48:24,7.44,639863,860,卖盘
1563,10:48:27,7.44,511876,688,卖盘
1564,10:48:30,7.44,2013288,2706,卖盘
1565,10:48:33,7.44,1490990,2004,卖盘
1566,10:48:36,7.44,255211,343,卖盘
1567,10:48:39,7.44,146569,197,卖盘
1568,10:48:42,7.44,7280703,9773,卖盘
1569,10:48:45,7.44,404756,544,卖盘
1570,10:48:48,7.44,100446,135,卖盘
1571,10:48:51,7.44,439704,591,卖盘
1572,10:48:54,7.45,299122,402,买盘
1573,10:48:57,7.45,9678,13,买盘
1574,10:49:00,7.44,218002,293,卖盘
1575,10:49:03,7.44,72932,98,卖盘
1576,10:49:06,7.44,94509,127,卖盘
1577,10:49:09,7.44,40190,54,卖盘
1578,10:49:12,7.45,3725,5,买盘
1579,10:49:15,7.45,101320,136,买盘
1580,10:49:18,7.45,301725,405,买盘
1581,10:49:21,7.45,78222,105,买盘
1582,10:49:24,7.44,871968,1172,卖盘
1583,10:49:27,7.45,8195,11,买盘
1584,10:49:30,7.44,66238,89,卖盘
1585,10:49:33,7.45,207110,278,买盘
1586,10:49:36,7.44,39434,53,卖盘
1587,10:49:39,7.44,63274,85,卖盘
1588,10:49:42,7.45,99035,133,买盘
1589,10:49:45,7.45,55826,75,买盘
1590,10:49:48,7.44,17873,24,卖盘
1591,10:49:51,7.44,62506,84,卖盘
1592,10:49:54,7.44,2234,3,卖盘
1593,10:49:57,7.45,58848,79,买盘
1594,10:50:00,7.45,59599,80,买盘
1595,10:50:03,7.44,19349,26,卖盘
1596,10:50:06,7.45,43940,59,买盘
1597,10:50:09,7.44,52108,70,卖盘
1598,10:50:12,7.44,32773,44,卖盘
1599,10:50:15,7.44,37944,51,卖盘
1600,10:50:18,7.45,36484,49,买盘
1601,10:50:21,7.44,154867,208,卖盘
1602,10:50:24,7.44,219500,295,卖盘
1603,10:50:27,7.44,56576,76,卖盘
1604,10:50:30,7.45,520990,700,买盘
1605,10:50:33,7.44,242568,326,卖盘
1606,10:50:36,7.45,137019,184,买盘
1607,10:50:39,7.45,23081,31,买盘
1608,10:50:42,7.45,176528,237,买盘
1609,10:50:45,7.45,75245,101,买盘
1610,10:50:48,7.45,4466,6,买盘
1611,10:50:54,7.45,27565,37,买盘
1612,10:50:57,7.45,7450,10,买盘
1613,10:51:00,7.44,7448,10,卖盘
1614,10:51:03,7.45,745,1,买盘
1615,10:51:06,7.45,1081835,1454,买盘
1616,10:51:09,7.44,5952,8,卖盘
1617,10:51:12,7.45,19370,26,买盘
1618,10:51:15,7.45,17135,23,买盘
1619,10:51:18,7.45,138544,186,买盘
1620,10:51:21,7.44,43946,59,卖盘
1621,10:51:24,7.45,20860,28,买盘
1622,10:51:27,7.45,18625,25,买盘
1623,10:51:30,7.45,409750,550,买盘
1624,10:51:33,7.44,46923,63,卖盘
1625,10:51:36,7.44,200900,270,卖盘
1626,10:51:39,7.45,30517,41,买盘
1627,10:51:42,7.44,7440,10,卖盘
1628,10:51:45,7.44,37200,50,卖盘
1629,10:51:48,7.45,43161,58,买盘
1630,10:51:51,7.44,8184,11,卖盘
1631,10:51:54,7.45,71512,96,买盘
1632,10:51:57,7.45,149738,201,买盘
1633,10:52:00,7.45,9684,13,买盘
1634,10:52:03,7.44,8185,11,卖盘
1635,10:52:06,7.44,892075,1199,卖盘
1636,10:52:09,7.45,113985,153,买盘
1637,10:52:12,7.44,155496,209,卖盘
1638,10:52:15,7.45,74484,100,买盘
1639,10:52:18,7.45,3725,5,买盘
1640,10:52:21,7.45,4470,6,买盘
1641,10:52:24,7.45,87074,117,买盘
1642,10:52:27,7.44,43911,59,卖盘
1643,10:52:30,7.44,494773,665,卖盘
1644,10:52:33,7.45,9685,13,买盘
1645,10:52:36,7.44,56549,76,卖盘
1646,10:52:42,7.45,17880,24,买盘
1647,10:52:48,7.45,58105,78,买盘
1648,10:52:51,7.45,687473,924,买盘
1649,10:52:54,7.45,7450,10,买盘
1650,10:52:57,7.45,70021,94,买盘
1651,10:53:00,7.45,102003,137,买盘
1652,10:53:03,7.44,852637,1146,卖盘
1653,10:53:06,7.45,149601,201,买盘
1654,10:53:09,7.44,244045,328,卖盘
1655,10:53:12,7.45,71429,96,买盘
1656,10:53:15,7.44,116814,157,卖盘
1657,10:53:18,7.45,108746,146,买盘
1658,10:53:21,7.44,95266,128,卖盘
1659,10:53:24,7.45,102055,137,买盘
1660,10:53:27,7.44,15627,21,卖盘
1661,10:53:30,7.44,93768,126,卖盘
1662,10:53:33,7.44,171129,230,卖盘
1663,10:53:36,7.44,56547,76,卖盘
1664,10:53:39,7.44,116064,156,卖盘
1665,10:53:42,7.44,5208,7,卖盘
1666,10:53:45,7.44,35001,47,卖盘
1667,10:53:48,7.44,102672,138,卖盘
1668,10:53:51,7.45,142180,191,买盘
1669,10:53:54,7.45,821389,1104,买盘
1670,10:53:57,7.45,138401,186,买盘
1671,10:54:00,7.45,34978,47,买盘
1672,10:54:06,7.45,197169,265,买盘
1673,10:54:09,7.44,539436,725,卖盘
1674,10:54:12,7.44,1187497,1596,卖盘
1675,10:54:15,7.45,543878,731,买盘
1676,10:54:18,7.45,451713,607,买盘
1677,10:54:21,7.44,259675,349,卖盘
1678,10:54:24,7.44,417465,561,卖盘
1679,10:54:27,7.44,517081,695,卖盘
1680,10:54:30,7.45,119044,160,买盘
1681,10:54:33,7.44,78885,106,卖盘
1682,10:54:36,7.45,34975,47,买盘
1683,10:54:39,7.45,854865,1149,买盘
1684,10:54:42,7.45,283530,381,买盘
1685,10:54:45,7.45,60300,81,买盘
1686,10:54:48,7.44,74450,100,卖盘
1687,10:54:57,7.45,12665,17,买盘
1688,10:55:00,7.44,93768,126,卖盘
1689,10:55:03,7.45,135468,182,买盘
1690,10:55:06,7.45,166665,224,买盘
1691,10:55:09,7.44,67732,91,卖盘
1692,10:55:12,7.45,543916,731,买盘
1693,10:55:15,7.44,5208,7,卖盘
1694,10:55:18,7.44,45417,61,卖盘
1695,10:55:21,7.45,8188,11,买盘
1696,10:55:24,7.45,81948,110,买盘
1697,10:55:27,7.45,104261,140,买盘
1698,10:55:30,7.44,1072123,1441,卖盘
1699,10:55:33,7.44,87067,117,卖盘
1700,10:55:36,7.45,347511,467,买盘
1701,10:55:39,7.44,168888,227,卖盘
1702,10:55:42,7.45,13897222,18654,买盘
1703,10:55:45,7.45,185505,249,卖盘
1704,10:55:48,7.45,73010,98,卖盘
1705,10:55:51,7.45,181780,244,卖盘
1706,10:55:54,7.45,236910,318,买盘
1707,10:55:57,7.45,61835,83,买盘
1708,10:56:00,7.45,61089,82,买盘
1709,10:56:03,7.45,8195,11,买盘
1710,10:56:06,7.45,163155,219,买盘
1711,10:56:09,7.45,121435,163,买盘
1712,10:56:12,7.45,189975,255,买盘
1713,10:56:15,7.45,9685,13,买盘
1714,10:56:18,7.45,225698,303,买盘
1715,10:56:21,7.45,148255,199,买盘
1716,10:56:24,7.45,102802,138,买盘
1717,10:56:27,7.45,35760,48,买盘
1718,10:56:30,7.45,127394,171,买盘
1719,10:56:33,7.45,46190,62,买盘
1720,10:56:36,7.45,64815,87,买盘
1721,10:56:39,7.45,277119,372,买盘
1722,10:56:42,7.45,78970,106,买盘
1723,10:56:45,7.45,99830,134,买盘
1724,10:56:48,7.44,7440,10,卖盘
1725,10:56:51,7.45,83420,112,买盘
1726,10:56:54,7.44,108023,145,卖盘
1727,10:56:57,7.45,6705,9,买盘
1728,10:57:00,7.45,99085,133,买盘
1729,10:57:03,7.45,32780,44,买盘
1730,10:57:06,7.45,65497,88,买盘
1731,10:57:09,7.45,78947,106,买盘
1732,10:57:12,7.45,2235,3,买盘
1733,10:57:15,7.45,63323,85,买盘
1734,10:57:18,7.45,32775,44,买盘
1735,10:57:21,7.45,260748,350,买盘
1736,10:57:24,7.45,72256,97,买盘
1737,10:57:27,7.44,23093,31,卖盘
1738,10:57:30,7.45,37986,51,买盘
1739,10:57:33,7.45,15645,21,买盘
1740,10:57:36,7.45,64750,87,买盘
1741,10:57:39,7.45,50596,68,买盘
1742,10:57:42,7.45,45445,61,买盘
1743,10:57:48,7.45,58110,78,买盘
1744,10:57:51,7.44,101970,137,卖盘
1745,10:57:54,7.45,32780,44,买盘
1746,10:58:00,7.45,22337,30,买盘
1747,10:58:03,7.45,33524,45,买盘
1748,10:58:06,7.44,1003658,1349,卖盘
1749,10:58:09,7.44,161601,217,卖盘
1750,10:58:12,7.45,167624,225,买盘
1751,10:58:15,7.44,337849,454,卖盘
1752,10:58:18,7.44,107137,144,卖盘
1753,10:58:21,7.45,313283,421,买盘
1754,10:58:24,7.45,75913,102,买盘
1755,10:58:27,7.44,353484,475,卖盘
1756,10:58:30,7.44,43901,59,卖盘
1757,10:58:33,7.45,4470,6,买盘
1758,10:58:36,7.45,125099,168,买盘
1759,10:58:39,7.45,29772,40,买盘
1760,10:58:42,7.45,2980,4,买盘
1761,10:58:45,7.44,29760,40,卖盘
1762,10:58:48,7.45,41720,56,买盘
1763,10:58:51,7.45,8188,11,买盘
1764,10:58:54,7.44,64011,86,卖盘
1765,10:58:57,7.45,29025,39,买盘
1766,10:59:00,7.45,43209,58,买盘
1767,10:59:03,7.44,232130,312,卖盘
1768,10:59:06,7.44,24578,33,卖盘
1769,10:59:09,7.44,901753,1212,卖盘
1770,10:59:12,7.45,14900,20,买盘
1771,10:59:15,7.44,37200,50,卖盘
1772,10:59:18,7.44,151776,204,卖盘
1773,10:59:21,7.45,14898,20,买盘
1774,10:59:24,7.45,113845,153,买盘
1775,10:59:30,7.44,249270,335,卖盘
1776,10:59:33,7.44,124265,167,卖盘
1777,10:59:36,7.44,86312,116,卖盘
1778,10:59:39,7.44,46916,63,卖盘
1779,10:59:42,7.45,83428,112,买盘
1780,10:59:45,7.44,433030,582,卖盘
1781,10:59:48,7.45,32031,43,买盘
1782,10:59:51,7.45,74418,100,买盘
1783,10:59:57,7.45,17132,23,买盘
1784,11:00:00,7.44,93000,125,卖盘
1785,11:00:03,7.44,1069882,1438,卖盘
1786,11:00:06,7.45,99711,134,买盘
1787,11:00:09,7.44,158672,213,卖盘
1788,11:00:12,7.44,120539,162,卖盘
1789,11:00:15,7.44,80362,108,卖盘
1790,11:00:18,7.44,105682,142,卖盘
1791,11:00:21,7.45,44655,60,买盘
1792,11:00:24,7.44,29016,39,卖盘
1793,11:00:27,7.45,93745,126,买盘
1794,11:00:30,7.44,48364,65,卖盘
1795,11:00:33,7.44,198852,267,卖盘
1796,11:00:36,7.44,81097,109,卖盘
1797,11:00:39,7.44,300576,404,卖盘
1798,11:00:42,7.44,41687,56,卖盘
1799,11:00:45,7.45,30545,41,买盘
1800,11:00:48,7.44,45394,61,卖盘
1801,11:00:51,7.45,30538,41,买盘
1802,11:00:54,7.45,17135,23,买盘
1803,11:00:57,7.44,50592,68,卖盘
1804,11:01:00,7.45,839235,1128,买盘
1805,11:01:03,7.44,129456,174,卖盘
1806,11:01:09,7.45,92261,124,买盘
1807,11:01:12,7.45,2235,3,买盘
1808,11:01:15,7.45,8195,11,买盘
1809,11:01:18,7.44,17860,24,卖盘
1810,11:01:21,7.45,21580,29,买盘
1811,11:01:24,7.45,19370,26,买盘
1812,11:01:27,7.45,64815,87,买盘
1813,11:01:30,7.44,4468,6,卖盘
1814,11:01:33,7.45,61772,83,买盘
1815,11:01:36,7.45,80460,108,买盘
1816,11:01:39,7.45,37250,50,买盘
1817,11:01:42,7.45,8940,12,买盘
1818,11:01:48,7.45,238085,320,买盘
1819,11:01:51,7.45,1041609,1400,买盘
1820,11:01:54,7.45,745,1,买盘
1821,11:01:57,7.45,227225,305,买盘
1822,11:02:00,7.44,306653,412,卖盘
1823,11:02:03,7.45,87068,117,买盘
1824,11:02:06,7.45,2980,4,买盘
1825,11:02:09,7.45,82695,111,买盘
1826,11:02:12,7.44,56570,76,卖盘
1827,11:02:15,7.45,133289,179,买盘
1828,11:02:18,7.45,745,1,买盘
1829,11:02:21,7.45,103550,139,买盘
1830,11:02:24,7.45,279009,375,买盘
1831,11:02:27,7.45,99813,134,买盘
1832,11:02:30,7.45,37250,50,买盘
1833,11:02:33,7.45,10430,14,买盘
1834,11:02:36,7.45,72215,97,买盘
1835,11:02:39,7.45,4470,6,买盘
1836,11:02:42,7.45,37995,51,买盘
1837,11:02:45,7.45,91521,123,买盘
1838,11:02:48,7.45,66967,90,买盘
1839,11:02:51,7.45,165390,222,买盘
1840,11:02:54,7.44,30199088,40590,卖盘
1841,11:02:57,7.43,1163976,1566,卖盘
1842,11:03:00,7.44,167961,226,买盘
1843,11:03:03,7.44,539290,725,买盘
1844,11:03:06,7.44,54312,73,买盘
1845,11:03:09,7.44,125720,169,买盘
1846,11:03:12,7.44,20082,27,买盘
1847,11:03:15,7.43,123414,166,卖盘
1848,11:03:18,7.44,158392,213,买盘
1849,11:03:21,7.43,26020,35,卖盘
1850,11:03:24,7.44,22320,30,买盘
1851,11:03:27,7.44,28262,38,买盘
1852,11:03:30,7.44,81070,109,买盘
1853,11:03:33,7.44,88437,119,买盘
1854,11:03:36,7.44,276516,372,买盘
1855,11:03:39,7.44,58741,79,买盘
1856,11:03:42,7.43,816561,1099,卖盘
1857,11:03:45,7.44,169613,228,买盘
1858,11:03:48,7.44,82497,111,买盘
1859,11:03:51,7.44,758136,1019,买盘
1860,11:03:54,7.43,56478,76,卖盘
1861,11:03:57,7.44,591438,796,买盘
1862,11:04:00,7.43,1082751,1457,卖盘
1863,11:04:03,7.44,38666,52,买盘
1864,11:04:06,7.44,110749,149,买盘
1865,11:04:09,7.44,144890,195,买盘
1866,11:04:12,7.44,55740,75,买盘
1867,11:04:15,7.44,98952,133,买盘
1868,11:04:18,7.44,58726,79,买盘
1869,11:04:21,7.44,95142,128,买盘
1870,11:04:24,7.44,153261,206,买盘
1871,11:04:27,7.44,1514235,2038,买盘
1872,11:04:30,7.44,38677,52,买盘
1873,11:04:33,7.43,956321,1287,卖盘
1874,11:04:36,7.44,130046,175,买盘
1875,11:04:39,7.44,24552,33,买盘
1876,11:04:42,7.43,11146,15,卖盘
1877,11:04:45,7.43,321757,433,卖盘
1878,11:04:48,7.43,1241027,1670,卖盘
1879,11:04:51,7.43,85451,115,卖盘
1880,11:04:54,7.43,43847,59,卖盘
1881,11:04:57,7.43,17846,24,卖盘
1882,11:05:00,7.43,38636,52,卖盘
1883,11:05:03,7.43,59500,80,卖盘
1884,11:05:06,7.44,11902,16,买盘
1885,11:05:09,7.43,241505,325,卖盘
1886,11:05:12,7.44,30477,41,买盘
1887,11:05:15,7.44,25275,34,买盘
1888,11:05:18,7.43,435489,586,卖盘
1889,11:05:21,7.43,981569,1321,卖盘
1890,11:05:24,7.43,246676,332,卖盘
1891,11:05:27,7.44,75795,102,买盘
1892,11:05:30,7.43,104026,140,卖盘
1893,11:05:33,7.43,575840,775,卖盘
1894,11:05:36,7.44,121110,163,买盘
1895,11:05:39,7.44,64648,87,买盘
1896,11:05:42,7.44,15624,21,买盘
1897,11:05:45,7.44,88453,119,买盘
1898,11:05:48,7.43,67622,91,卖盘
1899,11:05:51,7.44,374761,504,买盘
1900,11:05:54,7.44,87687,118,买盘
1901,11:05:57,7.43,27517,37,卖盘
1902,11:06:00,7.44,63229,85,买盘
1903,11:06:03,7.44,30504,41,买盘
1904,11:06:06,7.44,10416,14,买盘
1905,11:06:09,7.44,297965,401,买盘
1906,11:06:12,7.44,389856,524,买盘
1907,11:06:15,7.43,1006901,1355,卖盘
1908,11:06:18,7.43,340398,458,卖盘
1909,11:06:21,7.43,289078,389,卖盘
1910,11:06:24,7.44,9672,13,买盘
1911,11:06:27,7.44,91400,123,买盘
1912,11:06:30,7.43,2653261,3571,卖盘
1913,11:06:33,7.43,305383,411,卖盘
1914,11:06:36,7.44,310644,418,买盘
1915,11:06:39,7.43,199867,269,卖盘
1916,11:06:42,7.43,409393,551,卖盘
1917,11:06:45,7.43,452593,609,卖盘
1918,11:06:48,7.44,275656,371,买盘
1919,11:06:51,7.43,5945,8,卖盘
1920,11:06:54,7.43,345596,465,卖盘
1921,11:06:57,7.43,48295,65,卖盘
1922,11:07:00,7.43,40905,55,卖盘
1923,11:07:03,7.43,10402,14,卖盘
1924,11:07:06,7.44,359631,484,买盘
1925,11:07:09,7.43,1086286,1462,卖盘
1926,11:07:12,7.43,4599913,6191,卖盘
1927,11:07:15,7.43,690256,929,卖盘
1928,11:07:18,7.43,350050,471,卖盘
1929,11:07:21,7.43,98819,133,卖盘
1930,11:07:24,7.43,578056,778,卖盘
1931,11:07:27,7.44,254866,343,买盘
1932,11:07:30,7.43,792047,1066,卖盘
1933,11:07:33,7.44,184281,248,买盘
1934,11:07:36,7.43,296457,399,卖盘
1935,11:07:39,7.43,320240,431,卖盘
1936,11:07:42,7.44,204338,275,买盘
1937,11:07:45,7.44,289805,390,买盘
1938,11:07:48,7.43,456206,614,卖盘
1939,11:07:51,7.44,24532,33,买盘
1940,11:07:54,7.44,284579,383,买盘
1941,11:07:57,7.43,5201,7,卖盘
1942,11:08:00,7.43,278675,375,卖盘
1943,11:08:03,7.44,1623465,2185,买盘
1944,11:08:06,7.43,429454,578,卖盘
1945,11:08:09,7.43,147866,199,卖盘
1946,11:08:12,7.43,353668,476,卖盘
1947,11:08:15,7.44,754298,1015,买盘
1948,11:08:18,7.43,153108,206,卖盘
1949,11:08:21,7.44,295076,397,买盘
1950,11:08:24,7.43,237018,319,卖盘
1951,11:08:27,7.43,829462,1116,卖盘
1952,11:08:30,7.43,113817,153,卖盘
1953,11:08:33,7.43,197639,266,卖盘
1954,11:08:36,7.43,491880,662,卖盘
1955,11:08:39,7.44,37179,50,买盘
1956,11:08:42,7.44,231853,312,买盘
1957,11:08:45,7.44,204342,275,买盘
1958,11:08:48,7.43,72077,97,卖盘
1959,11:08:51,7.43,255607,344,卖盘
1960,11:08:54,7.43,1098897,1479,卖盘
1961,11:08:57,7.44,107012,144,买盘
1962,11:09:00,7.43,443096,596,卖盘
1963,11:09:03,7.44,806235,1085,买盘
1964,11:09:06,7.43,940251,1265,卖盘
1965,11:09:09,7.43,212546,286,卖盘
1966,11:09:12,7.44,57288,77,买盘
1967,11:09:15,7.44,602936,811,买盘
1968,11:09:18,7.44,162835,219,买盘
1969,11:09:21,7.44,13392,18,买盘
1970,11:09:24,7.44,976683,1314,买盘
1971,11:09:27,7.44,312866,421,买盘
1972,11:09:30,7.43,100369,135,卖盘
1973,11:09:33,7.44,66937,90,买盘
1974,11:09:36,7.44,191707,258,买盘
1975,11:09:39,7.44,828212,1114,买盘
1976,11:09:42,7.44,362018,487,买盘
1977,11:09:45,7.43,1201432,1617,卖盘
1978,11:09:48,7.44,51280,69,买盘
1979,11:09:51,7.44,29760,40,买盘
1980,11:09:54,7.43,302452,407,卖盘
1981,11:09:57,7.43,52046,70,卖盘
1982,11:10:00,7.44,24551,33,买盘
1983,11:10:03,7.43,2230,3,卖盘
1984,11:10:06,7.44,31992,43,买盘
1985,11:10:09,7.44,744,1,买盘
1986,11:10:12,7.44,134514,181,买盘
1987,11:10:15,7.44,38646,52,买盘
1988,11:10:18,7.44,87041,117,买盘
1989,11:10:21,7.44,25296,34,买盘
1990,11:10:24,7.44,452498,609,买盘
1991,11:10:27,7.43,282340,380,卖盘
1992,11:10:30,7.43,14124,19,卖盘
1993,11:10:33,7.43,205833,277,卖盘
1994,11:10:36,7.43,137455,185,卖盘
1995,11:10:39,7.44,48324,65,买盘
1996,11:10:42,7.44,931050,1253,买盘
1997,11:10:45,7.44,53514,72,买盘
1998,11:10:48,7.44,92249,124,买盘
1999,11:10:51,7.43,108495,146,卖盘
2000,11:10:54,7.44,5948,8,买盘
2001,11:10:57,7.44,16347,22,买盘
2002,11:11:00,7.43,7439,10,卖盘
2003,11:11:03,7.44,28272,38,买盘
2004,11:11:06,7.44,49085,66,买盘
2005,11:11:09,7.43,34960,47,卖盘
2006,11:11:12,7.43,93655,126,卖盘
2007,11:11:15,7.44,133900,180,买盘
2008,11:11:18,7.43,436141,587,卖盘
2009,11:11:21,7.43,1700734,2289,卖盘
2010,11:11:24,7.44,14130,19,买盘
2011,11:11:27,7.44,1500870,2020,买盘
2012,11:11:30,7.43,268392,361,卖盘
2013,11:11:33,7.43,38636,52,卖盘
2014,11:11:36,7.44,212767,286,买盘
2015,11:11:42,7.44,32735,44,买盘
2016,11:11:45,7.44,255622,344,买盘
2017,11:11:48,7.44,3720,5,买盘
2018,11:11:51,7.43,52032,70,卖盘
2019,11:11:54,7.44,22320,30,买盘
2020,11:11:57,7.44,12648,17,买盘
2021,11:12:00,7.44,744,1,买盘
2022,11:12:03,7.44,240784,324,买盘
2023,11:12:06,7.44,18600,25,买盘
2024,11:12:09,7.44,41664,56,买盘
2025,11:12:12,7.44,37937,51,买盘
2026,11:12:15,7.43,351479,473,卖盘
2027,11:12:18,7.43,1009829,1359,卖盘
2028,11:12:21,7.44,17112,23,买盘
2029,11:12:24,7.44,74400,100,买盘
2030,11:12:27,7.44,92148,124,买盘
2031,11:12:30,7.44,85448,115,买盘
2032,11:12:33,7.44,316200,425,买盘
2033,11:12:36,7.43,7432,10,卖盘
2034,11:12:39,7.44,2976,4,买盘
2035,11:12:42,7.44,355311,478,买盘
2036,11:12:45,7.43,14923911,20086,卖盘
2037,11:12:48,7.43,774246,1042,卖盘
2038,11:12:51,7.43,620441,835,卖盘
2039,11:12:54,7.43,126310,170,卖盘
2040,11:12:57,7.43,195429,263,卖盘
2041,11:13:00,7.43,39401,53,卖盘
2042,11:13:03,7.43,83324,112,卖盘
2043,11:13:06,7.44,393793,530,买盘
2044,11:13:09,7.44,19327,26,买盘
2045,11:13:12,7.43,1523893,2051,卖盘
2046,11:13:15,7.44,1014983,1366,买盘
2047,11:13:18,7.44,514259,692,买盘
2048,11:13:21,7.43,41617,56,卖盘
2049,11:13:24,7.43,7242772,9748,卖盘
2050,11:13:27,7.43,1298770,1748,卖盘
2051,11:13:30,7.43,838875,1129,卖盘
2052,11:13:33,7.43,245200,330,卖盘
2053,11:13:36,7.43,615205,828,卖盘
2054,11:13:39,7.43,4018257,5408,卖盘
2055,11:13:42,7.43,203529,274,买盘
2056,11:13:45,7.42,187084,252,卖盘
2057,11:13:48,7.43,291218,392,买盘
2058,11:13:51,7.43,8916,12,买盘
2059,11:13:54,7.43,18575,25,买盘
2060,11:13:57,7.43,195909,264,买盘
2061,11:14:00,7.42,36397,49,卖盘
2062,11:14:03,7.43,132997,179,买盘
2063,11:14:06,7.43,972919,1311,买盘
2064,11:14:09,7.43,111450,150,买盘
2065,11:14:12,7.43,34921,47,买盘
2066,11:14:15,7.43,116558,157,买盘
2067,11:14:18,7.43,554328,747,买盘
2068,11:14:21,7.43,46782,63,买盘
2069,11:14:24,7.42,170709,230,卖盘
2070,11:14:27,7.42,276847,373,卖盘
2071,11:14:30,7.42,137280,185,卖盘
2072,11:14:33,7.43,101018,136,买盘
2073,11:14:36,7.42,15602,21,卖盘
2074,11:14:39,7.43,11131,15,买盘
2075,11:14:42,7.42,29686,40,卖盘
2076,11:14:45,7.42,18441688,24854,卖盘
2077,11:14:48,7.42,128372,173,卖盘
2078,11:14:51,7.43,36391,49,买盘
2079,11:14:54,7.42,563103,758,卖盘
2080,11:14:57,7.43,6687,9,买盘
2081,11:15:00,7.43,18384539,24777,买盘
2082,11:15:03,7.43,15551822,20933,买盘
2083,11:15:06,7.43,519250,699,买盘
2084,11:15:09,7.43,115104,155,买盘
2085,11:15:12,7.43,143292,193,买盘
2086,11:15:15,7.43,1423464,1916,买盘
2087,11:15:18,7.43,118866,160,买盘
2088,11:15:21,7.43,77226,104,买盘
2089,11:15:24,7.43,94319,127,买盘
2090,11:15:27,7.42,47510,64,卖盘
2091,11:15:30,7.42,55667,75,卖盘
2092,11:15:33,7.42,108427,146,卖盘
2093,11:15:36,7.42,354994,478,卖盘
2094,11:15:39,7.42,95728,129,卖盘
2095,11:15:42,7.43,251807,339,买盘
2096,11:15:45,7.43,18567,25,买盘
2097,11:15:48,7.43,155990,210,买盘
2098,11:15:51,7.42,126244,170,卖盘
2099,11:15:54,7.43,3715,5,买盘
2100,11:15:57,7.43,8916,12,买盘
2101,11:16:00,7.43,193180,260,买盘
2102,11:16:03,7.43,55725,75,买盘
2103,11:16:06,7.42,36388,49,卖盘
2104,11:16:09,7.43,112929,152,买盘
2105,11:16:12,7.43,124066,167,买盘
2106,11:16:15,7.43,49038,66,买盘
2107,11:16:18,7.43,83206,112,买盘
2108,11:16:21,7.43,48295,65,买盘
2109,11:16:24,7.43,38636,52,买盘
2110,11:16:27,7.43,36407,49,买盘
2111,11:16:30,7.42,12630,17,卖盘
2112,11:16:33,7.43,141883,191,买盘
2113,11:16:36,7.42,48972,66,卖盘
2114,11:16:39,7.43,45319,61,买盘
2115,11:16:42,7.43,434303,585,买盘
2116,11:16:48,7.43,7428,10,买盘
2117,11:16:51,7.43,10072762,13557,买盘
2118,11:16:54,7.43,213984,288,卖盘
2119,11:16:57,7.43,503754,678,卖盘
2120,11:17:00,7.43,275660,371,卖盘
2121,11:17:03,7.43,873769,1176,卖盘
2122,11:17:06,7.43,785351,1057,卖盘
2123,11:17:09,7.43,174605,235,卖盘
2124,11:17:12,7.44,58743,79,买盘
2125,11:17:15,7.44,77352,104,买盘
2126,11:17:18,7.44,83328,112,买盘
2127,11:17:21,7.43,7434,10,卖盘
2128,11:17:27,7.44,23064,31,买盘
2129,11:17:30,7.44,70680,95,买盘
2130,11:17:33,7.44,2232,3,买盘
2131,11:17:36,7.44,72819,98,买盘
2132,11:17:39,7.44,15623,21,买盘
2133,11:17:42,7.44,55800,75,买盘
2134,11:17:45,7.44,23808,32,买盘
2135,11:17:48,7.44,8184,11,买盘
2136,11:17:54,7.43,26773,36,卖盘
2137,11:17:57,7.44,78120,105,买盘
2138,11:18:00,7.44,26778,36,买盘
2139,11:18:03,7.44,17843,24,买盘
2140,11:18:06,7.44,117404,158,买盘
2141,11:18:12,7.44,32736,44,买盘
2142,11:18:15,7.44,78860,106,买盘
2143,11:18:18,7.44,328104,441,买盘
2144,11:18:21,7.43,23776,32,卖盘
2145,11:18:24,7.44,18582,25,买盘
2146,11:18:27,7.43,286105,385,卖盘
2147,11:18:30,7.43,365572,492,卖盘
2148,11:18:33,7.43,112936,152,卖盘
2149,11:18:36,7.44,72891,98,买盘
2150,11:18:39,7.43,30467,41,卖盘
2151,11:18:42,7.43,53541,72,卖盘
2152,11:18:45,7.43,52015,70,卖盘
2153,11:18:48,7.43,447143,601,卖盘
2154,11:18:51,7.43,31953,43,卖盘
2155,11:18:54,7.43,70643,95,卖盘
2156,11:18:57,7.43,16346,22,卖盘
2157,11:19:00,7.43,18575,25,卖盘
2158,11:19:03,7.43,22290,30,卖盘
2159,11:19:06,7.43,120512,162,卖盘
2160,11:19:09,7.44,7440,10,买盘
2161,11:19:12,7.44,37901,51,买盘
2162,11:19:15,7.44,65437,88,买盘
2163,11:19:18,7.43,980856,1320,卖盘
2164,11:19:21,7.43,101048,136,卖盘
2165,11:19:24,7.44,64643,87,买盘
2166,11:19:27,7.44,78764,106,买盘
2167,11:19:30,7.43,19318,26,卖盘
2168,11:19:33,7.44,30483,41,买盘
2169,11:19:36,7.44,8921,12,买盘
2170,11:19:39,7.43,5201,7,卖盘
2171,11:19:42,7.44,12641,17,买盘
2172,11:19:45,7.44,744,1,买盘
2173,11:19:48,7.44,20081,27,买盘
2174,11:19:51,7.43,24534,33,卖盘
2175,11:19:54,7.43,80268,108,卖盘
2176,11:19:57,7.43,269709,363,卖盘
2177,11:20:00,7.43,230583,310,卖盘
2178,11:20:03,7.44,66137,89,买盘
2179,11:20:06,7.43,182832,246,卖盘
2180,11:20:09,7.44,37915,51,买盘
2181,11:20:12,7.43,98126,132,卖盘
2182,11:20:15,7.43,958489,1290,卖盘
2183,11:20:18,7.43,293586,395,卖盘
2184,11:20:21,7.44,60193,81,买盘
2185,11:20:24,7.43,168661,227,卖盘
2186,11:20:27,7.43,565424,761,卖盘
2187,11:20:30,7.43,887895,1195,卖盘
2188,11:20:33,7.43,852967,1148,卖盘
2189,11:20:36,7.43,364070,490,卖盘
2190,11:20:39,7.43,74322,100,卖盘
2191,11:20:42,7.43,574343,773,卖盘
2192,11:20:45,7.43,5944,8,卖盘
2193,11:20:48,7.44,67632,91,买盘
2194,11:20:51,7.43,743,1,卖盘
2195,11:20:54,7.43,87704,118,卖盘
2196,11:20:57,7.43,422767,569,卖盘
2197,11:21:00,7.43,96600,130,卖盘
2198,11:21:03,7.43,9659,13,卖盘
2199,11:21:06,7.43,787583,1060,卖盘
2200,11:21:09,7.43,49055,66,卖盘
2201,11:21:12,7.43,23796,32,卖盘
2202,11:21:15,7.43,633794,853,卖盘
2203,11:21:18,7.43,81083,109,卖盘
2204,11:21:21,7.44,75051,101,买盘
2205,11:21:24,7.43,422767,569,卖盘
2206,11:21:27,7.43,181381,244,卖盘
2207,11:21:30,7.42,440240,593,卖盘
2208,11:21:33,7.43,212498,286,买盘
2209,11:21:36,7.43,202096,272,买盘
2210,11:21:39,7.43,33435,45,买盘
2211,11:21:42,7.43,10402,14,买盘
2212,11:21:45,7.43,178241,240,买盘
2213,11:21:48,7.43,7430,10,买盘
2214,11:21:51,7.43,418309,563,买盘
2215,11:21:54,7.43,35664,48,买盘
2216,11:21:57,7.43,112123,151,买盘
2217,11:22:00,7.42,99561,134,卖盘
2218,11:22:03,7.43,54233,73,买盘
2219,11:22:06,7.43,312803,421,买盘
2220,11:22:09,7.42,71976,97,卖盘
2221,11:22:12,7.43,203582,274,买盘
2222,11:22:15,7.43,5944,8,买盘
2223,11:22:18,7.43,442341,596,买盘
2224,11:22:21,7.43,55683,75,买盘
2225,11:22:24,7.43,8173,11,买盘
2226,11:22:27,7.43,47496,64,买盘
2227,11:22:30,7.42,87599,118,卖盘
2228,11:22:33,7.43,7430,10,买盘
2229,11:22:36,7.43,112936,152,买盘
2230,11:22:39,7.43,223629,301,买盘
2231,11:22:42,7.43,304541,410,买盘
2232,11:22:45,7.43,3715,5,买盘
2233,11:22:48,7.43,60162,81,买盘
2234,11:22:51,7.43,60163,81,买盘
2235,11:22:54,7.43,26748,36,买盘
2236,11:22:57,7.43,29720,40,买盘
2237,11:23:00,7.42,66869,90,卖盘
2238,11:23:03,7.43,9659,13,买盘
2239,11:23:06,7.43,28234,38,买盘
2240,11:23:09,7.43,14116,19,买盘
2241,11:23:12,7.43,54971,74,买盘
2242,11:23:15,7.42,391041,527,卖盘
2243,11:23:18,7.43,377908,509,买盘
2244,11:23:21,7.42,13372,18,卖盘
2245,11:23:24,7.43,28977,39,买盘
2246,11:23:27,7.42,868202,1170,卖盘
2247,11:23:30,7.42,19292,26,卖盘
2248,11:23:33,7.42,86864,117,卖盘
2249,11:23:36,7.43,29716,40,买盘
2250,11:23:39,7.43,20804,28,买盘
2251,11:23:42,7.43,54982,74,买盘
2252,11:23:45,7.43,10402,14,买盘
2253,11:23:48,7.43,79501,107,买盘
2254,11:23:51,7.42,115052,155,卖盘
2255,11:23:54,7.43,49781,67,买盘
2256,11:23:57,7.43,86188,116,买盘
2257,11:24:00,7.42,85345,115,卖盘
2258,11:24:03,7.43,97959,132,买盘
2259,11:24:06,7.42,7420,10,卖盘
2260,11:24:09,7.43,571453,770,买盘
2261,11:24:12,7.43,1056654,1424,买盘
2262,11:24:15,7.43,77980,105,买盘
2263,11:24:18,7.43,15603,21,买盘
2264,11:24:21,7.43,102534,138,买盘
2265,11:24:24,7.43,97969,132,买盘
2266,11:24:27,7.43,121109,163,买盘
2267,11:24:30,7.43,2227,3,买盘
2268,11:24:33,7.43,43837,59,买盘
2269,11:24:36,7.43,31165,42,买盘
2270,11:24:39,7.43,228718,308,买盘
2271,11:24:42,7.43,89853,121,买盘
2272,11:24:45,7.43,54982,74,买盘
2273,11:24:48,7.43,70584,95,买盘
2274,11:24:51,7.43,26748,36,买盘
2275,11:24:54,7.43,17089,23,买盘
2276,11:24:57,7.42,17082,23,卖盘
2277,11:25:00,7.42,742,1,卖盘
2278,11:25:03,7.43,966140,1302,买盘
2279,11:25:06,7.43,60176,81,买盘
2280,11:25:09,7.43,58697,79,买盘
2281,11:25:12,7.43,49036,66,买盘
2282,11:25:15,7.43,104763,141,买盘
2283,11:25:18,7.42,26716,36,卖盘
2284,11:25:21,7.42,578766,780,卖盘
2285,11:25:24,7.43,562217,757,买盘
2286,11:25:27,7.43,125410,169,买盘
2287,11:25:30,7.43,27463,37,买盘
2288,11:25:33,7.43,17812,24,买盘
2289,11:25:36,7.43,27470,37,买盘
2290,11:25:39,7.42,160460,216,卖盘
2291,11:25:42,7.42,135186,182,卖盘
2292,11:25:45,7.42,29696,40,卖盘
2293,11:25:48,7.42,214446,289,卖盘
2294,11:25:51,7.43,202095,272,买盘
2295,11:25:54,7.43,832594,1122,买盘
2296,11:25:57,7.42,65317,88,卖盘
2297,11:26:00,7.42,1485,2,卖盘
2298,11:26:03,7.43,23022,31,买盘
2299,11:26:06,7.43,106156,143,买盘
2300,11:26:09,7.43,15603,21,买盘
2301,11:26:12,7.43,83190,112,买盘
2302,11:26:15,7.43,50523,68,买盘
2303,11:26:18,7.43,59440,80,买盘
2304,11:26:21,7.43,98076,132,买盘
2305,11:26:24,7.43,14103,19,买盘
2306,11:26:27,7.43,93598,126,买盘
2307,11:26:30,7.43,796183,1073,买盘
2308,11:26:33,7.43,31949,43,买盘
2309,11:26:36,7.42,16343,22,卖盘
2310,11:26:39,7.43,97333,131,买盘
2311,11:26:42,7.42,63124,85,卖盘
2312,11:26:45,7.43,129268,174,买盘
2313,11:26:48,7.43,336265,453,买盘
2314,11:26:51,7.42,111343,150,卖盘
2315,11:26:54,7.43,430898,580,买盘
2316,11:26:57,7.43,21547,29,买盘
2317,11:27:00,7.43,31198,42,买盘
2318,11:27:03,7.43,97293,131,买盘
2319,11:27:06,7.43,78758,106,买盘
2320,11:27:09,7.43,20061,27,买盘
2321,11:27:12,7.42,6680,9,卖盘
2322,11:27:15,7.43,28234,38,买盘
2323,11:27:18,7.43,11145,15,买盘
2324,11:27:21,7.42,25994,35,卖盘
2325,11:27:24,7.43,71324,96,买盘
2326,11:27:27,7.43,27491,37,买盘
2327,11:27:30,7.42,8915,12,卖盘
2328,11:27:33,7.42,202608,273,卖盘
2329,11:27:36,7.42,9656,13,卖盘
2330,11:27:39,7.43,13372,18,买盘
2331,11:27:42,7.43,88310,119,买盘
2332,11:27:45,7.43,72814,98,买盘
2333,11:27:48,7.42,615509,829,卖盘
2334,11:27:51,7.43,42328,57,买盘
2335,11:27:54,7.43,104681,141,买盘
2336,11:27:57,7.42,915630,1234,卖盘
2337,11:28:00,7.42,37130,50,卖盘
2338,11:28:03,7.43,28234,38,买盘
2339,11:28:06,7.42,2227,3,卖盘
2340,11:28:09,7.43,114332,154,买盘
2341,11:28:12,7.43,82370,111,买盘
2342,11:28:15,7.43,28205,38,买盘
2343,11:28:18,7.42,143228,193,卖盘
2344,11:28:21,7.43,31934,43,买盘
2345,11:28:27,7.43,47543,64,买盘
2346,11:28:30,7.43,11888,16,买盘
2347,11:28:33,7.42,152179,205,卖盘
2348,11:28:36,7.42,172153,232,卖盘
2349,11:28:39,7.43,18570,25,买盘
2350,11:28:42,7.42,1639095,2209,卖盘
2351,11:28:45,7.43,172982,233,买盘
2352,11:28:48,7.43,16346,22,买盘
2353,11:28:51,7.43,127723,172,买盘
2354,11:28:54,7.43,134454,181,买盘
2355,11:28:57,7.42,123925,167,卖盘
2356,11:29:00,7.42,106914,144,卖盘
2357,11:29:03,7.43,25987,35,买盘
2358,11:29:06,7.43,743,1,买盘
2359,11:29:09,7.42,162525,219,卖盘
2360,11:29:12,7.42,52707,71,卖盘
2361,11:29:15,7.42,684141,922,卖盘
2362,11:29:18,7.43,195899,264,买盘
2363,11:29:21,7.42,80878,109,卖盘
2364,11:29:24,7.42,1484,2,卖盘
2365,11:29:27,7.42,35618,48,卖盘
2366,11:29:30,7.43,594408,801,买盘
2367,11:29:33,7.43,292387,394,买盘
2368,11:29:36,7.42,14112,19,卖盘
2369,11:29:39,7.43,12631,17,买盘
2370,11:29:42,7.43,52753,71,买盘
2371,11:29:45,7.42,227811,307,卖盘
2372,11:29:48,7.43,20041,27,买盘
2373,11:29:51,7.43,635258,855,买盘
2374,11:29:54,7.43,33402,45,买盘
2375,11:29:57,7.43,34173,46,买盘
2376,11:30:00,7.43,78015,105,买盘
2377,13:00:00,7.43,92110,124,买盘
2378,13:00:03,7.43,3033315,4085,买盘
2379,13:00:06,7.42,2288800,3081,卖盘
2380,13:00:09,7.43,3990421,5372,买盘
2381,13:00:12,7.42,1749502,2355,卖盘
2382,13:00:15,7.43,773730,1042,买盘
2383,13:00:18,7.43,330557,445,买盘
2384,13:00:21,7.42,247157,333,卖盘
2385,13:00:24,7.42,48230,65,卖盘
2386,13:00:27,7.43,220424,297,买盘
2387,13:00:30,7.42,179564,242,卖盘
2388,13:00:33,7.42,67532,91,卖盘
2389,13:00:36,7.43,456650,615,买盘
2390,13:00:39,7.43,51954,70,买盘
2391,13:00:42,7.43,180310,243,买盘
2392,13:00:45,7.42,218890,295,卖盘
2393,13:00:48,7.42,2226,3,卖盘
2394,13:00:51,7.42,177338,239,卖盘
2395,13:00:54,7.43,743,1,买盘
2396,13:00:57,7.42,250796,338,卖盘
2397,13:01:00,7.43,247117,333,买盘
2398,13:01:03,7.43,11888,16,买盘
2399,13:01:06,7.43,56462,76,买盘
2400,13:01:09,7.42,8163,11,卖盘
2401,13:01:12,7.42,100177,135,卖盘
2402,13:01:15,7.43,8916,12,买盘
2403,13:01:18,7.43,76431,103,买盘
2404,13:01:21,7.42,71233,96,卖盘
2405,13:01:24,7.43,314615,424,买盘
2406,13:01:27,7.43,133587,180,买盘
2407,13:01:30,7.42,31948,43,卖盘
2408,13:01:33,7.43,216685,292,买盘
2409,13:01:36,7.42,149892,202,卖盘
2410,13:01:39,7.43,31949,43,买盘
2411,13:01:42,7.43,89807,121,买盘
2412,13:01:45,7.42,112826,152,卖盘
2413,13:01:48,7.43,103154,139,买盘
2414,13:01:51,7.42,188582,254,卖盘
2415,13:01:54,7.43,25262,34,买盘
2416,13:01:57,7.42,456084,614,卖盘
2417,13:02:00,7.42,49773,67,卖盘
2418,13:02:03,7.42,14840,20,卖盘
2419,13:02:06,7.42,133560,180,卖盘
2420,13:02:09,7.43,169288,228,买盘
2421,13:02:12,7.42,135786,183,卖盘
2422,13:02:15,7.43,8173,11,买盘
2423,13:02:18,7.43,743,1,买盘
2424,13:02:21,7.43,119507,161,买盘
2425,13:02:24,7.43,102419,138,买盘
2426,13:02:27,7.42,22260,30,卖盘
2427,13:02:30,7.43,141747,191,买盘
2428,13:02:33,7.42,88299,119,卖盘
2429,13:02:36,7.42,4452,6,卖盘
2430,13:02:39,7.42,95733,129,卖盘
2431,13:02:42,7.43,2972,4,买盘
2432,13:02:45,7.43,107613,145,买盘
2433,13:02:48,7.42,97218,131,卖盘
2434,13:02:51,7.42,37888,51,卖盘
2435,13:02:54,7.43,13369,18,买盘
2436,13:02:57,7.42,152185,205,卖盘
2437,13:03:00,7.42,93502,126,卖盘
2438,13:03:03,7.43,29720,40,买盘
2439,13:03:06,7.42,659648,889,卖盘
2440,13:03:09,7.43,184141,248,买盘
2441,13:03:12,7.43,290180,391,买盘
2442,13:03:15,7.42,77913,105,卖盘
2443,13:03:21,7.43,183304,247,买盘
2444,13:03:24,7.42,71974,97,卖盘
2445,13:03:27,7.43,162535,219,买盘
2446,13:03:30,7.42,192940,260,卖盘
2447,13:03:33,7.42,58618,79,卖盘
2448,13:03:36,7.43,95001,128,买盘
2449,13:03:39,7.42,9649,13,卖盘
2450,13:03:42,7.43,86073,116,买盘
2451,13:03:45,7.43,44580,60,买盘
2452,13:03:51,7.43,92034,124,买盘
2453,13:03:54,7.43,64624,87,买盘
2454,13:03:57,7.43,94241,127,买盘
2455,13:04:00,7.42,77170,104,卖盘
2456,13:04:03,7.42,39376,53,卖盘
2457,13:04:06,7.42,34132,46,卖盘
2458,13:04:09,7.43,152954,206,买盘
2459,13:04:12,7.43,11145,15,买盘
2460,13:04:15,7.43,3413977,4601,买盘
2461,13:04:18,7.43,47517,64,买盘
2462,13:04:21,7.43,38636,52,买盘
2463,13:04:24,7.43,168617,227,买盘
2464,13:04:27,7.42,1049930,1415,卖盘
2465,13:04:30,7.42,347440,468,卖盘
2466,13:04:33,7.42,298393,402,卖盘
2467,13:04:36,7.43,51219,69,买盘
2468,13:04:39,7.42,677325,912,卖盘
2469,13:04:42,7.42,41553,56,卖盘
2470,13:04:45,7.43,119544,161,买盘
2471,13:04:48,7.43,293125,395,买盘
2472,13:04:51,7.43,126926,171,买盘
2473,13:04:54,7.43,132091,178,买盘
2474,13:04:57,7.42,133600,180,卖盘
2475,13:05:00,7.42,309474,417,卖盘
2476,13:05:03,7.42,737553,994,卖盘
2477,13:05:06,7.42,556756,750,卖盘
2478,13:05:09,7.42,151368,204,卖盘
2479,13:05:12,7.42,148401,200,卖盘
2480,13:05:15,7.42,127626,172,卖盘
2481,13:05:18,7.42,369544,498,卖盘
2482,13:05:21,7.43,135833,183,买盘
2483,13:05:24,7.42,114275,154,卖盘
2484,13:05:27,7.42,66780,90,卖盘
2485,13:05:30,7.42,276030,372,卖盘
2486,13:05:33,7.43,156765,211,买盘
2487,13:05:36,7.43,150669,203,买盘
2488,13:05:39,7.42,220430,297,卖盘
2489,13:05:42,7.42,115080,155,卖盘
2490,13:05:45,7.42,243476,328,卖盘
2491,13:05:48,7.43,49038,66,买盘
2492,13:05:51,7.42,186337,251,卖盘
2493,13:05:54,7.43,164054,221,买盘
2494,13:05:57,7.42,142475,192,卖盘
2495,13:06:00,7.42,125406,169,卖盘
2496,13:06:03,7.42,5194,7,卖盘
2497,13:06:06,7.42,77172,104,卖盘
2498,13:06:09,7.43,53429,72,买盘
2499,13:06:12,7.43,57884,78,买盘
2500,13:06:15,7.43,63089,85,买盘
2501,13:06:18,7.43,200345,270,买盘
2502,13:06:21,7.43,81663,110,买盘
2503,13:06:24,7.43,77951,105,买盘
2504,13:06:27,7.43,31206,42,买盘
2505,13:06:30,7.43,124683,168,买盘
2506,13:06:33,7.43,83873,113,买盘
2507,13:06:36,7.42,25971,35,卖盘
2508,13:06:39,7.43,54919,74,买盘
2509,13:06:42,7.43,74971,101,买盘
2510,13:06:45,7.43,743,1,买盘
2511,13:06:48,7.43,80180,108,买盘
2512,13:06:51,7.43,81664,110,买盘
2513,13:06:54,7.43,52010,70,买盘
2514,13:06:57,7.43,120291,162,买盘
2515,13:07:00,7.42,74971,101,卖盘
2516,13:07:03,7.43,2972,4,买盘
2517,13:07:06,7.43,116596,157,买盘
2518,13:07:09,7.42,1078899,1454,卖盘
2519,13:07:12,7.43,743,1,买盘
2520,13:07:15,7.43,357012,481,买盘
2521,13:07:18,7.42,113547,153,卖盘
2522,13:07:21,7.43,18575,25,买盘
2523,13:07:24,7.43,372711,502,买盘
2524,13:07:27,7.43,86090,116,买盘
2525,13:07:30,7.42,77190,104,卖盘
2526,13:07:33,7.43,15595,21,买盘
2527,13:07:36,7.43,92045,124,买盘
2528,13:07:39,7.42,112109,151,卖盘
2529,13:07:42,7.43,28943,39,买盘
2530,13:07:45,7.42,168436,227,卖盘
2531,13:07:48,7.43,273812,369,买盘
2532,13:07:51,7.43,137300,185,买盘
2533,13:07:54,7.42,179565,242,卖盘
2534,13:07:57,7.43,46809,63,买盘
2535,13:08:00,7.43,44523,60,买盘
2536,13:08:03,7.42,151406,204,卖盘
2537,13:08:06,7.42,163243,220,卖盘
2538,13:08:09,7.43,199788,269,买盘
2539,13:08:12,7.43,1486,2,买盘
2540,13:08:15,7.43,94306,127,买盘
2541,13:08:18,7.43,77244,104,买盘
2542,13:08:21,7.43,126255,170,买盘
2543,13:08:24,7.43,96509,130,买盘
2544,13:08:27,7.42,390293,526,卖盘
2545,13:08:30,7.42,84645,114,卖盘
2546,13:08:33,7.43,97227,131,买盘
2547,13:08:36,7.42,300861,405,卖盘
2548,13:08:39,7.43,158948,214,买盘
2549,13:08:42,7.43,14110,19,买盘
2550,13:08:45,7.43,744263,1003,买盘
2551,13:08:48,7.43,29706,40,买盘
2552,13:08:51,7.43,159688,215,买盘
2553,13:08:54,7.42,42297,57,卖盘
2554,13:08:57,7.42,20803,28,卖盘
2555,13:09:00,7.42,179010,241,卖盘
2556,13:09:03,7.43,120364,162,买盘
2557,13:09:06,7.43,69039,93,买盘
2558,13:09:09,7.43,174602,235,买盘
2559,13:09:12,7.43,148542,200,买盘
2560,13:09:15,7.43,2972,4,买盘
2561,13:09:18,7.43,80928,109,买盘
2562,13:09:21,7.43,120306,162,买盘
2563,13:09:24,7.43,9659,13,买盘
2564,13:09:27,7.43,424672,572,买盘
2565,13:09:30,7.42,89075,120,卖盘
2566,13:09:33,7.43,182033,245,买盘
2567,13:09:36,7.43,100248,135,买盘
2568,13:09:39,7.43,86917,117,买盘
2569,13:09:42,7.43,135910,183,买盘
2570,13:09:45,7.43,75779,102,买盘
2571,13:09:48,7.43,105437,142,买盘
2572,13:09:51,7.43,147043,198,买盘
2573,13:09:54,7.43,743,1,买盘
2574,13:09:57,7.43,794948,1070,买盘
2575,13:10:00,7.42,114414,154,卖盘
2576,13:10:03,7.43,22270,30,买盘
2577,13:10:06,7.42,115789,156,卖盘
2578,13:10:09,7.43,386360,520,买盘
2579,13:10:12,7.43,195409,263,买盘
2580,13:10:15,7.43,534960,720,买盘
2581,13:10:18,7.43,89903,121,买盘
2582,13:10:21,7.43,211646,285,买盘
2583,13:10:24,7.43,52713,71,买盘
2584,13:10:27,7.43,334772,451,买盘
2585,13:10:30,7.42,90545,122,卖盘
2586,13:10:33,7.43,109120,147,买盘
2587,13:10:36,7.43,118045,159,买盘
2588,13:10:39,7.43,26748,36,买盘
2589,13:10:42,7.43,93523,126,买盘
2590,13:10:45,7.43,109080,147,买盘
2591,13:10:48,7.43,429429,578,买盘
2592,13:10:51,7.42,134354,181,卖盘
2593,13:10:54,7.43,119523,161,买盘
2594,13:10:57,7.43,60173,81,买盘
2595,13:11:00,7.42,123929,167,卖盘
2596,13:11:03,7.43,75786,102,买盘
2597,13:11:06,7.43,72001,97,买盘
2598,13:11:09,7.42,110620,149,卖盘
2599,13:11:12,7.43,61669,83,买盘
2600,13:11:15,7.43,92787,125,买盘
2601,13:11:18,7.43,137384,185,买盘
2602,13:11:21,7.42,261354,352,卖盘
2603,13:11:24,7.43,28966,39,买盘
2604,13:11:27,7.43,424497,572,买盘
2605,13:11:30,7.42,112122,151,卖盘
2606,13:11:33,7.43,35664,48,买盘
2607,13:11:36,7.43,92060,124,买盘
2608,13:11:39,7.43,98819,133,买盘
2609,13:11:42,7.42,150637,203,卖盘
2610,13:11:45,7.43,259894,350,买盘
2611,13:11:48,7.43,28234,38,买盘
2612,13:11:51,7.42,282742,381,卖盘
2613,13:11:54,7.43,895980,1206,买盘
2614,13:11:57,7.43,216887,292,买盘
2615,13:12:00,7.43,34178,46,买盘
2616,13:12:03,7.43,2969,4,买盘
2617,13:12:06,7.43,163364,220,买盘
2618,13:12:09,7.43,514085,692,买盘
2619,13:12:12,7.43,743,1,买盘
2620,13:12:15,7.43,79419,107,买盘
2621,13:12:18,7.43,171558,231,买盘
2622,13:12:21,7.43,40865,55,买盘
2623,13:12:24,7.42,81643,110,卖盘
2624,13:12:27,7.43,60925,82,买盘
2625,13:12:30,7.42,88341,119,卖盘
2626,13:12:33,7.43,121002,163,买盘
2627,13:12:36,7.43,105506,142,买盘
2628,13:12:39,7.43,62341,84,买盘
2629,13:12:42,7.43,75717,102,买盘
2630,13:12:45,7.43,140996,190,买盘
2631,13:12:48,7.43,73479,99,买盘
2632,13:12:51,7.43,50524,68,买盘
2633,13:12:54,7.43,272334,367,买盘
2634,13:12:57,7.43,18575,25,买盘
2635,13:13:00,7.42,79425,107,卖盘
2636,13:13:03,7.43,110707,149,买盘
2637,13:13:06,7.42,149213,201,卖盘
2638,13:13:09,7.43,10402,14,买盘
2639,13:13:12,7.42,1001464,1348,卖盘
2640,13:13:15,7.42,77178,104,卖盘
2641,13:13:18,7.43,161970,218,买盘
2642,13:13:21,7.42,180430,243,卖盘
2643,13:13:24,7.42,26718,36,卖盘
2644,13:13:27,7.43,395789,533,买盘
2645,13:13:30,7.42,122436,165,卖盘
2646,13:13:33,7.43,146919,198,买盘
2647,13:13:36,7.42,132081,178,卖盘
2648,13:13:39,7.42,30424,41,卖盘
2649,13:13:42,7.43,76437,103,买盘
2650,13:13:45,7.42,106137,143,卖盘
2651,13:13:48,7.43,31185,42,买盘
2652,13:13:51,7.42,124699,168,卖盘
2653,13:13:54,7.43,33435,45,买盘
2654,13:13:57,7.43,100914,136,买盘
2655,13:14:00,7.42,105365,142,卖盘
2656,13:14:03,7.42,348811,470,卖盘
2657,13:14:06,7.42,101764,137,卖盘
2658,13:14:09,7.42,95733,129,卖盘
2659,13:14:12,7.42,211475,285,卖盘
2660,13:14:15,7.43,520167,701,买盘
2661,13:14:18,7.42,354910,478,卖盘
2662,13:14:21,7.42,70530,95,卖盘
2663,13:14:24,7.42,96461,130,卖盘
2664,13:14:27,7.43,743,1,买盘
2665,13:14:30,7.42,88303,119,卖盘
2666,13:14:33,7.43,97228,131,买盘
2667,13:14:36,7.43,43835,59,买盘
2668,13:14:39,7.43,97966,132,买盘
2669,13:14:42,7.43,168560,227,买盘
2670,13:14:45,7.42,86083,116,卖盘
2671,13:14:48,7.42,90536,122,卖盘
2672,13:14:51,7.42,199599,269,卖盘
2673,13:14:54,7.42,96465,130,卖盘
2674,13:14:57,7.42,447109,602,卖盘
2675,13:15:00,7.43,467488,630,买盘
2676,13:15:03,7.43,67606,91,买盘
2677,13:15:06,7.43,106877,144,买盘
2678,13:15:09,7.42,83109,112,卖盘
2679,13:15:12,7.42,89850,121,卖盘
2680,13:15:15,7.43,578793,780,买盘
2681,13:15:18,7.43,14117,19,买盘
2682,13:15:21,7.42,120256,162,卖盘
2683,13:15:24,7.43,27484,37,买盘
2684,13:15:27,7.43,25249,34,买盘
2685,13:15:30,7.42,88299,119,卖盘
2686,13:15:33,7.43,11145,15,买盘
2687,13:15:36,7.43,94977,128,买盘
2688,13:15:39,7.43,80148,108,买盘
2689,13:15:42,7.43,11145,15,买盘
2690,13:15:45,7.42,461646,622,卖盘
2691,13:15:48,7.42,163327,220,卖盘
2692,13:15:51,7.43,42351,57,买盘
2693,13:15:54,7.42,138050,186,卖盘
2694,13:15:57,7.43,2229,3,买盘
2695,13:16:00,7.43,102417,138,买盘
2696,13:16:03,7.42,105445,142,卖盘
2697,13:16:06,7.43,23033,31,买盘
2698,13:16:09,7.43,71251,96,买盘
2699,13:16:12,7.43,743,1,买盘
2700,13:16:15,7.43,124759,168,买盘
2701,13:16:18,7.43,130703,176,买盘
2702,13:16:21,7.42,101684,137,卖盘
2703,13:16:24,7.43,14860,20,买盘
2704,13:16:27,7.43,5283108,7120,买盘
2705,13:16:30,7.42,51200,69,卖盘
2706,13:16:33,7.43,113629,153,买盘
2707,13:16:36,7.43,64579,87,买盘
2708,13:16:39,7.43,116588,157,买盘
2709,13:16:42,7.43,135226,182,买盘
2710,13:16:45,7.42,47488,64,卖盘
2711,13:16:48,7.43,231012,311,买盘
2712,13:16:51,7.43,15603,21,买盘
2713,13:16:54,7.43,84593,114,买盘
2714,13:16:57,7.42,89081,120,卖盘
2715,13:17:00,7.42,20803,28,卖盘
2716,13:17:03,7.42,25228,34,卖盘
2717,13:17:06,7.42,126153,170,卖盘
2718,13:17:09,7.42,5937,8,卖盘
2719,13:17:12,7.42,133580,180,卖盘
2720,13:17:15,7.43,125404,169,买盘
2721,13:17:18,7.43,112055,151,买盘
2722,13:17:21,7.43,84613,114,买盘
2723,13:17:24,7.43,5201,7,买盘
2724,13:17:27,7.42,350234,472,卖盘
2725,13:17:30,7.43,123927,167,买盘
2726,13:17:33,7.43,21537,29,买盘
2727,13:17:36,7.43,129189,174,买盘
2728,13:17:39,7.43,5944,8,买盘
2729,13:17:42,7.42,71975,97,卖盘
2730,13:17:45,7.42,208507,281,卖盘
2731,13:17:48,7.43,5201,7,买盘
2732,13:17:51,7.43,123184,166,买盘
2733,13:17:54,7.42,42294,57,卖盘
2734,13:17:57,7.43,87561,118,买盘
2735,13:18:00,7.42,112796,152,卖盘
2736,13:18:03,7.42,25970,35,卖盘
2737,13:18:06,7.43,159631,215,买盘
2738,13:18:09,7.42,17076,23,卖盘
2739,13:18:12,7.42,103930,140,卖盘
2740,13:18:15,7.43,9659,13,买盘
2741,13:18:18,7.42,87574,118,卖盘
2742,13:18:21,7.43,27491,37,买盘
2743,13:18:24,7.43,72723,98,买盘
2744,13:18:27,7.43,184168,248,买盘
2745,13:18:30,7.42,87671,118,卖盘
2746,13:18:33,7.43,102427,138,买盘
2747,13:18:36,7.42,275292,371,卖盘
2748,13:18:39,7.43,316309,426,买盘
2749,13:18:42,7.42,141727,191,卖盘
2750,13:18:45,7.43,156678,211,买盘
2751,13:18:48,7.42,298294,402,卖盘
2752,13:18:51,7.42,329501,444,卖盘
2753,13:18:54,7.42,519541,700,卖盘
2754,13:18:57,7.42,305016,411,卖盘
2755,13:19:00,7.43,442993,597,买盘
2756,13:19:03,7.42,1251072,1686,卖盘
2757,13:19:06,7.42,949020,1279,卖盘
2758,13:19:09,7.42,209244,282,卖盘
2759,13:19:12,7.42,1553753,2094,卖盘
2760,13:19:15,7.42,1497369,2018,卖盘
2761,13:19:18,7.42,497146,670,卖盘
2762,13:19:21,7.43,187014,252,买盘
2763,13:19:24,7.42,103138,139,卖盘
2764,13:19:27,7.42,848848,1144,卖盘
2765,13:19:30,7.42,174378,235,卖盘
2766,13:19:33,7.43,97304,131,买盘
2767,13:19:36,7.42,185500,250,卖盘
2768,13:19:39,7.42,123914,167,卖盘
2769,13:19:42,7.43,664852,896,买盘
2770,13:19:45,7.42,443721,598,卖盘
2771,13:19:48,7.43,189354,255,买盘
2772,13:19:51,7.42,1960395,2642,卖盘
2773,13:19:54,7.42,253764,342,卖盘
2774,13:19:57,7.42,395486,533,卖盘
2775,13:20:00,7.42,666791,899,卖盘
2776,13:20:03,7.42,293091,395,卖盘
2777,13:20:06,7.42,224084,302,卖盘
2778,13:20:09,7.42,1200559,1618,卖盘
2779,13:20:12,7.42,959406,1293,卖盘
2780,13:20:15,7.42,115761,156,卖盘
2781,13:20:18,7.42,1420346,1913,卖盘
2782,13:20:21,7.43,162586,219,买盘
2783,13:20:24,7.42,170691,230,卖盘
2784,13:20:27,7.42,109816,148,卖盘
2785,13:20:30,7.42,112052,151,卖盘
2786,13:20:33,7.43,1458032,1965,买盘
2787,13:20:36,7.42,4736193,6383,卖盘
2788,13:20:39,7.42,920549,1241,卖盘
2789,13:20:42,7.42,430558,581,买盘
2790,13:20:45,7.42,89722,121,买盘
2791,13:20:48,7.42,172800,233,买盘
2792,13:20:51,7.42,46746,63,买盘
2793,13:20:54,7.42,103081,139,买盘
2794,13:20:57,7.42,83044,112,买盘
2795,13:21:00,7.41,195132,263,卖盘
2796,13:21:03,7.42,519651,701,买盘
2797,13:21:06,7.42,34874,47,买盘
2798,13:21:09,7.42,1137486,1533,买盘
2799,13:21:12,7.42,166124,224,买盘
2800,13:21:15,7.42,45251,61,买盘
2801,13:21:18,7.42,142330,192,买盘
2802,13:21:21,7.41,82280,111,卖盘
2803,13:21:24,7.42,20756,28,买盘
2804,13:21:27,7.41,68922,93,卖盘
2805,13:21:30,7.42,389550,525,买盘
2806,13:21:33,7.42,65953,89,买盘
2807,13:21:36,7.41,124573,168,卖盘
2808,13:21:42,7.41,228448,308,卖盘
2809,13:21:45,7.42,19292,26,买盘
2810,13:21:48,7.42,74116,100,买盘
2811,13:21:51,7.42,151223,204,买盘
2812,13:21:54,7.42,329088,444,买盘
2813,13:21:57,7.41,741,1,卖盘
2814,13:22:00,7.41,131908,178,卖盘
2815,13:22:03,7.41,145271,196,卖盘
2816,13:22:06,7.42,256449,346,买盘
2817,13:22:09,7.42,1484,2,买盘
2818,13:22:12,7.42,85983,116,买盘
2819,13:22:15,7.41,1960570,2643,卖盘
2820,13:22:18,7.42,60837,82,买盘
2821,13:22:21,7.42,79300,107,买盘
2822,13:22:24,7.42,9638,13,买盘
2823,13:22:27,7.42,136432,184,买盘
2824,13:22:30,7.41,147484,199,卖盘
2825,13:22:33,7.42,126079,170,买盘
2826,13:22:36,7.42,146821,198,买盘
2827,13:22:39,7.42,24483,33,买盘
2828,13:22:42,7.41,130477,176,卖盘
2829,13:22:45,7.41,86705,117,卖盘
2830,13:22:48,7.41,107457,145,卖盘
2831,13:22:51,7.41,5187,7,卖盘
2832,13:22:54,7.41,134862,182,卖盘
2833,13:22:57,7.42,134948,182,买盘
2834,13:23:00,7.42,119366,161,买盘
2835,13:23:03,7.41,88197,119,卖盘
2836,13:23:06,7.42,56317,76,买盘
2837,13:23:09,7.41,12600,17,卖盘
2838,13:23:12,7.42,235875,318,买盘
2839,13:23:15,7.42,94861,128,买盘
2840,13:23:18,7.42,104522,141,买盘
2841,13:23:21,7.41,170541,230,卖盘
2842,13:23:24,7.42,166920,225,买盘
2843,13:23:27,7.42,244733,330,买盘
2844,13:23:30,7.42,436534,589,买盘
2845,13:23:33,7.42,77847,105,买盘
2846,13:23:36,7.42,128235,173,买盘
2847,13:23:39,7.42,245361,331,买盘
2848,13:23:42,7.42,183936,248,买盘
2849,13:23:45,7.41,66701,90,卖盘
2850,13:23:48,7.42,19292,26,买盘
2851,13:23:51,7.42,140161,189,买盘
2852,13:23:54,7.42,247540,334,买盘
2853,13:23:57,7.41,105985,143,卖盘
2854,13:24:00,7.42,1707058,2301,买盘
2855,13:24:03,7.41,60809,82,卖盘
2856,13:24:06,7.42,36337,49,买盘
2857,13:24:09,7.41,372740,503,卖盘
2858,13:24:12,7.42,160900,217,买盘
2859,13:24:15,7.41,203933,275,卖盘
2860,13:24:18,7.41,88294,119,卖盘
2861,13:24:21,7.42,114915,155,买盘
2862,13:24:24,7.42,8162,11,买盘
2863,13:24:27,7.42,115622,156,买盘
2864,13:24:30,7.41,83734,113,卖盘
2865,13:24:33,7.42,70490,95,买盘
2866,13:24:36,7.41,266288,359,卖盘
2867,13:24:39,7.41,14820,20,卖盘
2868,13:24:42,7.42,113428,153,买盘
2869,13:24:45,7.41,98569,133,卖盘
2870,13:24:48,7.42,72716,98,买盘
2871,13:24:51,7.42,130500,176,买盘
2872,13:24:54,7.42,809262,1092,买盘
2873,13:24:57,7.41,114855,155,卖盘
2874,13:25:00,7.42,111907,151,买盘
2875,13:25:03,7.41,122402,165,卖盘
2876,13:25:06,7.41,300137,405,卖盘
2877,13:25:09,7.42,117838,159,买盘
2878,13:25:12,7.41,172683,233,卖盘
2879,13:25:15,7.42,168243,227,买盘
2880,13:25:18,7.42,221730,299,买盘
2881,13:25:21,7.42,130492,176,买盘
2882,13:25:24,7.42,147529,199,买盘
2883,13:25:27,7.42,141586,191,买盘
2884,13:25:30,7.41,43747,59,卖盘
2885,13:25:33,7.42,249059,336,买盘
2886,13:25:36,7.42,185255,250,买盘
2887,13:25:39,7.41,166733,225,卖盘
2888,13:25:42,7.42,580395,783,买盘
2889,13:25:45,7.42,268307,362,买盘
2890,13:25:48,7.41,122275,165,卖盘
2891,13:25:51,7.41,203072,274,卖盘
2892,13:25:54,7.41,14820,20,卖盘
2893,13:25:57,7.41,223101,301,卖盘
2894,13:26:03,7.41,126711,171,卖盘
2895,13:26:06,7.41,98571,133,卖盘
2896,13:26:09,7.41,48168,65,卖盘
2897,13:26:12,7.42,140880,190,买盘
2898,13:26:15,7.41,89690,121,卖盘
2899,13:26:18,7.41,202301,273,卖盘
2900,13:26:21,7.41,142433,192,卖盘
2901,13:26:24,7.42,51132,69,买盘
2902,13:26:27,7.41,47425,64,卖盘
2903,13:26:30,7.41,79332,107,卖盘
2904,13:26:33,7.42,284592,384,买盘
2905,13:26:36,7.41,77069,104,卖盘
2906,13:26:39,7.41,427572,577,卖盘
2907,13:26:42,7.42,63045,85,买盘
2908,13:26:45,7.42,463155,625,买盘
2909,13:26:48,7.41,79293,107,卖盘
2910,13:26:51,7.42,563609,760,买盘
2911,13:26:54,7.42,2461848,3318,买盘
2912,13:26:57,7.41,62264,84,卖盘
2913,13:27:00,7.42,20034,27,买盘
2914,13:27:03,7.41,5928,8,卖盘
2915,13:27:06,7.42,174250,235,买盘
2916,13:27:09,7.42,101537,137,买盘
2917,13:27:12,7.42,143203,193,买盘
2918,13:27:15,7.42,189061,255,买盘
2919,13:27:18,7.41,17063,23,卖盘
2920,13:27:21,7.42,134191,181,买盘
2921,13:27:24,7.42,93437,126,买盘
2922,13:27:27,7.42,313002,422,买盘
2923,13:27:30,7.42,191925,259,买盘
2924,13:27:33,7.42,115007,155,买盘
2925,13:27:36,7.42,99317,134,买盘
2926,13:27:39,7.41,161549,218,卖盘
2927,13:27:42,7.42,192134,259,买盘
2928,13:27:45,7.42,188354,254,买盘
2929,13:27:48,7.42,40065,54,买盘
2930,13:27:51,7.41,471452,636,卖盘
2931,13:27:54,7.42,134185,181,买盘
2932,13:27:57,7.41,48220,65,卖盘
2933,13:28:00,7.41,126765,171,卖盘
2934,13:28:03,7.42,58595,79,买盘
2935,13:28:06,7.42,5194,7,买盘
2936,13:28:09,7.42,108193,146,买盘
2937,13:28:12,7.42,801792,1082,买盘
2938,13:28:15,7.42,27452,37,买盘
2939,13:28:18,7.42,100809,136,买盘
2940,13:28:21,7.41,174916,236,卖盘
2941,13:28:24,7.42,114975,155,买盘
2942,13:28:27,7.42,1133990,1529,买盘
2943,13:28:30,7.42,255686,345,买盘
2944,13:28:33,7.42,390292,526,买盘
2945,13:28:36,7.41,1231675,1660,卖盘
2946,13:28:39,7.42,40809,55,买盘
2947,13:28:42,7.41,145312,196,卖盘
2948,13:28:45,7.42,95718,129,买盘
2949,13:28:48,7.42,312716,422,买盘
2950,13:28:51,7.42,70490,95,买盘
2951,13:28:54,7.42,99321,134,买盘
2952,13:28:57,7.41,89689,121,卖盘
2953,13:29:00,7.42,29679,40,买盘
2954,13:29:03,7.42,1303429,1759,买盘
2955,13:29:06,7.41,276542,373,卖盘
2956,13:29:09,7.42,56386,76,买盘
2957,13:29:12,7.41,1020658,1376,卖盘
2958,13:29:15,7.42,81563,110,买盘
2959,13:29:18,7.42,25965,35,买盘
2960,13:29:21,7.42,23002,31,买盘
2961,13:29:24,7.42,37100,50,买盘
2962,13:29:27,7.42,50449,68,买盘
2963,13:29:30,7.42,18549,25,买盘
2964,13:29:33,7.42,2038270,2747,买盘
2965,13:29:36,7.42,188433,254,买盘
2966,13:29:39,7.42,3898448,5254,买盘
2967,13:29:42,7.42,808772,1090,买盘
2968,13:29:45,7.42,316092,426,买盘
2969,13:29:48,7.42,356902,481,买盘
2970,13:29:51,7.42,1347185,1816,买盘
2971,13:29:54,7.42,210733,284,卖盘
2972,13:29:57,7.42,165466,223,卖盘
2973,13:30:00,7.43,76428,103,买盘
2974,13:30:03,7.42,62344,84,卖盘
2975,13:30:06,7.42,25229,34,卖盘
2976,13:30:09,7.42,10388,14,卖盘
2977,13:30:12,7.43,188503,254,买盘
2978,13:30:15,7.42,398462,537,卖盘
2979,13:30:18,7.42,28211,38,卖盘
2980,13:30:21,7.43,66045,89,买盘
2981,13:30:24,7.42,129169,174,卖盘
2982,13:30:27,7.43,7423,10,买盘
2983,13:30:30,7.42,23018,31,卖盘
2984,13:30:33,7.43,72029,97,买盘
2985,13:30:36,7.42,210728,284,卖盘
2986,13:30:39,7.42,212212,286,卖盘
2987,13:30:42,7.42,71232,96,卖盘
2988,13:30:45,7.42,63827,86,卖盘
2989,13:30:48,7.42,42316,57,卖盘
2990,13:30:51,7.43,86092,116,买盘
2991,13:30:57,7.42,85330,115,卖盘
2992,13:31:00,7.42,106851,144,卖盘
2993,13:31:03,7.43,80156,108,买盘
2994,13:31:06,7.42,742,1,卖盘
2995,13:31:09,7.42,196640,265,卖盘
2996,13:31:12,7.42,371001,500,卖盘
2997,13:31:15,7.42,776882,1047,卖盘
2998,13:31:18,7.42,560232,755,卖盘
2999,13:31:21,7.42,195925,264,卖盘
3000,13:31:24,7.43,2972,4,买盘
3001,13:31:27,7.42,119462,161,卖盘
3002,13:31:30,7.42,5029276,6778,卖盘
3003,13:31:33,7.42,147925,199,卖盘
3004,13:31:36,7.41,1284153,1733,卖盘
3005,13:31:39,7.41,220225,297,卖盘
3006,13:31:42,7.41,65955,89,卖盘
3007,13:31:45,7.42,18550,25,买盘
3008,13:31:48,7.42,153504,207,买盘
3009,13:31:51,7.42,261583,353,买盘
3010,13:31:54,7.42,37100,50,买盘
3011,13:31:57,7.42,79294,107,买盘
3012,13:32:00,7.42,76343,103,买盘
3013,13:32:03,7.42,60844,82,买盘
3014,13:32:06,7.41,64469,87,卖盘
3015,13:32:09,7.42,160200,216,买盘
3016,13:32:12,7.42,96355,130,买盘
3017,13:32:15,7.42,71881,97,买盘
3018,13:32:18,7.42,9646,13,买盘
3019,13:32:21,7.42,69670,94,买盘
3020,13:32:24,7.41,106724,144,卖盘
3021,13:32:27,7.42,52675,71,买盘
3022,13:32:30,7.41,74101,100,卖盘
3023,13:32:33,7.42,4452,6,买盘
3024,13:32:36,7.41,79309,107,卖盘
3025,13:32:39,7.41,60031,81,卖盘
3026,13:32:42,7.42,61508,83,买盘
3027,13:32:45,7.42,74854,101,买盘
3028,13:32:48,7.41,112763,152,卖盘
3029,13:32:51,7.41,113416,153,卖盘
3030,13:32:54,7.41,92665,125,卖盘
3031,13:32:57,7.42,1484,2,买盘
3032,13:33:00,7.41,69674,94,卖盘
3033,13:33:03,7.41,217895,294,卖盘
3034,13:33:06,7.41,123758,167,卖盘
3035,13:33:09,7.41,97872,132,卖盘
3036,13:33:12,7.41,11115,15,卖盘
3037,13:33:15,7.42,80042,108,买盘
3038,13:33:18,7.41,406127,548,卖盘
3039,13:33:21,7.42,71891,97,买盘
3040,13:33:24,7.42,91896,124,买盘
3041,13:33:27,7.42,85996,116,买盘
3042,13:33:30,7.41,242463,327,卖盘
3043,13:33:33,7.42,192670,260,买盘
3044,13:33:36,7.41,404587,546,卖盘
3045,13:33:39,7.41,67492,91,卖盘
3046,13:33:42,7.42,93406,126,买盘
3047,13:33:45,7.42,77835,105,买盘
3048,13:33:48,7.42,20776,28,买盘
3049,13:33:51,7.42,54165,73,买盘
3050,13:33:54,7.42,5192,7,买盘
3051,13:33:57,7.42,62257,84,买盘
3052,13:34:00,7.41,21506,29,卖盘
3053,13:34:03,7.41,176371,238,卖盘
3054,13:34:06,7.42,27441,37,买盘
3055,13:34:09,7.42,82255,111,买盘
3056,13:34:12,7.42,1188974,1604,买盘
3057,13:34:15,7.42,145993,197,买盘
3058,13:34:18,7.41,129700,175,卖盘
3059,13:34:21,7.42,1308678,1766,买盘
3060,13:34:24,7.41,383839,518,卖盘
3061,13:34:27,7.41,191279,258,卖盘
3062,13:34:30,7.41,191923,259,卖盘
3063,13:34:33,7.42,280934,379,买盘
3064,13:34:36,7.41,25935,35,卖盘
3065,13:34:39,7.42,146811,198,买盘
3066,13:34:42,7.41,140131,189,卖盘
3067,13:34:45,7.42,158762,214,买盘
3068,13:34:48,7.41,153393,207,卖盘
3069,13:34:51,7.42,24480,33,买盘
3070,13:34:54,7.42,198007,267,买盘
3071,13:34:57,7.42,79394,107,买盘
3072,13:35:00,7.41,334333,451,卖盘
3073,13:35:03,7.41,105990,143,卖盘
3074,13:35:06,7.41,268383,362,卖盘
3075,13:35:09,7.41,131157,177,卖盘
3076,13:35:12,7.42,802536,1083,买盘
3077,13:35:15,7.41,127496,172,卖盘
3078,13:35:18,7.42,151956,205,买盘
3079,13:35:21,7.41,352035,475,卖盘
3080,13:35:24,7.42,98559,133,买盘
3081,13:35:27,7.41,137087,185,卖盘
3082,13:35:30,7.42,31137,42,买盘
3083,13:35:33,7.42,266942,360,买盘
3084,13:35:36,7.41,28899,39,卖盘
3085,13:35:39,7.42,92647,125,买盘
3086,13:35:42,7.41,223163,301,卖盘
3087,13:35:45,7.41,33345,45,卖盘
3088,13:35:48,7.42,171314,231,买盘
3089,13:35:51,7.42,128995,174,买盘
3090,13:35:54,7.42,42294,57,买盘
3091,13:35:57,7.41,361181,487,卖盘
3092,13:36:00,7.41,194324,262,卖盘
3093,13:36:03,7.41,54834,74,卖盘
3094,13:36:06,7.42,83023,112,买盘
3095,13:36:09,7.41,104485,141,卖盘
3096,13:36:12,7.42,46746,63,买盘
3097,13:36:15,7.42,108958,147,买盘
3098,13:36:18,7.41,1606032,2166,卖盘
3099,13:36:21,7.42,25228,34,买盘
3100,13:36:24,7.42,112705,152,买盘
3101,13:36:27,7.42,3710,5,买盘
3102,13:36:30,7.42,143064,193,买盘
3103,13:36:33,7.41,117827,159,卖盘
3104,13:36:36,7.41,174295,235,卖盘
3105,13:36:39,7.41,188219,254,卖盘
3106,13:36:42,7.42,1484,2,买盘
3107,13:36:45,7.41,68914,93,卖盘
3108,13:36:48,7.42,185416,250,买盘
3109,13:36:51,7.42,87506,118,买盘
3110,13:36:54,7.42,60770,82,买盘
3111,13:36:57,7.42,43771,59,买盘
3112,13:37:00,7.41,311263,420,卖盘
3113,13:37:03,7.41,44460,60,卖盘
3114,13:37:06,7.42,113402,153,买盘
3115,13:37:09,7.42,13356,18,买盘
3116,13:37:12,7.42,232775,314,买盘
3117,13:37:15,7.42,60045,81,买盘
