,成交时间,成交价格,成交金额,成交量,性质
0,09:25:01,20.0,29798000,14899,卖盘
1,09:30:00,20.0,10007294,5006,买盘
2,09:30:04,19.99,6532670,3269,中性盘
3,09:30:06,19.99,14562149,7288,买盘
4,09:30:09,20.0,14315298,7163,买盘
5,09:30:12,19.97,4045681,2027,中性盘
6,09:30:15,19.98,3290125,1648,买盘
7,09:30:18,19.95,2992280,1499,卖盘
8,09:30:21,19.97,6977996,3494,买盘
9,09:30:24,19.93,3600147,1805,卖盘
10,09:30:27,19.9,7786482,3910,卖盘
11,09:30:30,19.9,5155659,2590,卖盘
12,09:30:33,19.89,5545316,2788,卖盘
13,09:30:36,19.87,9746190,4902,卖盘
14,09:30:39,19.87,8723232,4391,买盘
15,09:30:42,19.85,4774295,2404,卖盘
16,09:30:45,19.85,5645717,2844,卖盘
17,09:30:48,19.84,3400763,1714,卖盘
18,09:30:51,19.83,2069747,1043,卖盘
19,09:30:54,19.84,5527591,2785,买盘
20,09:30:57,19.85,10665274,5366,中性盘
21,09:31:00,19.85,10886574,5482,买盘
22,09:31:03,19.84,8280597,4172,卖盘
23,09:31:06,19.84,2569349,1294,卖盘
24,09:31:09,19.85,1521012,766,买盘
25,09:31:12,19.88,5840023,2942,买盘
26,09:31:15,19.93,6822408,3434,买盘
27,09:31:18,19.9,1939252,975,卖盘
28,09:31:21,19.9,1296742,652,卖盘
29,09:31:24,19.92,2019936,1015,买盘
30,09:31:27,19.9,4485211,2253,卖盘
31,09:31:30,19.9,2986628,1501,买盘
32,09:31:33,19.89,5429561,2730,卖盘
33,09:31:36,19.88,6544714,3291,卖盘
34,09:31:39,19.9,2681198,1348,买盘
35,09:31:42,19.91,1910162,960,卖盘
36,09:31:45,19.92,4193775,2107,买盘
37,09:31:48,19.9,2585040,1299,卖盘
38,09:31:51,19.89,610834,307,卖盘
39,09:31:54,19.88,5122958,2575,卖盘
40,09:31:57,19.89,3958196,1991,买盘
41,09:32:00,19.92,1318775,663,买盘
42,09:32:03,19.9,901413,453,卖盘
43,09:32:06,19.9,3205146,1611,买盘
44,09:32:09,19.9,7256800,3647,买盘
45,09:32:12,19.92,3304233,1660,买盘
46,09:32:15,19.91,1665128,836,卖盘
47,09:32:18,19.92,3210765,1612,买盘
48,09:32:21,19.94,1636272,821,买盘
49,09:32:24,19.93,1237470,621,卖盘
50,09:32:27,19.94,552397,277,买盘
51,09:32:30,19.94,1311812,658,卖盘
52,09:32:33,19.95,2180677,1093,买盘
53,09:32:36,19.97,2093122,1049,买盘
54,09:32:39,19.95,3693902,1851,卖盘
55,09:32:42,19.96,3478691,1743,买盘
56,09:32:45,19.97,1570383,787,买盘
57,09:32:48,19.96,4889436,2451,卖盘
58,09:32:51,19.97,2264326,1136,买盘
59,09:32:54,19.96,1085849,544,卖盘
60,09:32:57,19.96,2103826,1054,卖盘
61,09:33:00,19.95,736297,369,卖盘
62,09:33:03,19.95,1473866,739,买盘
63,09:33:06,19.94,2405078,1206,卖盘
64,09:33:09,19.94,1047071,525,买盘
65,09:33:12,19.91,3457607,1736,卖盘
66,09:33:15,19.9,5973490,3002,卖盘
67,09:33:18,19.91,3277031,1648,买盘
68,09:33:21,19.9,861727,433,买盘
69,09:33:24,19.91,778312,391,买盘
70,09:33:27,19.91,911842,458,卖盘
71,09:33:30,19.91,1140625,573,卖盘
72,09:33:33,19.9,3376211,1696,卖盘
73,09:33:36,19.91,738682,371,买盘
74,09:33:39,19.92,1561280,784,买盘
75,09:33:42,19.91,1458100,732,卖盘
76,09:33:45,19.92,724838,364,买盘
77,09:33:48,19.91,448041,225,卖盘
78,09:33:51,19.9,3107595,1561,卖盘
79,09:33:54,19.9,2110331,1060,卖盘
80,09:33:57,19.92,1079255,542,买盘
81,09:34:00,19.92,1425320,716,买盘
82,09:34:03,19.92,1364650,685,买盘
83,09:34:06,19.93,1093674,549,买盘
84,09:34:09,19.92,3858454,1937,卖盘
85,09:34:12,19.92,924384,464,卖盘
86,09:34:15,19.92,3593366,1804,卖盘
87,09:34:18,19.92,2256535,1133,卖盘
88,09:34:21,19.92,2994727,1504,买盘
89,09:34:24,19.9,889994,447,卖盘
90,09:34:27,19.9,3300099,1658,卖盘
91,09:34:30,19.9,1576492,792,卖盘
92,09:34:33,19.91,2930793,1472,买盘
93,09:34:36,19.91,3735647,1877,买盘
94,09:34:39,19.9,766463,385,卖盘
95,09:34:42,19.91,3230959,1623,买盘
96,09:34:45,19.9,967205,486,卖盘
97,09:34:48,19.9,666764,335,卖盘
98,09:34:51,19.9,1468735,738,卖盘
99,09:34:54,19.9,2765303,1389,卖盘
100,09:34:57,19.9,2929995,1472,卖盘
101,09:35:00,19.92,1003468,504,买盘
102,09:35:03,19.92,2240555,1125,买盘
103,09:35:06,19.92,2431346,1220,卖盘
104,09:35:09,19.92,858631,431,卖盘
105,09:35:12,19.91,2376034,1193,卖盘
106,09:35:15,19.93,938198,471,买盘
107,09:35:18,19.92,536001,269,中性盘
108,09:35:21,19.92,468242,235,卖盘
109,09:35:24,19.94,2088623,1048,买盘
110,09:35:27,19.94,713684,358,买盘
111,09:35:30,19.93,918894,461,卖盘
112,09:35:33,19.93,797244,400,卖盘
113,09:35:36,19.93,366715,184,买盘
114,09:35:39,19.93,727418,365,买盘
115,09:35:42,19.93,575951,289,买盘
116,09:35:45,19.93,1971097,989,买盘
117,09:35:48,19.93,921858,463,卖盘
118,09:35:51,19.93,733547,368,卖盘
119,09:35:54,19.93,619905,311,卖盘
120,09:35:57,19.93,332867,167,卖盘
121,09:36:00,19.93,3080350,1546,卖盘
122,09:36:03,19.9,9040373,4541,卖盘
123,09:36:06,19.89,5527656,2779,卖盘
124,09:36:09,19.89,1517768,763,卖盘
125,09:36:12,19.9,3215356,1616,买盘
126,09:36:15,19.9,1150161,578,买盘
127,09:36:18,19.89,1104075,555,卖盘
128,09:36:21,19.9,795929,400,买盘
129,09:36:24,19.9,971008,488,卖盘
130,09:36:27,19.9,1510101,759,卖盘
131,09:36:30,19.9,976965,491,买盘
132,09:36:33,19.89,553092,278,卖盘
133,09:36:36,19.89,3124095,1570,卖盘
134,09:36:39,19.9,879508,442,买盘
135,09:36:42,19.9,1126278,566,卖盘
136,09:36:45,19.9,2396923,1205,买盘
137,09:36:48,19.89,754091,379,卖盘
138,09:36:51,19.89,513220,258,卖盘
139,09:36:54,19.89,1704739,857,卖盘
140,09:36:57,19.89,3048224,1532,买盘
141,09:37:00,19.89,628569,316,卖盘
142,09:37:03,19.89,664381,334,卖盘
143,09:37:06,19.89,982645,494,卖盘
144,09:37:09,19.9,1094036,550,买盘
145,09:37:12,19.89,365994,184,卖盘
146,09:37:15,19.92,7131127,3581,买盘
147,09:37:18,19.92,2247292,1128,卖盘
148,09:37:21,19.92,1027904,516,卖盘
149,09:37:24,19.91,15850777,7968,卖盘
150,09:37:27,19.91,591336,297,买盘
151,09:37:30,19.9,639016,321,卖盘
152,09:37:33,19.91,258840,130,中性盘
153,09:37:36,19.9,1431360,719,卖盘
154,09:37:39,19.9,1132612,569,卖盘
155,09:37:42,19.91,2093578,1052,买盘
156,09:37:45,19.9,129374,65,卖盘
157,09:37:48,19.91,1976731,993,买盘
158,09:37:51,19.9,394049,198,卖盘
159,09:37:54,19.9,276672,139,卖盘
160,09:37:57,19.9,965389,485,卖盘
161,09:38:00,19.9,1210016,608,卖盘
162,09:38:03,19.9,189054,95,卖盘
163,09:38:06,19.9,591030,297,卖盘
164,09:38:09,19.9,726344,365,买盘
165,09:38:12,19.89,1088365,547,卖盘
166,09:38:15,19.89,562984,283,卖盘
167,09:38:18,19.89,481506,242,卖盘
168,09:38:21,19.89,1353046,680,卖盘
169,09:38:24,19.89,2472444,1243,卖盘
170,09:38:27,19.89,2705708,1360,卖盘
171,09:38:30,19.9,948985,477,买盘
172,09:38:33,19.89,336232,169,卖盘
173,09:38:36,19.91,5667206,2848,买盘
174,09:38:39,19.91,2071940,1041,买盘
175,09:38:42,19.91,646997,325,买盘
176,09:38:45,19.9,632913,318,卖盘
177,09:38:48,19.9,1273624,640,卖盘
178,09:38:51,19.9,563109,283,买盘
179,09:38:54,19.9,688312,346,买盘
180,09:38:57,19.9,457592,230,买盘
181,09:39:00,19.89,1156131,581,卖盘
182,09:39:03,19.9,1315553,661,买盘
183,09:39:06,19.9,483548,243,卖盘
184,09:39:09,19.9,2167558,1089,卖盘
185,09:39:12,19.93,3041470,1527,买盘
186,09:39:15,19.93,5291944,2655,买盘
187,09:39:18,19.93,903008,453,卖盘
188,09:39:21,19.93,757385,380,卖盘
189,09:39:24,19.94,1319456,662,买盘
190,09:39:27,19.94,536338,269,买盘
191,09:39:30,19.94,1132459,568,买盘
192,09:39:33,19.95,1054925,529,买盘
193,09:39:36,19.93,731685,367,卖盘
194,09:39:39,19.94,532433,267,买盘
195,09:39:42,19.94,659952,331,买盘
196,09:39:45,19.94,452622,227,买盘
197,09:39:48,19.94,576244,289,买盘
198,09:39:51,19.94,271151,136,买盘
199,09:39:54,19.94,612147,307,买盘
200,09:39:57,19.95,544378,273,买盘
201,09:40:00,19.94,674003,338,卖盘
202,09:40:03,19.94,526441,264,卖盘
203,09:40:06,19.95,1242549,623,买盘
204,09:40:09,19.94,2104365,1055,卖盘
205,09:40:12,19.95,919473,461,买盘
206,09:40:15,19.95,568531,285,买盘
207,09:40:18,19.95,1240559,622,买盘
208,09:40:21,19.94,765787,384,卖盘
209,09:40:24,19.95,480681,241,买盘
210,09:40:27,19.95,2844883,1426,买盘
211,09:40:30,19.95,1552049,778,卖盘
212,09:40:33,19.96,836006,419,买盘
213,09:40:36,19.95,1019587,511,卖盘
214,09:40:39,19.95,373043,187,买盘
215,09:40:42,19.95,987444,495,买盘
216,09:40:45,19.95,616411,309,买盘
217,09:40:48,19.94,2498655,1253,卖盘
218,09:40:51,19.93,5188670,2603,卖盘
219,09:40:54,19.92,3853233,1934,卖盘
220,09:40:57,19.92,1945356,977,买盘
221,09:41:00,19.92,1132978,569,买盘
222,09:41:03,19.91,2480907,1246,卖盘
223,09:41:06,19.91,3357318,1687,买盘
224,09:41:09,19.9,4125647,2073,卖盘
225,09:41:12,19.9,2195070,1103,卖盘
226,09:41:15,19.91,760398,382,买盘
227,09:41:18,19.92,702876,353,买盘
228,09:41:21,19.92,1181180,593,买盘
229,09:41:24,19.92,302861,152,卖盘
230,09:41:27,19.94,3608383,1810,买盘
231,09:41:30,19.95,530576,266,买盘
232,09:41:33,19.95,370965,186,买盘
233,09:41:36,19.96,335214,168,买盘
234,09:41:39,19.95,1883867,944,卖盘
235,09:41:42,19.96,1890343,947,买盘
236,09:41:45,19.96,159699,80,卖盘
237,09:41:48,19.96,125771,63,卖盘
238,09:41:51,19.96,718637,360,卖盘
239,09:41:54,19.96,590863,296,卖盘
240,09:41:57,19.96,363276,182,买盘
241,09:42:00,19.97,321365,161,买盘
242,09:42:03,19.96,291416,146,卖盘
243,09:42:06,19.97,2414244,1209,买盘
244,09:42:09,19.97,269596,135,卖盘
245,09:42:12,19.95,2011537,1008,卖盘
246,09:42:15,19.96,349298,175,买盘
247,09:42:18,19.96,929996,466,买盘
248,09:42:21,19.95,626666,314,卖盘
249,09:42:24,19.96,594857,298,买盘
250,09:42:27,19.96,227475,114,买盘
251,09:42:30,19.96,427174,214,买盘
252,09:42:33,19.97,263548,132,买盘
253,09:42:36,19.98,3487407,1746,买盘
254,09:42:39,19.99,383688,192,买盘
255,09:42:42,19.99,1279183,640,买盘
256,09:42:45,19.99,1932879,967,买盘
257,09:42:48,19.99,2892456,1447,买盘
258,09:42:51,19.99,1161058,581,买盘
259,09:42:54,19.99,1890705,946,买盘
260,09:42:57,19.98,2439909,1221,卖盘
261,09:43:00,19.98,1619867,811,买盘
262,09:43:03,19.98,1364309,683,买盘
263,09:43:06,19.97,669228,335,卖盘
264,09:43:09,19.98,707181,354,买盘
265,09:43:12,19.98,926675,464,买盘
266,09:43:15,19.97,165738,83,卖盘
267,09:43:18,19.97,908345,455,买盘
268,09:43:21,19.97,694911,348,买盘
269,09:43:24,19.97,133847,67,卖盘
270,09:43:27,19.98,423444,212,买盘
271,09:43:30,19.97,433487,217,卖盘
272,09:43:33,19.98,329659,165,买盘
273,09:43:36,19.98,365600,183,买盘
274,09:43:39,19.99,697336,349,买盘
275,09:43:42,19.99,275778,138,买盘
276,09:43:45,19.99,343726,172,买盘
277,09:43:48,19.98,449661,225,卖盘
278,09:43:51,19.98,1537050,769,卖盘
279,09:43:54,19.99,95920,48,买盘
280,09:43:57,19.98,675401,338,卖盘
281,09:44:00,19.99,1229283,615,买盘
282,09:44:03,19.99,2536720,1269,买盘
283,09:44:06,19.99,3637566,1819,卖盘
284,09:44:09,20.0,199979,100,买盘
285,09:44:12,20.0,763917,382,买盘
286,09:44:15,20.0,4046868,2024,买盘
287,09:44:18,20.0,673952,337,买盘
288,09:44:21,20.0,605909,303,买盘
289,09:44:24,20.0,301898,151,买盘
290,09:44:27,20.0,319967,160,买盘
291,09:44:30,20.0,507934,254,买盘
292,09:44:33,19.99,799944,400,卖盘
293,09:44:36,19.99,4587865,2294,卖盘
294,09:44:39,20.0,547968,274,买盘
295,09:44:42,20.02,20167939,10084,买盘
296,09:44:45,20.01,1655141,827,卖盘
297,09:44:48,20.01,1304603,652,卖盘
298,09:44:51,20.02,708460,354,买盘
299,09:44:54,20.02,590538,295,买盘
300,09:44:57,20.02,662662,331,买盘
301,09:45:00,20.02,432471,216,卖盘
302,09:45:03,20.02,1181276,590,卖盘
303,09:45:06,20.03,1003387,501,买盘
304,09:45:09,20.01,4972721,2484,卖盘
305,09:45:12,20.01,1621164,810,卖盘
306,09:45:15,20.02,1278190,639,买盘
307,09:45:18,20.01,2779871,1390,中性盘
308,09:45:21,19.99,533834,267,卖盘
309,09:45:24,19.99,4570856,2287,卖盘
310,09:45:27,19.98,453677,227,卖盘
311,09:45:30,19.98,397721,199,卖盘
312,09:45:33,19.98,1115199,558,卖盘
313,09:45:36,19.97,545301,273,卖盘
314,09:45:39,19.98,311654,156,买盘
315,09:45:42,19.98,175781,88,买盘
316,09:45:45,19.97,1196762,599,卖盘
317,09:45:48,19.97,1256240,629,卖盘
318,09:45:51,19.98,575234,288,买盘
319,09:45:54,19.97,109866,55,卖盘
320,09:45:57,19.98,921087,461,买盘
321,09:46:00,19.97,1447873,725,卖盘
322,09:46:03,19.97,289572,145,卖盘
323,09:46:06,19.97,615104,308,卖盘
324,09:46:09,19.97,501270,251,卖盘
325,09:46:12,19.96,209668,105,卖盘
326,09:46:15,19.97,189682,95,买盘
327,09:46:18,19.96,491097,246,卖盘
328,09:46:21,19.96,806642,404,卖盘
329,09:46:24,19.96,263512,132,卖盘
330,09:46:27,19.97,217585,109,买盘
331,09:46:30,19.96,447143,224,卖盘
332,09:46:33,19.96,223611,112,卖盘
333,09:46:36,19.97,201650,101,买盘
334,09:46:39,19.96,379299,190,卖盘
335,09:46:42,19.97,211582,106,买盘
336,09:46:45,19.96,606956,304,卖盘
337,09:46:48,19.96,443211,222,卖盘
338,09:46:51,19.97,712817,357,买盘
339,09:46:54,19.96,762690,382,卖盘
340,09:46:57,19.97,902618,452,买盘
341,09:47:00,19.95,4686886,2348,卖盘
342,09:47:03,19.96,337319,169,买盘
343,09:47:06,19.96,399059,200,买盘
344,09:47:09,19.96,584562,293,买盘
345,09:47:12,19.95,943964,473,卖盘
346,09:47:15,19.96,792086,397,买盘
347,09:47:18,19.96,2023053,1014,买盘
348,09:47:21,19.95,602657,302,卖盘
349,09:47:24,19.95,1075326,539,卖盘
350,09:47:27,19.95,712433,357,卖盘
351,09:47:30,19.95,680406,341,卖盘
352,09:47:33,19.95,4075142,2042,卖盘
353,09:47:36,19.96,1546374,775,买盘
354,09:47:39,19.95,249392,125,卖盘
355,09:47:42,19.96,426944,214,买盘
356,09:47:45,19.95,1576056,790,卖盘
357,09:47:48,19.94,871777,437,卖盘
358,09:47:51,19.94,1215360,609,卖盘
359,09:47:54,19.95,151577,76,中性盘
360,09:47:57,19.94,1411762,708,卖盘
361,09:48:00,19.95,115674,58,买盘
362,09:48:03,19.95,480678,241,买盘
363,09:48:06,19.95,185471,93,买盘
364,09:48:09,19.95,269247,135,买盘
365,09:48:12,19.94,179501,90,卖盘
366,09:48:15,19.94,2313096,1160,卖盘
367,09:48:18,19.94,979022,491,卖盘
368,09:48:21,19.94,199400,100,卖盘
369,09:48:24,19.93,3685294,1849,卖盘
370,09:48:27,19.93,1076456,540,卖盘
371,09:48:30,19.93,567885,285,买盘
372,09:48:33,19.93,1189795,597,买盘
373,09:48:36,19.93,608693,305,卖盘
374,09:48:39,19.93,151463,76,中性盘
375,09:48:42,19.93,753029,378,买盘
376,09:48:45,19.92,2084810,1047,卖盘
377,09:48:48,19.92,543692,273,买盘
378,09:48:51,19.91,1193067,599,卖盘
379,09:48:54,19.92,979989,492,买盘
380,09:48:57,19.93,1081866,543,买盘
381,09:49:00,19.93,2165153,1087,买盘
382,09:49:03,19.93,1698752,852,买盘
383,09:49:06,19.93,221159,111,卖盘
384,09:49:09,19.93,1556174,781,买盘
385,09:49:12,19.93,556093,279,买盘
386,09:49:15,19.94,113628,57,买盘
387,09:49:18,19.93,322981,162,卖盘
388,09:49:21,19.94,314919,158,买盘
389,09:49:24,19.93,1953390,980,卖盘
390,09:49:27,19.94,402740,202,买盘
391,09:49:30,19.94,486452,244,买盘
392,09:49:33,19.94,562275,282,买盘
393,09:49:36,19.93,588052,295,卖盘
394,09:49:39,19.93,456556,229,卖盘
395,09:49:42,19.94,1563261,784,买盘
396,09:49:45,19.94,376856,189,卖盘
397,09:49:48,19.94,253249,127,卖盘
398,09:49:51,19.94,795631,399,卖盘
399,09:49:54,19.95,813503,408,买盘
400,09:49:57,19.94,335043,168,卖盘
401,09:50:00,19.95,229322,115,买盘
402,09:50:03,19.95,380904,191,买盘
403,09:50:06,19.94,243342,122,卖盘
404,09:50:09,19.96,2850854,1429,买盘
405,09:50:12,19.96,1458968,731,买盘
406,09:50:15,19.97,413236,207,买盘
407,09:50:18,19.96,293549,147,卖盘
408,09:50:22,19.96,1016345,509,卖盘
409,09:50:24,19.96,1021959,512,卖盘
410,09:50:27,19.97,1104058,553,买盘
411,09:50:30,19.96,613105,307,卖盘
412,09:50:33,19.97,403334,202,买盘
413,09:50:36,19.98,379454,190,买盘
414,09:50:39,19.98,225623,113,买盘
415,09:50:42,19.98,455364,228,买盘
416,09:50:45,19.97,41939,21,卖盘
417,09:50:48,19.98,1138458,570,买盘
418,09:50:51,19.98,517455,259,买盘
419,09:50:54,19.97,475464,238,卖盘
420,09:50:57,19.98,2302665,1152,买盘
421,09:51:00,19.99,381703,191,买盘
422,09:51:03,19.98,699380,350,卖盘
423,09:51:06,19.98,2771029,1387,卖盘
424,09:51:09,19.98,1380919,691,卖盘
425,09:51:12,19.99,559700,280,买盘
426,09:51:15,19.98,1740044,871,卖盘
427,09:51:18,19.97,1435943,719,卖盘
428,09:51:21,19.96,2063919,1034,卖盘
429,09:51:24,19.95,1787655,896,卖盘
430,09:51:27,19.95,390984,196,买盘
431,09:51:30,19.94,1794393,900,卖盘
432,09:51:33,19.93,797241,400,卖盘
433,09:51:36,19.94,1403231,704,买盘
434,09:51:39,19.93,1102409,553,卖盘
435,09:51:42,19.94,2561122,1285,买盘
436,09:51:45,19.94,402751,202,买盘
437,09:51:48,19.93,1658001,832,卖盘
438,09:51:51,19.94,1128152,566,买盘
439,09:51:54,19.94,745714,374,买盘
440,09:51:57,19.94,1383679,694,买盘
441,09:52:00,19.93,1311721,658,卖盘
442,09:52:03,19.94,372722,187,买盘
443,09:52:06,19.93,358842,180,卖盘
444,09:52:09,19.93,1399537,702,卖盘
445,09:52:12,19.94,376867,189,中性盘
446,09:52:15,19.94,151545,76,卖盘
447,09:52:18,19.94,482485,242,卖盘
448,09:52:21,19.93,1450954,728,卖盘
449,09:52:24,19.93,880719,442,卖盘
450,09:52:27,19.93,5442288,2732,买盘
451,09:52:30,19.93,655645,329,买盘
452,09:52:33,19.92,175324,88,卖盘
453,09:52:36,19.93,400544,201,买盘
454,09:52:39,19.93,2405349,1207,买盘
455,09:52:42,19.93,687580,345,买盘
456,09:52:45,19.93,324866,163,卖盘
457,09:52:48,19.93,1103723,554,卖盘
458,09:52:51,19.92,972095,488,卖盘
459,09:52:54,19.93,1554147,780,买盘
460,09:52:57,19.92,527707,265,买盘
461,09:53:00,19.91,1562997,785,卖盘
462,09:53:03,19.91,9703784,4874,卖盘
463,09:53:06,19.9,5055090,2540,卖盘
464,09:53:09,19.91,1122785,564,买盘
465,09:53:12,19.91,445840,224,买盘
466,09:53:15,19.91,487670,245,买盘
467,09:53:18,19.9,1298088,652,卖盘
468,09:53:21,19.91,420113,211,中性盘
469,09:53:24,19.92,1167316,586,买盘
470,09:53:27,19.92,647443,325,卖盘
471,09:53:30,19.92,231072,116,买盘
472,09:53:33,19.92,298716,150,买盘
473,09:53:36,19.91,350536,176,卖盘
474,09:53:39,19.91,1756665,882,卖盘
475,09:53:42,19.91,459992,231,卖盘
476,09:53:45,19.91,298688,150,卖盘
477,09:53:48,19.92,627212,315,买盘
478,09:53:51,19.92,232994,117,买盘
479,09:53:54,19.91,326613,164,卖盘
480,09:53:57,19.92,464019,233,买盘
481,09:54:00,19.92,943812,474,买盘
482,09:54:03,19.91,1332004,669,卖盘
483,09:54:06,19.91,147383,74,卖盘
484,09:54:09,19.91,613303,308,卖盘
485,09:54:12,19.91,893409,449,卖盘
486,09:54:15,19.92,2166486,1088,买盘
487,09:54:18,19.92,432069,217,买盘
488,09:54:21,19.91,1859074,934,卖盘
489,09:54:24,19.91,215022,108,买盘
490,09:54:27,19.9,1618230,813,卖盘
491,09:54:30,19.9,3020423,1517,卖盘
492,09:54:33,19.9,1669708,839,卖盘
493,09:54:36,19.91,1057018,531,买盘
494,09:54:39,19.9,609107,306,卖盘
495,09:54:42,19.91,656804,330,买盘
496,09:54:45,19.9,495702,249,卖盘
497,09:54:48,19.9,732384,368,卖盘
498,09:54:51,19.91,304517,153,买盘
499,09:54:54,19.91,105481,53,买盘
500,09:54:57,19.9,1886791,948,卖盘
501,09:55:00,19.91,535345,269,买盘
502,09:55:03,19.91,973381,489,买盘
503,09:55:06,19.9,1293859,650,卖盘
504,09:55:09,19.91,1371164,689,买盘
505,09:55:12,19.9,800215,402,卖盘
506,09:55:15,19.91,320422,161,买盘
507,09:55:18,19.91,294547,148,买盘
508,09:55:21,19.9,897771,451,卖盘
509,09:55:24,19.91,2252697,1132,买盘
510,09:55:27,19.9,388124,195,卖盘
511,09:55:30,19.9,2354979,1183,卖盘
512,09:55:33,19.9,533426,268,卖盘
513,09:55:36,19.9,258785,130,卖盘
514,09:55:39,19.91,111444,56,买盘
515,09:55:42,19.91,421890,212,买盘
516,09:55:45,19.91,593051,298,买盘
517,09:55:48,19.9,696709,350,卖盘
518,09:55:51,19.91,698619,351,买盘
519,09:55:54,19.9,406065,204,卖盘
520,09:55:57,19.91,1124521,565,买盘
521,09:56:00,19.9,1148255,577,卖盘
522,09:56:03,19.9,708534,356,卖盘
523,09:56:06,19.9,664676,334,卖盘
524,09:56:09,19.9,226884,114,卖盘
525,09:56:12,19.9,340327,171,卖盘
526,09:56:15,19.91,334337,168,买盘
527,09:56:18,19.9,4656677,2340,卖盘
528,09:56:21,19.9,6994466,3515,卖盘
529,09:56:24,19.89,2806663,1411,卖盘
530,09:56:27,19.9,501338,252,买盘
531,09:56:30,19.89,334175,168,卖盘
532,09:56:33,19.89,3791183,1906,卖盘
533,09:56:36,19.89,519179,261,卖盘
534,09:56:39,19.9,471542,237,买盘
535,09:56:42,19.9,942858,474,买盘
536,09:56:45,19.9,286438,144,买盘
537,09:56:48,19.9,1420238,714,买盘
538,09:56:51,19.87,26432214,13297,卖盘
539,09:56:54,19.86,20216756,10179,卖盘
540,09:56:57,19.85,1423632,717,卖盘
541,09:57:00,19.86,470504,237,买盘
542,09:57:03,19.86,502350,253,买盘
543,09:57:06,19.86,1272546,641,买盘
544,09:57:09,19.86,980948,494,买盘
545,09:57:12,19.85,1979691,997,卖盘
546,09:57:15,19.85,1336245,673,卖盘
547,09:57:18,19.85,798237,402,卖盘
548,09:57:21,19.85,927221,467,卖盘
549,09:57:24,19.85,5305957,2673,卖盘
550,09:57:27,19.86,1288518,649,买盘
551,09:57:30,19.85,901435,454,卖盘
552,09:57:33,19.85,1214980,612,卖盘
553,09:57:36,19.86,1125844,567,买盘
554,09:57:39,19.85,547985,276,卖盘
555,09:57:42,19.86,555915,280,买盘
556,09:57:45,19.86,524289,264,买盘
557,09:57:48,19.86,430853,217,买盘
558,09:57:51,19.86,3630717,1829,买盘
559,09:57:54,19.85,832040,419,卖盘
560,09:57:57,19.85,621431,313,卖盘
561,09:58:00,19.86,915402,461,买盘
562,09:58:03,19.86,627368,316,中性盘
563,09:58:06,19.86,434981,219,卖盘
564,09:58:09,19.87,490574,247,买盘
565,09:58:13,19.87,838117,422,买盘
566,09:58:15,19.87,633625,319,买盘
567,09:58:18,19.87,609751,307,买盘
568,09:58:21,19.87,995125,501,买盘
569,09:58:24,19.86,601997,303,卖盘
570,09:58:27,19.88,3197025,1609,买盘
571,09:58:30,19.87,2432528,1224,卖盘
572,09:58:33,19.88,308126,155,卖盘
573,09:58:36,19.88,1161138,584,卖盘
574,09:58:39,19.9,1503894,756,买盘
575,09:58:42,19.89,252612,127,卖盘
576,09:58:45,19.89,292433,147,卖盘
577,09:58:48,19.89,224769,113,卖盘
578,09:58:51,19.9,1247100,627,买盘
579,09:58:54,19.9,294398,148,买盘
580,09:58:57,19.9,710377,357,买盘
581,09:59:00,19.9,911031,458,买盘
582,09:59:03,19.88,290422,146,卖盘
583,09:59:06,19.89,264518,133,中性盘
584,09:59:09,19.89,956800,481,买盘
585,09:59:12,19.88,417613,210,卖盘
586,09:59:15,19.88,1236636,622,卖盘
587,09:59:18,19.88,328082,165,卖盘
588,09:59:21,19.88,688061,346,卖盘
589,09:59:24,19.89,546764,275,买盘
590,09:59:27,19.88,717988,361,卖盘
591,09:59:30,19.88,755534,380,卖盘
592,09:59:33,19.89,322124,162,买盘
593,09:59:36,19.89,731814,368,买盘
594,09:59:39,19.89,566924,285,卖盘
595,09:59:42,19.9,214856,108,买盘
596,09:59:46,19.9,3068814,1542,买盘
597,09:59:49,19.92,923825,464,买盘
598,09:59:51,19.92,740919,372,买盘
599,09:59:54,19.91,505804,254,卖盘
600,09:59:57,19.92,916244,460,买盘
601,10:00:00,19.92,434124,218,买盘
602,10:00:03,19.92,876261,440,买盘
603,10:00:06,19.91,167270,84,卖盘
604,10:00:09,19.91,240912,121,卖盘
605,10:00:12,19.91,623144,313,买盘
606,10:00:15,19.9,1663780,836,卖盘
607,10:00:18,19.89,51735,26,卖盘
608,10:00:21,19.89,2290860,1152,卖盘
609,10:00:24,19.89,173015,87,买盘
610,10:00:27,19.88,3457311,1740,卖盘
611,10:00:30,19.87,453138,228,中性盘
612,10:00:33,19.88,359623,181,买盘
613,10:00:36,19.86,601939,303,卖盘
614,10:00:39,19.87,2560271,1288,买盘
615,10:00:42,19.87,312019,157,卖盘
616,10:00:45,19.87,101341,51,卖盘
617,10:00:48,19.88,2033215,1023,买盘
618,10:00:51,19.9,3091625,1554,买盘
619,10:00:54,19.91,1787774,898,买盘
620,10:00:57,19.92,1944151,976,买盘
621,10:01:00,19.91,957692,481,卖盘
622,10:01:03,19.91,57738,29,买盘
623,10:01:06,19.9,967117,486,卖盘
624,10:01:09,19.9,330364,166,卖盘
625,10:01:12,19.9,991173,498,买盘
626,10:01:15,19.9,282736,142,卖盘
627,10:01:18,19.91,322492,162,中性盘
628,10:01:21,19.91,1185027,595,卖盘
629,10:01:24,19.9,358279,180,卖盘
630,10:01:27,19.91,256752,129,买盘
631,10:01:30,19.9,308456,155,卖盘
632,10:01:33,19.9,314435,158,卖盘
633,10:01:36,19.9,1767150,888,卖盘
634,10:01:39,19.9,384058,193,中性盘
635,10:01:42,19.9,579043,291,买盘
636,10:01:45,19.91,300607,151,买盘
637,10:01:48,19.91,324405,163,买盘
638,10:01:51,19.9,187057,94,卖盘
639,10:01:54,19.9,336311,169,卖盘
640,10:01:57,19.89,204933,103,卖盘
641,10:02:00,19.9,435719,219,买盘
642,10:02:03,19.9,551201,277,买盘
643,10:02:06,19.91,2643901,1328,买盘
644,10:02:09,19.9,790099,397,卖盘
645,10:02:12,19.93,4174759,2096,买盘
646,10:02:15,19.93,932713,468,买盘
647,10:02:18,19.93,145517,73,卖盘
648,10:02:21,19.93,623854,313,卖盘
649,10:02:24,19.94,2231271,1119,买盘
650,10:02:27,19.94,171491,86,卖盘
651,10:02:30,19.95,123631,62,买盘
652,10:02:33,19.95,380901,191,买盘
653,10:02:36,19.95,2481764,1244,买盘
654,10:02:39,19.96,980007,491,买盘
655,10:02:42,19.97,1173196,588,买盘
656,10:02:45,19.97,221583,111,买盘
657,10:02:48,19.96,980322,491,卖盘
658,10:02:51,19.96,1223958,613,卖盘
659,10:02:54,19.97,235590,118,买盘
660,10:02:57,19.96,379354,190,卖盘
661,10:03:00,19.97,383240,192,买盘
662,10:03:03,19.96,103835,52,卖盘
663,10:03:06,19.96,445281,223,卖盘
664,10:03:10,19.97,463302,232,买盘
665,10:03:12,19.97,353440,177,卖盘
666,10:03:15,19.97,641047,321,卖盘
667,10:03:18,19.98,269615,135,买盘
668,10:03:21,19.98,3987859,1996,买盘
669,10:03:24,19.98,2425573,1214,买盘
670,10:03:27,19.98,189876,95,卖盘
671,10:03:30,19.98,1298927,650,卖盘
672,10:03:33,19.99,157851,79,买盘
673,10:03:36,19.99,2480686,1241,买盘
674,10:03:39,19.98,563608,282,卖盘
675,10:03:43,19.99,859515,430,买盘
676,10:03:45,20.0,789905,395,买盘
677,10:03:48,19.99,2761664,1381,卖盘
678,10:03:51,19.99,661688,331,卖盘
679,10:03:54,20.0,3523903,1762,买盘
680,10:03:57,19.99,517751,259,卖盘
681,10:04:00,20.0,673813,337,买盘
682,10:04:03,19.99,3087369,1544,卖盘
683,10:04:06,20.0,989983,495,买盘
684,10:04:09,19.99,783941,392,卖盘
685,10:04:12,19.99,4399185,2200,卖盘
686,10:04:15,19.99,945785,473,卖盘
687,10:04:18,19.99,293863,147,卖盘
688,10:04:21,20.0,991556,496,买盘
689,10:04:24,20.0,999959,500,买盘
690,10:04:27,20.0,189954,95,买盘
691,10:04:30,20.0,197935,99,买盘
692,10:04:33,19.99,4715372,2358,卖盘
693,10:04:36,20.0,71973,36,买盘
694,10:04:39,20.0,233913,117,买盘
695,10:04:43,20.01,2583875,1292,买盘
696,10:04:45,20.0,657991,329,买盘
697,10:04:48,19.99,163975,82,卖盘
698,10:04:51,20.0,2957460,1479,买盘
699,10:04:54,20.0,1245989,623,卖盘
700,10:04:57,20.0,327985,164,买盘
701,10:05:00,20.0,441898,221,买盘
702,10:05:03,20.0,2009653,1005,买盘
703,10:05:06,19.98,669694,335,卖盘
704,10:05:09,19.99,149922,75,买盘
705,10:05:12,19.98,223777,112,卖盘
706,10:05:15,19.99,1681136,841,买盘
707,10:05:19,19.99,651704,326,卖盘
708,10:05:21,19.99,733480,367,卖盘
709,10:05:24,19.99,1791086,896,买盘
710,10:05:27,19.99,117941,59,买盘
711,10:05:30,19.99,1299137,650,买盘
712,10:05:33,19.99,1579083,790,买盘
713,10:05:36,19.99,1384908,693,买盘
714,10:05:39,19.98,115947,58,卖盘
715,10:05:42,19.99,215861,108,卖盘
716,10:05:45,19.99,827611,414,买盘
717,10:05:48,19.99,235890,118,卖盘
718,10:05:51,19.99,253820,127,买盘
719,10:05:54,19.99,27985,14,买盘
720,10:05:57,19.99,477599,239,买盘
721,10:06:00,19.99,611512,306,买盘
722,10:06:03,19.99,593553,297,买盘
723,10:06:06,19.98,433571,217,卖盘
724,10:06:09,19.98,269848,135,卖盘
725,10:06:12,19.98,171840,86,卖盘
726,10:06:15,19.98,307692,154,卖盘
727,10:06:18,20.0,8184070,4094,买盘
728,10:06:22,20.0,2167731,1084,买盘
729,10:06:24,19.99,487882,244,卖盘
730,10:06:27,19.99,429805,215,卖盘
731,10:06:30,20.0,201945,101,买盘
732,10:06:33,20.0,741912,371,买盘
733,10:06:36,20.0,5874372,2937,买盘
734,10:06:39,20.01,668104,334,买盘
735,10:06:42,20.01,1558671,779,买盘
736,10:06:45,20.01,278165,139,卖盘
737,10:06:48,20.01,1930976,965,卖盘
738,10:06:51,20.01,746317,373,买盘
739,10:06:54,20.01,326260,163,卖盘
740,10:06:57,20.02,320232,160,买盘
741,10:07:00,20.02,434341,217,买盘
742,10:07:03,20.02,1963926,981,买盘
743,10:07:06,20.02,1982045,990,买盘
744,10:07:09,20.03,2409533,1203,买盘
745,10:07:12,20.04,424699,212,买盘
746,10:07:15,20.04,402770,201,买盘
747,10:07:18,20.03,352652,176,卖盘
748,10:07:21,20.03,480836,240,卖盘
749,10:07:24,20.04,2040053,1018,买盘
750,10:07:27,20.03,482980,241,卖盘
751,10:07:30,20.04,925832,462,卖盘
752,10:07:33,20.05,1430805,714,买盘
753,10:07:37,20.04,508992,254,中性盘
754,10:07:39,20.04,214430,107,卖盘
755,10:07:42,20.05,895947,447,买盘
756,10:07:45,20.04,38070,19,卖盘
757,10:07:49,20.04,96190,48,买盘
758,10:07:51,20.02,3573433,1784,卖盘
759,10:07:54,20.02,234307,117,卖盘
760,10:07:57,20.03,1570050,784,买盘
761,10:08:00,20.03,254282,127,买盘
762,10:08:03,20.01,6175839,3085,卖盘
763,10:08:06,20.01,422251,211,买盘
764,10:08:09,20.01,234071,117,买盘
765,10:08:12,20.01,724267,362,卖盘
766,10:08:15,20.01,512294,256,卖盘
767,10:08:18,20.01,950702,475,卖盘
768,10:08:21,20.01,784452,392,卖盘
769,10:08:24,20.01,542294,271,买盘
770,10:08:27,20.01,164113,82,卖盘
771,10:08:30,20.01,792412,396,卖盘
772,10:08:33,20.01,964311,482,卖盘
773,10:08:36,20.02,1751513,875,买盘
774,10:08:39,20.01,490434,245,卖盘
775,10:08:42,20.02,1289248,644,买盘
776,10:08:45,20.02,1097727,548,卖盘
777,10:08:48,20.02,865271,432,卖盘
778,10:08:51,20.02,940921,470,卖盘
779,10:08:54,20.03,176152,88,买盘
780,10:08:57,20.01,1020431,510,卖盘
781,10:09:00,20.0,1677998,839,卖盘
782,10:09:03,19.99,901577,451,卖盘
783,10:09:06,20.0,124000,62,买盘
784,10:09:09,19.99,721829,361,卖盘
785,10:09:12,20.0,367917,184,中性盘
786,10:09:15,19.99,653733,327,卖盘
787,10:09:18,20.0,81983,41,买盘
788,10:09:21,20.0,261907,131,买盘
789,10:09:24,19.99,257976,129,卖盘
790,10:09:27,20.0,477992,239,买盘
791,10:09:30,20.0,167950,84,买盘
792,10:09:33,19.99,539981,270,卖盘
793,10:09:36,19.99,293881,147,卖盘
794,10:09:39,19.99,133933,67,卖盘
795,10:09:42,19.99,423811,212,卖盘
796,10:09:45,19.99,345848,173,卖盘
797,10:09:48,19.99,599800,300,卖盘
798,10:09:51,19.99,159876,80,买盘
799,10:09:54,19.98,69940,35,卖盘
800,10:09:57,19.99,1625138,813,买盘
801,10:10:00,20.0,137948,69,买盘
802,10:10:03,19.99,819593,410,卖盘
803,10:10:06,19.99,149937,75,卖盘
804,10:10:09,19.99,301854,151,卖盘
805,10:10:12,19.99,641625,321,买盘
806,10:10:15,19.99,331832,166,买盘
807,10:10:18,19.99,289822,145,买盘
808,10:10:21,19.98,367749,184,卖盘
809,10:10:24,19.99,305847,153,买盘
810,10:10:27,19.98,293823,147,卖盘
811,10:10:30,19.99,343829,172,买盘
812,10:10:33,19.99,469747,235,卖盘
813,10:10:36,20.0,409864,205,买盘
814,10:10:39,20.0,93985,47,买盘
815,10:10:42,20.0,959604,480,买盘
816,10:10:45,20.0,223979,112,买盘
817,10:10:48,19.99,585890,293,卖盘
818,10:10:51,19.99,445871,223,卖盘
819,10:10:54,20.0,553863,277,买盘
820,10:10:57,20.0,241937,121,买盘
821,10:11:00,20.0,255929,128,买盘
822,10:11:03,19.99,235947,118,卖盘
823,10:11:07,20.0,303990,152,买盘
824,10:11:09,19.99,517787,259,卖盘
825,10:11:12,19.99,275873,138,卖盘
826,10:11:15,20.0,301921,151,买盘
827,10:11:18,19.99,825954,413,卖盘
828,10:11:21,20.0,141954,71,买盘
829,10:11:24,20.0,877628,439,买盘
830,10:11:27,19.99,251876,126,卖盘
831,10:11:31,19.99,535921,268,卖盘
832,10:11:34,20.0,305863,153,买盘
833,10:11:36,20.0,339988,170,买盘
834,10:11:39,20.0,151963,76,买盘
835,10:11:42,20.0,401908,201,买盘
836,10:11:45,19.99,181959,91,卖盘
837,10:11:48,20.0,849865,425,买盘
838,10:11:51,20.0,931959,466,买盘
839,10:11:54,20.01,2436512,1218,买盘
840,10:11:57,20.02,886697,443,买盘
841,10:12:00,20.02,382327,191,买盘
842,10:12:03,20.03,2260447,1129,买盘
843,10:12:06,20.03,1125244,562,买盘
844,10:12:09,20.03,280380,140,买盘
845,10:12:12,20.03,468643,234,买盘
846,10:12:15,20.03,196271,98,买盘
847,10:12:18,20.02,200285,100,卖盘
848,10:12:21,20.03,352387,176,买盘
849,10:12:24,20.02,318452,159,卖盘
850,10:12:27,20.03,192266,96,买盘
851,10:12:30,20.03,572813,286,买盘
852,10:12:33,20.03,246318,123,买盘
853,10:12:36,20.02,114165,57,卖盘
854,10:12:39,20.03,300439,150,买盘
855,10:12:42,20.02,436499,218,卖盘
856,10:12:45,20.03,1163398,581,买盘
857,10:12:48,20.02,1189365,594,卖盘
858,10:12:51,20.02,692698,346,卖盘
859,10:12:54,20.02,292295,146,买盘
860,10:12:57,20.03,144200,72,买盘
861,10:13:00,20.03,270321,135,买盘
862,10:13:03,20.03,332486,166,买盘
863,10:13:06,20.03,685021,342,买盘
864,10:13:09,20.03,166302,83,卖盘
865,10:13:12,20.03,408686,204,卖盘
866,10:13:15,20.04,322547,161,买盘
867,10:13:18,20.04,242469,121,买盘
868,10:13:21,20.03,174273,87,卖盘
869,10:13:24,20.03,342569,171,卖盘
870,10:13:27,20.04,729168,364,买盘
871,10:13:30,20.03,298497,149,卖盘
872,10:13:33,20.04,977715,488,买盘
873,10:13:36,20.03,641002,320,卖盘
874,10:13:39,20.04,1843561,920,买盘
875,10:13:42,20.04,2875979,1435,买盘
876,10:13:45,20.05,214485,107,买盘
877,10:13:48,20.05,194482,97,买盘
878,10:13:51,20.04,643555,321,卖盘
879,10:13:54,20.05,126255,63,买盘
880,10:13:57,20.05,342790,171,买盘
881,10:14:00,20.04,505140,252,卖盘
882,10:14:03,20.05,1006068,502,买盘
883,10:14:06,20.04,434888,217,买盘
884,10:14:09,20.04,312669,156,买盘
885,10:14:12,20.04,222403,111,买盘
886,10:14:15,20.04,102204,51,买盘
887,10:14:18,20.04,1831655,914,买盘
888,10:14:21,20.04,280541,140,买盘
889,10:14:24,20.04,354792,177,买盘
890,10:14:27,20.03,116201,58,卖盘
891,10:14:30,20.04,526909,263,买盘
892,10:14:33,20.04,292486,146,买盘
893,10:14:36,20.03,328609,164,卖盘
894,10:14:39,20.04,266499,133,买盘
895,10:14:42,20.04,811580,405,买盘
896,10:14:45,20.04,318704,159,卖盘
897,10:14:48,20.04,430861,215,卖盘
898,10:14:51,20.04,398801,199,卖盘
899,10:14:54,20.04,743617,371,卖盘
900,10:14:57,20.04,302593,151,买盘
901,10:15:00,20.05,346644,173,买盘
902,10:15:04,20.04,14029,7,中性盘
903,10:15:07,20.04,22039,11,买盘
904,10:15:09,20.04,156299,78,买盘
905,10:15:12,20.04,278498,139,买盘
906,10:15:15,20.04,224431,112,买盘
907,10:15:19,20.05,7919727,3950,买盘
908,10:15:21,20.06,651859,325,买盘
909,10:15:24,20.06,479354,239,买盘
910,10:15:27,20.06,366977,183,买盘
911,10:15:30,20.06,373074,186,买盘
912,10:15:33,20.06,130379,65,买盘
913,10:15:36,20.05,853347,426,卖盘
914,10:15:39,20.06,375153,187,买盘
915,10:15:42,20.06,204596,102,买盘
916,10:15:45,20.06,376979,188,买盘
917,10:15:48,20.06,471232,235,买盘
918,10:15:51,20.06,561639,280,买盘
919,10:15:54,20.06,152478,76,卖盘
920,10:15:57,20.06,240801,120,卖盘
921,10:16:00,20.07,437446,218,买盘
922,10:16:03,20.06,956929,477,卖盘
923,10:16:06,20.07,806631,402,买盘
924,10:16:09,20.07,409420,204,买盘
925,10:16:12,20.07,292980,146,买盘
926,10:16:15,20.06,481499,240,卖盘
927,10:16:18,20.06,80240,40,买盘
928,10:16:21,20.06,661915,330,买盘
929,10:16:24,20.06,497432,248,买盘
930,10:16:27,20.06,300898,150,买盘
931,10:16:30,20.06,746136,372,买盘
932,10:16:33,20.05,958654,478,卖盘
933,10:16:37,20.06,369099,184,买盘
934,10:16:39,20.07,138442,69,买盘
935,10:16:42,20.06,349147,174,卖盘
936,10:16:45,20.06,319081,159,卖盘
937,10:16:48,20.07,782446,390,买盘
938,10:16:51,20.06,655980,327,卖盘
939,10:16:54,20.06,415232,207,买盘
940,10:16:57,20.06,90262,45,买盘
941,10:17:00,20.05,346935,173,卖盘
942,10:17:03,20.07,1256030,626,买盘
943,10:17:06,20.06,22072,11,卖盘
944,10:17:09,20.07,258826,129,买盘
945,10:17:12,20.06,1500490,748,卖盘
946,10:17:15,20.05,1196068,597,卖盘
947,10:17:18,20.07,2170760,1082,买盘
948,10:17:21,20.05,629487,314,买盘
949,10:17:24,20.05,258602,129,买盘
950,10:17:27,20.05,180437,90,买盘
951,10:17:30,20.04,2518120,1256,卖盘
952,10:17:33,20.04,130287,65,卖盘
953,10:17:36,20.04,84174,42,卖盘
954,10:17:39,20.04,438900,219,卖盘
955,10:17:42,20.04,747676,373,卖盘
956,10:17:45,20.04,82179,41,卖盘
957,10:17:48,20.04,86179,43,卖盘
958,10:17:51,20.03,150239,75,卖盘
959,10:17:54,20.04,52101,26,买盘
960,10:17:58,20.04,212396,106,买盘
961,10:18:01,20.04,569081,284,买盘
962,10:18:03,20.03,44066,22,卖盘
963,10:18:06,20.05,1062077,530,买盘
964,10:18:09,20.04,62132,31,卖盘
965,10:18:12,20.05,1144711,571,买盘
966,10:18:15,20.05,563348,281,买盘
967,10:18:18,20.06,200498,100,买盘
968,10:18:21,20.05,425163,212,卖盘
969,10:18:24,20.05,20050,10,卖盘
970,10:18:27,20.04,1042831,520,卖盘
971,10:18:31,20.04,162354,81,卖盘
972,10:18:33,20.05,419008,209,买盘
973,10:18:36,20.04,156344,78,卖盘
974,10:18:39,20.05,46102,23,买盘
975,10:18:42,20.05,164341,82,买盘
976,10:18:45,20.04,228468,114,卖盘
977,10:18:48,20.04,416983,208,卖盘
978,10:18:51,20.05,262598,131,买盘
979,10:18:54,20.04,1826859,912,卖盘
980,10:18:57,20.04,230435,115,买盘
981,10:19:00,20.05,372746,186,买盘
982,10:19:03,20.03,48093,24,卖盘
983,10:19:06,20.04,110244,55,卖盘
984,10:19:09,20.05,408965,204,买盘
985,10:19:12,20.05,236532,118,买盘
986,10:19:15,20.05,1181086,589,买盘
987,10:19:19,20.05,499302,249,买盘
988,10:19:21,20.05,318828,159,卖盘
989,10:19:24,20.05,262716,131,卖盘
990,10:19:27,20.06,224632,112,买盘
991,10:19:30,20.05,102259,51,卖盘
992,10:19:33,20.05,166418,83,卖盘
993,10:19:36,20.06,154440,77,买盘
994,10:19:39,20.05,276816,138,卖盘
995,10:19:42,20.06,156431,78,买盘
996,10:19:45,20.05,154419,77,卖盘
997,10:19:48,20.06,1424230,710,买盘
998,10:19:51,20.07,1211918,604,买盘
999,10:19:54,20.07,309062,154,买盘
1000,10:19:58,20.06,198683,99,卖盘
1001,10:20:00,20.06,114360,57,卖盘
1002,10:20:03,20.06,754470,376,卖盘
1003,10:20:06,20.06,343142,171,卖盘
1004,10:20:09,20.06,345112,172,卖盘
1005,10:20:12,20.06,447489,223,卖盘
1006,10:20:15,20.06,692295,345,卖盘
1007,10:20:18,20.07,353172,176,买盘
1008,10:20:21,20.06,214652,107,卖盘
1009,10:20:25,20.07,116367,58,买盘
1010,10:20:27,20.06,429349,214,卖盘
1011,10:20:30,20.06,616099,307,卖盘
1012,10:20:33,20.06,168504,84,卖盘
1013,10:20:36,20.07,172589,86,买盘
1014,10:20:39,20.06,98304,49,卖盘
1015,10:20:42,20.07,595882,297,买盘
1016,10:20:45,20.06,300957,150,卖盘
1017,10:20:48,20.07,66218,33,买盘
1018,10:20:51,20.06,411284,205,卖盘
1019,10:20:55,20.07,439349,219,买盘
1020,10:20:57,20.07,513717,256,买盘
1021,10:21:00,20.06,353085,176,卖盘
1022,10:21:03,20.07,292959,146,买盘
1023,10:21:06,20.06,166526,83,卖盘
1024,10:21:09,20.06,174569,87,卖盘
1025,10:21:12,20.06,1969902,982,卖盘
1026,10:21:15,20.05,68202,34,卖盘
1027,10:21:18,20.05,326963,163,卖盘
1028,10:21:21,20.05,2203514,1099,卖盘
1029,10:21:24,20.05,152388,76,卖盘
1030,10:21:27,20.05,888669,443,卖盘
1031,10:21:30,20.06,714173,356,中性盘
1032,10:21:33,20.08,6019144,2999,买盘
1033,10:21:36,20.08,8357812,4162,买盘
1034,10:21:39,20.09,1014125,505,买盘
1035,10:21:43,20.09,835584,416,买盘
1036,10:21:45,20.09,311372,155,买盘
1037,10:21:48,20.09,247095,123,买盘
1038,10:21:51,20.1,741056,369,买盘
1039,10:21:54,20.09,305407,152,卖盘
1040,10:21:57,20.08,335472,167,卖盘
1041,10:22:00,20.08,238979,119,卖盘
1042,10:22:03,20.08,86382,43,卖盘
1043,10:22:06,20.08,343360,171,卖盘
1044,10:22:09,20.08,44171,22,买盘
1045,10:22:12,20.08,299147,149,买盘
1046,10:22:15,20.08,530110,264,买盘
1047,10:22:18,20.08,524326,261,卖盘
1048,10:22:21,20.08,347491,173,卖盘
1049,10:22:24,20.09,48203,24,买盘
1050,10:22:27,20.09,202828,101,买盘
1051,10:22:30,20.09,305297,152,买盘
1052,10:22:33,20.08,889661,443,卖盘
1053,10:22:36,20.09,265186,132,买盘
1054,10:22:39,20.09,226979,113,买盘
1055,10:22:42,20.08,480081,239,卖盘
1056,10:22:45,20.09,261157,130,买盘
1057,10:22:48,20.09,403779,201,买盘
1058,10:22:51,20.09,520388,259,卖盘
1059,10:22:54,20.1,343513,171,买盘
1060,10:22:57,20.09,263190,131,卖盘
1061,10:23:00,20.09,279238,139,买盘
1062,10:23:04,20.09,170810,85,卖盘
1063,10:23:06,20.09,104469,52,卖盘
1064,10:23:09,20.09,1517370,755,卖盘
1065,10:23:13,20.09,323494,161,卖盘
1066,10:23:15,20.09,90422,45,卖盘
1067,10:23:18,20.09,309386,154,卖盘
1068,10:23:21,20.09,285311,142,卖盘
1069,10:23:24,20.07,1074378,535,卖盘
1070,10:23:27,20.08,233000,116,中性盘
1071,10:23:30,20.09,162694,81,买盘
1072,10:23:34,20.09,3142068,1565,买盘
1073,10:23:36,20.09,1066639,531,买盘
1074,10:23:39,20.09,924490,460,卖盘
1075,10:23:42,20.1,341633,170,买盘
1076,10:23:45,20.1,578836,288,买盘
1077,10:23:48,20.1,3577605,1780,买盘
1078,10:23:51,20.09,432058,215,卖盘
1079,10:23:54,20.09,78380,39,卖盘
1080,10:23:57,20.09,436154,217,卖盘
1081,10:24:00,20.09,864146,430,卖盘
1082,10:24:04,20.09,114540,57,卖盘
1083,10:24:06,20.1,140636,70,买盘
1084,10:24:09,20.1,490414,244,买盘
1085,10:24:12,20.09,482181,240,卖盘
1086,10:24:15,20.09,450016,224,买盘
1087,10:24:18,20.08,618989,308,卖盘
1088,10:24:21,20.09,134622,67,卖盘
1089,10:24:24,20.09,126567,63,卖盘
1090,10:24:28,20.09,259215,129,买盘
1091,10:24:30,20.1,572619,285,买盘
1092,10:24:33,20.08,427986,213,卖盘
1093,10:24:36,20.1,130583,65,买盘
1094,10:24:39,20.09,488015,243,卖盘
1095,10:24:42,20.08,381715,190,卖盘
1096,10:24:45,20.07,3083287,1536,卖盘
1097,10:24:48,20.07,445971,222,卖盘
1098,10:24:51,20.07,295087,147,卖盘
1099,10:24:54,20.08,395433,197,买盘
1100,10:24:57,20.07,158557,79,卖盘
1101,10:25:00,20.06,134437,67,卖盘
1102,10:25:03,20.07,479662,239,买盘
1103,10:25:06,20.07,497701,248,买盘
1104,10:25:09,20.07,766401,382,买盘
1105,10:25:12,20.07,367165,183,卖盘
1106,10:25:15,20.07,238833,119,买盘
1107,10:25:18,20.06,174573,87,卖盘
1108,10:25:21,20.07,1318719,657,买盘
1109,10:25:24,20.08,287140,143,买盘
1110,10:25:28,20.08,234932,117,卖盘
1111,10:25:30,20.09,166636,83,买盘
1112,10:25:33,20.08,38147,19,中性盘
1113,10:25:36,20.09,658868,328,买盘
1114,10:25:39,20.08,1902332,947,中性盘
1115,10:25:42,20.08,170648,85,买盘
1116,10:25:45,20.08,34136,17,卖盘
1117,10:25:48,20.08,86344,43,卖盘
1118,10:25:51,20.08,96384,48,卖盘
1119,10:25:54,20.09,88359,44,买盘
1120,10:25:57,20.08,32136,16,卖盘
1121,10:26:00,20.08,140580,70,卖盘
1122,10:26:03,20.08,200828,100,卖盘
1123,10:26:06,20.08,158660,79,卖盘
1124,10:26:09,20.09,106460,53,买盘
1125,10:26:12,20.08,84339,42,卖盘
1126,10:26:15,20.08,247011,123,卖盘
1127,10:26:18,20.09,126553,63,买盘
1128,10:26:21,20.08,761034,379,卖盘
1129,10:26:25,20.08,287146,143,卖盘
1130,10:26:27,20.08,220918,110,卖盘
1131,10:26:30,20.08,114409,57,买盘
1132,10:26:33,20.08,50180,25,买盘
1133,10:26:36,20.07,140519,70,卖盘
1134,10:26:39,20.08,14050,7,买盘
1135,10:26:42,20.07,536069,267,卖盘
1136,10:26:45,20.08,254908,127,买盘
1137,10:26:48,20.08,18067,9,买盘
1138,10:26:51,20.07,293051,146,卖盘
1139,10:26:54,20.08,551965,275,买盘
1140,10:26:57,20.07,114401,57,卖盘
1141,10:27:00,20.07,371394,185,卖盘
1142,10:27:03,20.07,365401,182,卖盘
1143,10:27:06,20.08,700745,349,买盘
1144,10:27:09,20.08,1281292,638,买盘
1145,10:27:12,20.09,351512,175,买盘
1146,10:27:15,20.08,309294,154,卖盘
1147,10:27:18,20.09,218919,109,买盘
1148,10:27:21,20.09,361582,180,买盘
1149,10:27:24,20.1,681126,339,买盘
1150,10:27:27,20.1,450205,224,买盘
1151,10:27:30,20.1,355713,177,买盘
1152,10:27:33,20.09,267285,133,卖盘
1153,10:27:36,20.1,478368,238,买盘
1154,10:27:39,20.1,681245,339,买盘
1155,10:27:42,20.09,315535,157,卖盘
1156,10:27:45,20.1,108523,54,买盘
1157,10:27:48,20.1,88435,44,买盘
1158,10:27:51,20.1,206972,103,买盘
1159,10:27:54,20.1,369714,184,买盘
1160,10:27:58,20.1,106498,53,买盘
1161,10:28:00,20.1,202955,101,买盘
1162,10:28:03,20.1,174853,87,买盘
1163,10:28:06,20.09,142656,71,卖盘
1164,10:28:09,20.09,313473,156,卖盘
1165,10:28:12,20.1,170807,85,买盘
1166,10:28:15,20.1,387909,193,买盘
1167,10:28:18,20.09,530546,264,卖盘
1168,10:28:21,20.09,295418,147,卖盘
1169,10:28:24,20.09,114553,57,卖盘
1170,10:28:27,20.1,536614,267,买盘
1171,10:28:30,20.11,5807533,2889,买盘
1172,10:28:33,20.12,1073940,534,买盘
1173,10:28:36,20.11,1526954,759,卖盘
1174,10:28:39,20.13,265706,132,买盘
1175,10:28:42,20.13,754714,375,买盘
1176,10:28:45,20.13,54351,27,买盘
1177,10:28:48,20.13,988685,491,买盘
1178,10:28:51,20.14,322131,160,买盘
1179,10:28:55,20.13,1212296,602,卖盘
1180,10:28:57,20.13,112742,56,卖盘
1181,10:29:00,20.13,457036,227,卖盘
1182,10:29:03,20.14,165075,82,买盘
1183,10:29:06,20.13,227519,113,卖盘
1184,10:29:09,20.13,386623,192,买盘
1185,10:29:12,20.14,213385,106,买盘
1186,10:29:15,20.13,68455,34,卖盘
1187,10:29:18,20.14,358421,178,买盘
1188,10:29:21,20.14,289956,144,买盘
1189,10:29:24,20.14,243685,121,买盘
1190,10:29:27,20.14,322219,160,买盘
1191,10:29:30,20.14,497416,247,买盘
1192,10:29:33,20.14,551892,274,买盘
1193,10:29:36,20.15,741341,368,买盘
1194,10:29:39,20.14,479440,238,卖盘
1195,10:29:42,20.14,408941,203,卖盘
1196,10:29:45,20.14,80575,40,卖盘
1197,10:29:48,20.14,151114,75,卖盘
1198,10:29:51,20.15,167197,83,买盘
1199,10:29:55,20.15,485550,241,买盘
1200,10:29:57,20.15,181344,90,买盘
1201,10:30:00,20.15,546034,271,买盘
1202,10:30:03,20.15,1259364,625,买盘
1203,10:30:06,20.16,5348400,2654,买盘
1204,10:30:09,20.17,3110508,1543,买盘
1205,10:30:12,20.17,627209,311,买盘
1206,10:30:15,20.17,298468,148,买盘
1207,10:30:18,20.17,359012,178,买盘
1208,10:30:21,20.17,498163,247,买盘
1209,10:30:24,20.17,290445,144,买盘
1210,10:30:27,20.16,3352774,1663,卖盘
1211,10:30:30,20.15,949503,471,卖盘
1212,10:30:33,20.16,407202,202,买盘
1213,10:30:36,20.16,195531,97,买盘
1214,10:30:39,20.16,604898,300,卖盘
1215,10:30:42,20.16,451510,224,买盘
1216,10:30:45,20.16,501974,249,买盘
1217,10:30:48,20.16,82659,41,卖盘
1218,10:30:51,20.16,118959,59,中性盘
1219,10:30:54,20.16,880992,437,卖盘
1220,10:30:57,20.16,763817,379,买盘
1221,10:31:00,20.16,362845,180,买盘
1222,10:31:03,20.16,266119,132,卖盘
1223,10:31:06,20.16,251988,125,买盘
1224,10:31:09,20.15,415274,206,卖盘
1225,10:31:12,20.15,2498784,1240,卖盘
1226,10:31:15,20.14,278070,138,卖盘
1227,10:31:18,20.16,783902,389,买盘
1228,10:31:21,20.15,483758,240,卖盘
1229,10:31:24,20.15,58449,29,卖盘
1230,10:31:27,20.15,187416,93,卖盘
1231,10:31:31,20.15,399012,198,卖盘
1232,10:31:33,20.15,187425,93,卖盘
1233,10:31:36,20.15,1080516,536,卖盘
1234,10:31:39,20.15,272081,135,卖盘
1235,10:31:42,20.17,6044603,2996,买盘
1236,10:31:45,20.18,236023,117,中性盘
1237,10:31:48,20.18,56513,28,买盘
1238,10:31:51,20.2,5439308,2694,买盘
1239,10:31:54,20.2,1030159,510,买盘
1240,10:31:57,20.2,2092699,1036,买盘
1241,10:32:00,20.19,442261,219,卖盘
1242,10:32:03,20.19,351391,174,卖盘
1243,10:32:06,20.19,115109,57,卖盘
1244,10:32:09,20.19,422094,209,卖盘
1245,10:32:12,20.19,832035,412,卖盘
1246,10:32:15,20.19,480648,238,卖盘
1247,10:32:18,20.2,537140,266,买盘
1248,10:32:21,20.2,274576,136,买盘
1249,10:32:24,20.19,1203787,596,卖盘
1250,10:32:27,20.19,1662420,823,中性盘
1251,10:32:30,20.18,563175,279,卖盘
1252,10:32:33,20.18,100929,50,卖盘
1253,10:32:36,20.19,76721,38,买盘
1254,10:32:39,20.18,399705,198,卖盘
1255,10:32:42,20.19,337140,167,买盘
1256,10:32:45,20.19,230159,114,卖盘
1257,10:32:48,20.19,137319,68,卖盘
1258,10:32:51,20.19,98931,49,卖盘
1259,10:32:54,20.19,694529,344,卖盘
1260,10:32:57,20.19,62587,31,买盘
1261,10:33:00,20.19,468344,232,买盘
1262,10:33:03,20.19,561281,278,买盘
1263,10:33:06,20.19,193824,96,买盘
1264,10:33:09,20.19,68623,34,中性盘
1265,10:33:12,20.19,668039,331,买盘
1266,10:33:15,20.2,407959,202,买盘
1267,10:33:18,20.19,2563358,1269,卖盘
1268,10:33:21,20.2,379706,188,买盘
1269,10:33:24,20.2,323195,160,买盘
1270,10:33:27,20.2,783760,388,买盘
1271,10:33:30,20.2,520954,258,买盘
1272,10:33:33,20.2,161561,80,买盘
1273,10:33:36,20.2,197891,98,买盘
1274,10:33:39,20.19,189844,94,卖盘
1275,10:33:42,20.19,698581,346,卖盘
1276,10:33:45,20.19,149374,74,买盘
1277,10:33:48,20.19,48456,24,买盘
1278,10:33:51,20.18,3039031,1506,卖盘
1279,10:33:54,20.18,137258,68,卖盘
1280,10:33:57,20.18,181620,90,卖盘
1281,10:34:00,20.18,437879,217,买盘
1282,10:34:03,20.18,1155246,573,买盘
1283,10:34:06,20.18,524663,260,卖盘
1284,10:34:09,20.17,163425,81,卖盘
1285,10:34:12,20.18,496407,246,买盘
1286,10:34:15,20.18,494422,245,卖盘
1287,10:34:18,20.18,129153,64,卖盘
1288,10:34:21,20.17,353078,175,卖盘
1289,10:34:24,20.19,512699,254,买盘
1290,10:34:27,20.2,5071210,2511,买盘
1291,10:34:30,20.21,424228,210,买盘
1292,10:34:33,20.2,48484,24,卖盘
1293,10:34:36,20.2,268671,133,卖盘
1294,10:34:39,20.2,363616,180,卖盘
1295,10:34:42,20.2,355587,176,卖盘
1296,10:34:45,20.2,820211,406,卖盘
1297,10:34:48,20.2,585829,290,卖盘
1298,10:34:51,20.2,319102,158,买盘
1299,10:34:54,20.19,272628,135,卖盘
1300,10:34:57,20.2,460445,228,买盘
1301,10:35:00,20.2,325126,161,买盘
1302,10:35:03,20.2,256475,127,买盘
1303,10:35:06,20.2,119167,59,买盘
1304,10:35:09,20.19,212068,105,卖盘
1305,10:35:12,20.2,541121,268,买盘
1306,10:35:15,20.19,32304,16,卖盘
1307,10:35:18,20.2,820055,406,买盘
1308,10:35:21,20.19,306931,152,卖盘
1309,10:35:24,20.2,220079,109,买盘
1310,10:35:27,20.19,272647,135,卖盘
1311,10:35:30,20.19,1100765,545,卖盘
1312,10:35:33,20.2,575570,285,买盘
1313,10:35:36,20.2,506995,251,买盘
1314,10:35:39,20.21,3783509,1873,买盘
1315,10:35:42,20.22,4866910,2408,买盘
1316,10:35:45,20.22,830931,411,买盘
1317,10:35:48,20.23,726099,359,买盘
1318,10:35:51,20.23,224526,111,买盘
1319,10:35:54,20.23,145645,72,买盘
1320,10:35:57,20.23,1365437,675,买盘
1321,10:36:00,20.21,2776122,1373,卖盘
1322,10:36:03,20.21,709392,351,卖盘
1323,10:36:06,20.2,2626107,1300,卖盘
1324,10:36:09,20.2,175740,87,买盘
1325,10:36:12,20.19,492703,244,卖盘
1326,10:36:15,20.19,942754,467,买盘
1327,10:36:18,20.19,1017555,504,买盘
1328,10:36:21,20.18,365349,181,卖盘
1329,10:36:24,20.18,92838,46,卖盘
1330,10:36:27,20.18,230107,114,卖盘
1331,10:36:30,20.19,1936172,959,买盘
1332,10:36:33,20.2,452451,224,买盘
1333,10:36:36,20.2,595936,295,卖盘
1334,10:36:39,20.19,96954,48,卖盘
1335,10:36:42,20.2,147430,73,中性盘
1336,10:36:45,20.2,294915,146,买盘
1337,10:36:48,20.2,381775,189,买盘
1338,10:36:51,20.19,430224,213,卖盘
1339,10:36:54,20.19,353372,175,卖盘
1340,10:36:57,20.19,480545,238,卖盘
1341,10:37:00,20.2,1383171,685,买盘
1342,10:37:03,20.2,151430,75,买盘
1343,10:37:06,20.19,422132,209,卖盘
1344,10:37:09,20.19,44423,22,卖盘
1345,10:37:12,20.19,115092,57,卖盘
1346,10:37:15,20.19,56542,28,卖盘
1347,10:37:18,20.2,129257,64,买盘
1348,10:37:21,20.19,113087,56,卖盘
1349,10:37:24,20.19,797877,395,卖盘
1350,10:37:27,20.19,111082,55,卖盘
1351,10:37:30,20.2,125207,62,买盘
1352,10:37:33,20.2,210071,104,买盘
1353,10:37:36,20.21,325242,161,买盘
1354,10:37:39,20.2,492762,244,卖盘
1355,10:37:42,20.2,187811,93,买盘
1356,10:37:45,20.2,96959,48,买盘
1357,10:37:48,20.2,389779,193,买盘
1358,10:37:51,20.19,321065,159,卖盘
1359,10:37:54,20.19,529020,262,卖盘
1360,10:37:57,20.19,185666,92,买盘
1361,10:38:00,20.18,1207310,598,卖盘
1362,10:38:03,20.19,827777,410,买盘
1363,10:38:06,20.18,230082,114,卖盘
1364,10:38:09,20.18,143288,71,卖盘
1365,10:38:12,20.18,363336,180,卖盘
1366,10:38:15,20.19,454248,225,买盘
1367,10:38:18,20.2,3616883,1792,买盘
1368,10:38:21,20.2,185840,92,卖盘
1369,10:38:24,20.21,1610672,797,买盘
1370,10:38:27,20.21,543663,269,卖盘
1371,10:38:30,20.21,111156,55,卖盘
1372,10:38:33,20.21,42445,21,卖盘
1373,10:38:36,20.21,188032,93,卖盘
1374,10:38:39,20.21,60630,30,卖盘
1375,10:38:42,20.21,163730,81,卖盘
1376,10:38:45,20.21,226371,112,卖盘
1377,10:38:48,20.21,396308,196,卖盘
1378,10:38:51,20.22,337596,167,买盘
1379,10:38:54,20.22,345675,171,买盘
1380,10:38:57,20.21,408347,202,卖盘
1381,10:39:00,20.21,792229,392,卖盘
1382,10:39:03,20.21,670972,332,买盘
1383,10:39:06,20.22,1736881,859,买盘
1384,10:39:09,20.22,214342,106,买盘
1385,10:39:12,20.23,394330,195,买盘
1386,10:39:15,20.22,673453,333,卖盘
1387,10:39:18,20.23,445038,220,买盘
1388,10:39:21,20.23,2050045,1014,买盘
1389,10:39:24,20.23,208384,103,卖盘
1390,10:39:27,20.23,875972,433,买盘
1391,10:39:30,20.23,202277,100,买盘
1392,10:39:33,20.23,445022,220,买盘
1393,10:39:36,20.23,206350,102,买盘
1394,10:39:39,20.23,155771,77,中性盘
1395,10:39:42,20.23,519922,257,卖盘
1396,10:39:45,20.24,380478,188,买盘
1397,10:39:48,20.23,93080,46,卖盘
1398,10:39:51,20.24,619312,306,买盘
1399,10:39:54,20.24,1679904,830,买盘
1400,10:39:57,20.25,514184,254,买盘
1401,10:40:00,20.25,740850,366,买盘
1402,10:40:03,20.25,678258,335,买盘
1403,10:40:06,20.24,732770,362,卖盘
1404,10:40:09,20.24,481545,238,买盘
1405,10:40:12,20.25,11914048,5883,买盘
1406,10:40:15,20.25,2257895,1115,卖盘
1407,10:40:18,20.24,975722,482,卖盘
1408,10:40:21,20.24,1560190,771,买盘
1409,10:40:24,20.24,655614,324,买盘
1410,10:40:27,20.24,564805,279,买盘
1411,10:40:30,20.24,315704,156,买盘
1412,10:40:33,20.24,872282,431,买盘
1413,10:40:36,20.25,3958906,1955,买盘
1414,10:40:39,20.25,888976,439,卖盘
1415,10:40:42,20.25,722988,357,买盘
1416,10:40:45,20.25,99235,49,卖盘
1417,10:40:48,20.25,617649,305,卖盘
1418,10:40:51,20.25,299710,148,卖盘
1419,10:40:54,20.24,200448,99,卖盘
1420,10:40:57,20.25,329969,163,买盘
1421,10:41:01,20.24,704563,348,卖盘
1422,10:41:03,20.23,3730043,1843,卖盘
1423,10:41:06,20.23,230656,114,卖盘
1424,10:41:09,20.23,68782,34,卖盘
1425,10:41:12,20.23,307457,152,买盘
1426,10:41:15,20.22,289162,143,卖盘
1427,10:41:18,20.23,4261191,2106,买盘
1428,10:41:21,20.23,1335353,660,中性盘
1429,10:41:24,20.23,303517,150,卖盘
1430,10:41:27,20.23,238730,118,卖盘
1431,10:41:30,20.22,1145183,566,卖盘
1432,10:41:33,20.23,752510,372,买盘
1433,10:41:36,20.23,109224,54,卖盘
1434,10:41:39,20.23,24274,12,买盘
1435,10:41:42,20.23,161814,80,买盘
1436,10:41:45,20.23,196251,97,买盘
1437,10:41:48,20.23,121372,60,买盘
1438,10:41:51,20.23,351956,174,买盘
1439,10:41:54,20.22,115295,57,卖盘
1440,10:41:57,20.23,499634,247,买盘
1441,10:42:00,20.23,208314,103,买盘
1442,10:42:03,20.23,402562,199,买盘
1443,10:42:06,20.22,196186,97,卖盘
1444,10:42:09,20.23,380262,188,买盘
1445,10:42:12,20.23,121361,60,买盘
1446,10:42:15,20.23,70789,35,买盘
1447,10:42:18,20.22,353932,175,卖盘
1448,10:42:21,20.23,277104,137,买盘
1449,10:42:24,20.23,54622,27,卖盘
1450,10:42:27,20.23,892532,441,卖盘
1451,10:42:30,20.25,649733,321,买盘
1452,10:42:33,20.25,645810,319,买盘
1453,10:42:36,20.25,32398,16,买盘
1454,10:42:39,20.24,97198,48,卖盘
1455,10:42:42,20.25,688473,340,买盘
1456,10:42:45,20.25,2505338,1237,买盘
1457,10:42:48,20.25,257180,127,卖盘
1458,10:42:51,20.25,125559,62,卖盘
1459,10:42:54,20.25,218717,108,卖盘
1460,10:42:57,20.25,240979,119,卖盘
1461,10:43:00,20.25,338138,167,买盘
1462,10:43:03,20.25,64797,32,买盘
1463,10:43:06,20.24,204524,101,卖盘
1464,10:43:09,20.25,1551172,766,买盘
1465,10:43:12,20.25,350335,173,买盘
1466,10:43:15,20.25,324094,160,卖盘
1467,10:43:18,20.25,364525,180,卖盘
1468,10:43:21,20.25,139735,69,卖盘
1469,10:43:24,20.26,632039,312,买盘
1470,10:43:27,20.25,1197266,591,卖盘
1471,10:43:30,20.25,577273,285,卖盘
1472,10:43:33,20.25,172170,85,卖盘
1473,10:43:36,20.26,952182,470,买盘
1474,10:43:39,20.26,224907,111,卖盘
1475,10:43:42,20.26,364766,180,卖盘
1476,10:43:45,20.26,768036,379,卖盘
1477,10:43:48,20.26,1442636,712,卖盘
1478,10:43:51,20.26,905861,447,卖盘
1479,10:43:54,20.26,415374,205,卖盘
1480,10:43:57,20.25,3229079,1594,卖盘
1481,10:44:00,20.25,2931453,1448,卖盘
1482,10:44:03,20.25,7456042,3681,买盘
1483,10:44:06,20.23,1264642,625,卖盘
1484,10:44:09,20.22,390375,193,卖盘
1485,10:44:12,20.21,659180,326,卖盘
1486,10:44:15,20.22,196083,97,买盘
1487,10:44:18,20.2,4013380,1986,卖盘
1488,10:44:21,20.21,1147701,568,买盘
1489,10:44:24,20.19,224206,111,卖盘
1490,10:44:27,20.2,224234,111,中性盘
1491,10:44:30,20.19,488647,242,卖盘
1492,10:44:33,20.18,278594,138,卖盘
1493,10:44:36,20.18,286662,142,卖盘
1494,10:44:39,20.18,312921,155,卖盘
1495,10:44:42,20.17,994787,493,卖盘
1496,10:44:45,20.17,252165,125,卖盘
1497,10:44:48,20.17,797004,395,卖盘
1498,10:44:51,20.17,685735,340,卖盘
1499,10:44:54,20.17,471996,234,卖盘
1500,10:44:57,20.17,453860,225,卖盘
1501,10:45:00,20.17,2789881,1384,卖盘
1502,10:45:03,20.16,278241,138,卖盘
1503,10:45:06,20.16,719834,357,卖盘
1504,10:45:09,20.17,395178,196,中性盘
1505,10:45:12,20.15,360850,179,卖盘
1506,10:45:15,20.16,451712,224,中性盘
1507,10:45:18,20.17,635463,315,买盘
1508,10:45:21,20.17,361015,179,卖盘
1509,10:45:24,20.17,127085,63,卖盘
1510,10:45:27,20.17,155298,77,卖盘
1511,10:45:30,20.17,185514,92,卖盘
1512,10:45:33,20.15,239937,119,卖盘
1513,10:45:36,20.16,122970,61,买盘
1514,10:45:39,20.15,133095,66,卖盘
1515,10:45:42,20.15,437406,217,卖盘
1516,10:45:45,20.16,62475,31,买盘
1517,10:45:48,20.15,336523,167,卖盘
1518,10:45:51,20.15,249923,124,卖盘
1519,10:45:54,20.15,110825,55,卖盘
1520,10:45:57,20.15,384992,191,卖盘
1521,10:46:00,20.15,399032,198,卖盘
1522,10:46:03,20.16,215700,107,买盘
1523,10:46:06,20.16,812288,403,买盘
1524,10:46:09,20.15,217644,108,卖盘
1525,10:46:12,20.15,914849,454,卖盘
1526,10:46:15,20.14,1022061,507,卖盘
1527,10:46:18,20.16,393108,195,买盘
1528,10:46:21,20.14,419222,208,卖盘
1529,10:46:24,20.15,72540,36,中性盘
1530,10:46:27,20.15,274168,136,卖盘
1531,10:46:30,20.15,542172,269,卖盘
1532,10:46:33,20.14,487620,242,卖盘
1533,10:46:36,20.15,118888,59,买盘
1534,10:46:39,20.15,167232,83,卖盘
1535,10:46:42,20.15,402877,200,买盘
1536,10:46:45,20.14,265864,132,卖盘
1537,10:46:48,20.14,419043,208,卖盘
1538,10:46:51,20.14,426976,212,卖盘
1539,10:46:54,20.14,52366,26,卖盘
1540,10:46:57,20.14,215513,107,卖盘
1541,10:47:00,20.14,634435,315,卖盘
1542,10:47:03,20.14,179225,89,中性盘
1543,10:47:06,20.15,284046,141,买盘
1544,10:47:09,20.14,308262,153,卖盘
1545,10:47:12,20.15,147049,73,买盘
1546,10:47:15,20.15,143038,71,买盘
1547,10:47:18,20.15,193524,96,买盘
1548,10:47:21,20.15,185386,92,卖盘
1549,10:47:24,20.15,102765,51,卖盘
1550,10:47:27,20.15,366893,182,卖盘
1551,10:47:30,20.16,328537,163,买盘
1552,10:47:33,20.16,135011,67,买盘
1553,10:47:36,20.15,22165,11,卖盘
1554,10:47:39,20.15,60463,30,卖盘
1555,10:47:42,20.15,2165921,1074,卖盘
1556,10:47:45,20.16,590411,293,中性盘
1557,10:47:48,20.15,137032,68,卖盘
1558,10:47:51,20.15,540143,268,卖盘
1559,10:47:54,20.15,298259,148,卖盘
1560,10:47:57,20.15,223684,111,买盘
1561,10:48:00,20.16,213659,106,买盘
1562,10:48:03,20.15,451537,224,卖盘
1563,10:48:06,20.16,431363,214,中性盘
1564,10:48:09,20.15,929318,461,卖盘
1565,10:48:12,20.15,96731,48,卖盘
1566,10:48:15,20.16,388927,193,买盘
1567,10:48:18,20.15,4022961,1997,卖盘
1568,10:48:21,20.13,211375,105,卖盘
1569,10:48:24,20.13,44294,22,卖盘
1570,10:48:27,20.13,138978,69,卖盘
1571,10:48:30,20.13,348424,173,卖盘
1572,10:48:33,20.14,136944,68,买盘
1573,10:48:36,20.14,330299,164,中性盘
1574,10:48:39,20.14,181260,90,卖盘
1575,10:48:42,20.13,60390,30,卖盘
1576,10:48:45,20.14,342340,170,买盘
1577,10:48:48,20.14,473323,235,中性盘
1578,10:48:51,20.13,491347,244,卖盘
1579,10:48:54,20.13,98637,49,卖盘
1580,10:48:57,20.13,448983,223,卖盘
1581,10:49:00,20.13,233585,116,卖盘
1582,10:49:03,20.14,231582,115,买盘
1583,10:49:06,20.13,191300,95,卖盘
1584,10:49:09,20.14,281851,140,买盘
1585,10:49:12,20.13,203386,101,卖盘
1586,10:49:15,20.13,74496,37,卖盘
1587,10:49:18,20.14,310159,154,买盘
1588,10:49:21,20.14,211469,105,卖盘
1589,10:49:24,20.14,515784,256,卖盘
1590,10:49:27,20.14,221582,110,卖盘
1591,10:49:30,20.14,352492,175,卖盘
1592,10:49:33,20.16,693192,344,买盘
1593,10:49:36,20.16,1548349,768,买盘
1594,10:49:39,20.16,346785,172,卖盘
1595,10:49:42,20.16,153234,76,卖盘
1596,10:49:45,20.16,108864,54,卖盘
1597,10:49:48,20.17,165353,82,买盘
1598,10:49:51,20.16,455853,226,卖盘
1599,10:49:54,20.16,1986162,985,卖盘
1600,10:49:57,20.17,621320,308,买盘
1601,10:50:00,20.17,627340,311,买盘
1602,10:50:03,20.17,451795,224,卖盘
1603,10:50:06,20.18,314702,156,买盘
1604,10:50:09,20.16,1361121,675,卖盘
1605,10:50:12,20.15,2082213,1033,卖盘
1606,10:50:15,20.15,639067,317,卖盘
1607,10:50:18,20.15,137136,68,卖盘
1608,10:50:21,20.15,1304212,647,卖盘
1609,10:50:24,20.15,594575,295,卖盘
1610,10:50:27,20.15,225756,112,卖盘
1611,10:50:30,20.15,3104576,1541,卖盘
1612,10:50:33,20.12,2466545,1225,卖盘
1613,10:50:36,20.14,1207794,600,买盘
1614,10:50:39,20.14,469239,233,买盘
1615,10:50:42,20.15,835844,415,买盘
1616,10:50:45,20.14,1754234,871,卖盘
1617,10:50:48,20.13,225565,112,卖盘
1618,10:50:51,20.14,445069,221,买盘
1619,10:50:54,20.13,203367,101,卖盘
1620,10:50:57,20.13,62418,31,卖盘
1621,10:51:00,20.13,233574,116,卖盘
1622,10:51:03,20.13,451026,224,卖盘
1623,10:51:06,20.13,652494,324,卖盘
1624,10:51:09,20.14,277833,138,买盘
1625,10:51:12,20.13,696659,346,卖盘
1626,10:51:15,20.13,279850,139,卖盘
1627,10:51:18,20.13,259739,129,卖盘
1628,10:51:21,20.13,1222008,607,卖盘
1629,10:51:24,20.13,289845,144,卖盘
1630,10:51:27,20.14,124805,62,买盘
1631,10:51:30,20.13,124818,62,卖盘
1632,10:51:33,20.14,136894,68,买盘
1633,10:51:36,20.14,88615,44,买盘
1634,10:51:39,20.13,344327,171,卖盘
1635,10:51:42,20.13,620179,308,卖盘
1636,10:51:45,20.13,199353,99,卖盘
1637,10:51:48,20.13,350485,174,卖盘
1638,10:51:51,20.14,247681,123,买盘
1639,10:51:54,20.14,94642,47,卖盘
1640,10:51:57,20.13,199382,99,卖盘
1641,10:52:00,20.14,138936,69,买盘
1642,10:52:03,20.14,134917,67,买盘
1643,10:52:06,20.14,90608,45,买盘
1644,10:52:09,20.13,106699,53,卖盘
1645,10:52:12,20.13,191245,95,卖盘
1646,10:52:15,20.13,66429,33,卖盘
1647,10:52:18,20.13,155047,77,卖盘
1648,10:52:21,20.13,237566,118,卖盘
1649,10:52:24,20.13,207354,103,卖盘
1650,10:52:27,20.13,213408,106,卖盘
1651,10:52:30,20.13,396656,197,卖盘
1652,10:52:33,20.13,293966,146,卖盘
1653,10:52:36,20.16,2243761,1114,买盘
1654,10:52:39,20.15,634798,315,卖盘
1655,10:52:42,20.15,384972,191,卖盘
1656,10:52:45,20.15,667003,331,卖盘
1657,10:52:48,20.16,628937,312,买盘
1658,10:52:51,20.16,278174,138,买盘
1659,10:52:54,20.16,112885,56,卖盘
1660,10:52:57,20.16,322574,160,卖盘
1661,10:53:00,20.17,792581,393,买盘
1662,10:53:03,20.17,169346,84,买盘
1663,10:53:06,20.17,201638,100,买盘
1664,10:53:09,20.16,82632,41,中性盘
1665,10:53:12,20.16,173368,86,买盘
1666,10:53:15,20.15,326585,162,卖盘
1667,10:53:18,20.15,368993,183,卖盘
1668,10:53:21,20.16,227783,113,中性盘
1669,10:53:24,20.15,651076,323,卖盘
1670,10:53:27,20.15,155157,77,卖盘
1671,10:53:30,20.15,421157,209,卖盘
1672,10:53:33,20.15,739510,367,卖盘
1673,10:53:36,20.15,143065,71,卖盘
1674,10:53:39,20.15,171334,85,卖盘
1675,10:53:42,20.15,243837,121,卖盘
1676,10:53:45,20.15,233809,116,卖盘
1677,10:53:48,20.15,195500,97,卖盘
1678,10:53:51,20.15,223731,111,卖盘
1679,10:53:54,20.15,2547182,1265,卖盘
1680,10:53:57,20.14,86609,43,卖盘
1681,10:54:00,20.13,527760,262,卖盘
1682,10:54:03,20.13,281899,140,卖盘
1683,10:54:06,20.15,682577,339,买盘
1684,10:54:09,20.14,342454,170,卖盘
1685,10:54:12,20.14,94626,47,买盘
1686,10:54:15,20.13,195301,97,卖盘
1687,10:54:18,20.14,366373,182,买盘
1688,10:54:21,20.13,233531,116,卖盘
1689,10:54:24,20.13,62424,31,卖盘
1690,10:54:27,20.13,452936,225,卖盘
1691,10:54:30,20.13,219417,109,卖盘
1692,10:54:33,20.14,722732,359,买盘
1693,10:54:36,20.13,1087020,540,卖盘
1694,10:54:39,20.12,295820,147,卖盘
1695,10:54:42,20.13,336077,167,买盘
1696,10:54:45,20.12,424638,211,卖盘
1697,10:54:48,20.12,372282,185,卖盘
1698,10:54:51,20.12,156938,78,卖盘
1699,10:54:54,20.12,1268047,630,卖盘
1700,10:54:57,20.13,277682,138,买盘
1701,10:55:00,20.12,728359,362,卖盘
1702,10:55:03,20.12,144868,72,卖盘
1703,10:55:06,20.11,623713,310,卖盘
1704,10:55:09,20.11,2644646,1315,卖盘
1705,10:55:12,20.11,918952,457,买盘
1706,10:55:15,20.11,637331,317,卖盘
1707,10:55:18,20.12,2320774,1154,买盘
1708,10:55:21,20.1,1206511,600,卖盘
1709,10:55:24,20.1,408062,203,卖盘
1710,10:55:27,20.1,1418162,705,卖盘
1711,10:55:30,20.11,579107,288,中性盘
1712,10:55:33,20.11,500756,249,中性盘
1713,10:55:36,20.1,178895,89,卖盘
1714,10:55:39,20.11,269375,134,买盘
1715,10:55:42,20.1,1369310,681,卖盘
1716,10:55:45,20.1,235186,117,卖盘
1717,10:55:48,20.1,251251,125,卖盘
1718,10:55:51,20.11,1232033,613,买盘
1719,10:55:54,20.09,277348,138,卖盘
1720,10:55:57,20.09,966289,481,卖盘
1721,10:56:00,20.08,1161011,578,卖盘
1722,10:56:03,20.08,335402,167,卖盘
1723,10:56:06,20.08,572282,285,卖盘
1724,10:56:09,20.08,556396,277,卖盘
1725,10:56:12,20.09,383629,191,买盘
1726,10:56:15,20.09,1273410,634,卖盘
1727,10:56:18,20.1,733409,365,买盘
1728,10:56:21,20.09,1658173,825,卖盘
1729,10:56:24,20.1,548841,273,卖盘
1730,10:56:27,20.1,1781494,886,卖盘
1731,10:56:30,20.11,1150455,572,买盘
1732,10:56:33,20.1,717537,357,中性盘
1733,10:56:36,20.09,211021,105,卖盘
1734,10:56:39,20.09,599334,298,卖盘
1735,10:56:42,20.1,158741,79,中性盘
1736,10:56:45,20.09,2059788,1025,卖盘
1737,10:56:48,20.09,458052,228,卖盘
1738,10:56:51,20.1,106487,53,买盘
1739,10:56:54,20.09,30136,15,卖盘
1740,10:56:57,20.1,1066868,531,买盘
1741,10:57:00,20.08,3035507,1511,卖盘
1742,10:57:03,20.08,445676,222,卖盘
1743,10:57:06,20.08,307076,153,买盘
1744,10:57:09,20.07,359260,179,中性盘
1745,10:57:12,20.07,146522,73,卖盘
1746,10:57:15,20.06,421391,210,卖盘
1747,10:57:18,20.06,80255,40,卖盘
1748,10:57:21,20.06,642144,320,卖盘
1749,10:57:24,20.06,284972,142,卖盘
1750,10:57:27,20.06,238721,119,卖盘
1751,10:57:30,20.06,118363,59,卖盘
1752,10:57:33,20.07,244866,122,买盘
1753,10:57:36,20.06,152527,76,卖盘
1754,10:57:39,20.07,116379,58,中性盘
1755,10:57:42,20.06,222716,111,卖盘
1756,10:57:45,20.06,104318,52,卖盘
1757,10:57:48,20.06,112341,56,卖盘
1758,10:57:51,20.07,1131602,564,买盘
1759,10:57:54,20.06,383146,191,卖盘
1760,10:57:57,20.06,186616,93,卖盘
1761,10:58:00,20.07,312980,156,买盘
1762,10:58:03,20.06,186558,93,卖盘
1763,10:58:06,20.06,477584,238,卖盘
1764,10:58:09,20.07,1023392,510,买盘
1765,10:58:12,20.09,2914656,1452,买盘
1766,10:58:15,20.08,1092826,544,卖盘
1767,10:58:18,20.09,28122,14,买盘
1768,10:58:21,20.1,216998,108,买盘
1769,10:58:24,20.08,184816,92,卖盘
1770,10:58:27,20.08,496079,247,卖盘
1771,10:58:30,20.07,485918,242,卖盘
1772,10:58:33,20.08,162641,81,买盘
1773,10:58:36,20.08,74279,37,卖盘
1774,10:58:39,20.08,82324,41,买盘
1775,10:58:42,20.08,212804,106,买盘
1776,10:58:45,20.07,704675,351,卖盘
1777,10:58:48,20.09,178658,89,买盘
1778,10:58:51,20.07,164587,82,卖盘
1779,10:58:54,20.08,44173,22,买盘
1780,10:58:57,20.08,283015,141,买盘
1781,10:59:00,20.07,2409723,1201,卖盘
1782,10:59:03,20.06,487532,243,卖盘
1783,10:59:06,20.07,236813,118,中性盘
1784,10:59:09,20.07,690451,344,卖盘
1785,10:59:12,20.08,648138,323,买盘
1786,10:59:15,20.08,164641,82,买盘
1787,10:59:18,20.07,616547,307,卖盘
1788,10:59:21,20.06,264895,132,卖盘
1789,10:59:24,20.07,142484,71,买盘
1790,10:59:27,20.06,188646,94,卖盘
1791,10:59:30,20.08,341376,170,买盘
1792,10:59:33,20.06,2145364,1069,卖盘
1793,10:59:36,20.07,363441,181,中性盘
1794,10:59:39,20.07,150515,75,买盘
1795,10:59:42,20.06,305027,152,卖盘
1796,10:59:45,20.07,319088,159,买盘
1797,10:59:48,20.07,475853,237,卖盘
1798,10:59:51,20.1,417694,208,买盘
1799,10:59:54,20.09,421928,210,中性盘
1800,10:59:57,20.08,220988,110,卖盘
1801,11:00:00,20.08,367586,183,卖盘
1802,11:00:03,20.09,522149,260,买盘
1803,11:00:06,20.09,2274248,1132,卖盘
1804,11:00:09,20.09,2900519,1444,买盘
1805,11:00:12,20.07,594523,296,卖盘
1806,11:00:15,20.09,120498,60,买盘
1807,11:00:18,20.08,287255,143,中性盘
1808,11:00:21,20.08,365459,182,卖盘
1809,11:00:24,20.08,696760,347,中性盘
1810,11:00:27,20.06,2383787,1188,卖盘
1811,11:00:30,20.07,453405,226,中性盘
1812,11:00:33,20.07,128440,64,买盘
1813,11:00:36,20.07,513768,256,买盘
1814,11:00:39,20.09,1233058,614,买盘
1815,11:00:42,20.06,473615,236,卖盘
1816,11:00:45,20.08,232775,116,买盘
1817,11:00:48,20.07,365365,182,买盘
1818,11:00:51,20.06,517827,258,卖盘
1819,11:00:54,20.07,539839,269,买盘
1820,11:00:57,20.07,333142,166,买盘
1821,11:01:00,20.06,654025,326,卖盘
1822,11:01:03,20.06,278909,139,卖盘
1823,11:01:06,20.06,146508,73,卖盘
1824,11:01:09,20.07,471459,235,买盘
1825,11:01:12,20.05,1345494,671,卖盘
1826,11:01:15,20.06,146407,73,买盘
1827,11:01:18,20.06,254766,127,买盘
1828,11:01:21,20.05,284817,142,卖盘
1829,11:01:24,20.05,256697,128,卖盘
1830,11:01:27,20.05,1756646,876,卖盘
1831,11:01:30,20.05,1996862,996,买盘
1832,11:01:33,20.06,1452417,724,买盘
1833,11:01:36,20.07,581900,290,买盘
1834,11:01:39,20.04,3851439,1920,卖盘
1835,11:01:42,20.06,549405,274,买盘
1836,11:01:45,20.04,284825,142,卖盘
1837,11:01:48,20.04,244494,122,卖盘
1838,11:01:51,20.04,186387,93,卖盘
1839,11:01:54,20.04,1019807,509,卖盘
1840,11:01:57,20.04,595141,297,买盘
1841,11:02:00,20.03,485186,242,卖盘
1842,11:02:03,20.04,56093,28,中性盘
1843,11:02:06,20.03,182303,91,卖盘
1844,11:02:09,20.04,344534,172,买盘
1845,11:02:12,20.03,168280,84,卖盘
1846,11:02:15,20.03,775440,387,卖盘
1847,11:02:18,20.04,408700,204,买盘
1848,11:02:21,20.04,156365,78,卖盘
1849,11:02:24,20.05,192476,96,买盘
1850,11:02:27,20.05,238567,119,买盘
1851,11:02:30,20.05,220480,110,买盘
1852,11:02:33,20.05,122276,61,买盘
1853,11:02:36,20.06,162420,81,买盘
1854,11:02:39,20.05,208508,104,买盘
1855,11:02:42,20.06,158377,79,买盘
1856,11:02:45,20.05,178500,89,卖盘
1857,11:02:48,20.05,30075,15,卖盘
1858,11:02:51,20.06,1947975,972,买盘
1859,11:02:54,20.05,449250,224,中性盘
1860,11:02:57,20.05,282731,141,卖盘
1861,11:03:00,20.04,304697,152,卖盘
1862,11:03:03,20.04,174407,87,卖盘
1863,11:03:06,20.05,78186,39,买盘
1864,11:03:09,20.04,763493,381,卖盘
1865,11:03:12,20.04,553056,276,买盘
1866,11:03:15,20.03,194348,97,卖盘
1867,11:03:18,20.03,430824,215,卖盘
1868,11:03:21,20.03,270444,135,卖盘
1869,11:03:24,20.04,250438,125,买盘
1870,11:03:27,20.03,100154,50,卖盘
1871,11:03:30,20.04,382657,191,买盘
1872,11:03:33,20.03,88132,44,卖盘
1873,11:03:36,20.03,362567,181,卖盘
1874,11:03:39,20.03,152237,76,卖盘
1875,11:03:42,20.03,228357,114,卖盘
1876,11:03:45,20.03,1095677,547,卖盘
1877,11:03:48,20.03,248268,124,买盘
1878,11:03:51,20.02,292382,146,卖盘
1879,11:03:54,20.02,356424,178,卖盘
1880,11:03:57,20.03,84104,42,买盘
1881,11:04:00,20.03,312346,156,买盘
1882,11:04:03,20.02,288338,144,卖盘
1883,11:04:06,20.02,174182,87,卖盘
1884,11:04:09,20.02,278335,139,卖盘
1885,11:04:12,20.02,748784,374,卖盘
1886,11:04:15,20.02,508539,254,卖盘
1887,11:04:18,20.01,4132317,2064,卖盘
1888,11:04:21,20.01,1232786,616,卖盘
1889,11:04:24,20.01,600301,300,卖盘
1890,11:04:27,20.01,242142,121,卖盘
1891,11:04:30,20.01,260150,130,卖盘
1892,11:04:33,20.02,226147,113,买盘
1893,11:04:36,20.01,368202,184,卖盘
1894,11:04:39,20.01,196103,98,卖盘
1895,11:04:42,20.01,274150,137,卖盘
1896,11:04:45,20.01,306227,153,卖盘
1897,11:04:48,20.01,556294,278,卖盘
1898,11:04:51,20.01,214107,107,卖盘
1899,11:04:54,20.01,108072,54,卖盘
1900,11:04:57,20.02,64035,32,买盘
1901,11:05:00,20.02,674372,337,买盘
1902,11:05:03,20.02,264223,132,买盘
1903,11:05:06,20.01,670342,335,卖盘
1904,11:05:09,20.01,320163,160,卖盘
1905,11:05:12,20.02,884473,442,买盘
1906,11:05:15,20.01,1382611,691,卖盘
1907,11:05:18,20.01,534436,267,卖盘
1908,11:05:21,20.01,620241,310,卖盘
1909,11:05:24,20.01,438119,219,卖盘
1910,11:05:27,20.01,510209,255,买盘
1911,11:05:30,20.01,78041,39,卖盘
1912,11:05:33,20.01,214166,107,卖盘
1913,11:05:36,20.01,274241,137,卖盘
1914,11:05:39,20.01,546298,273,卖盘
1915,11:05:42,20.02,322271,161,买盘
1916,11:05:45,20.02,194183,97,买盘
1917,11:05:48,20.01,408314,204,卖盘
1918,11:05:51,20.02,3836407,1916,买盘
1919,11:05:54,20.03,4288698,2139,中性盘
1920,11:05:57,20.03,322452,161,中性盘
1921,11:06:00,20.04,156245,78,买盘
1922,11:06:03,20.03,198328,99,卖盘
1923,11:06:06,20.03,30045,15,买盘
1924,11:06:09,20.03,328483,164,买盘
1925,11:06:12,20.03,466486,233,买盘
1926,11:06:15,20.03,2314617,1156,买盘
1927,11:06:18,20.02,340308,170,卖盘
1928,11:06:21,20.01,3617977,1808,卖盘
1929,11:06:24,20.03,1268964,634,买盘
1930,11:06:27,20.02,76056,38,中性盘
1931,11:06:30,20.02,366237,183,买盘
1932,11:06:33,20.02,278176,139,买盘
1933,11:06:36,20.02,238241,119,买盘
1934,11:06:39,20.02,814972,407,中性盘
1935,11:06:42,20.01,276318,138,卖盘
1936,11:06:45,20.02,232232,116,买盘
1937,11:06:48,20.02,616445,308,卖盘
1938,11:06:51,20.02,218197,109,买盘
1939,11:06:54,20.03,298374,149,买盘
1940,11:06:57,20.02,290332,145,中性盘
1941,11:07:00,20.02,638602,319,买盘
1942,11:07:03,20.02,378423,189,买盘
1943,11:07:06,20.01,224214,112,卖盘
1944,11:07:09,20.02,10010,5,买盘
1945,11:07:12,20.02,176139,88,买盘
1946,11:07:15,20.02,80061,40,买盘
1947,11:07:18,20.02,194181,97,买盘
1948,11:07:21,20.02,138107,69,买盘
1949,11:07:24,20.01,50048,25,卖盘
1950,11:07:27,20.02,1531495,765,买盘
1951,11:07:30,20.02,368276,184,买盘
1952,11:07:33,20.02,74074,37,买盘
1953,11:07:36,20.02,124116,62,买盘
1954,11:07:39,20.02,42042,21,卖盘
1955,11:07:42,20.02,492652,246,卖盘
1956,11:07:45,20.03,102139,51,买盘
1957,11:07:48,20.02,98129,49,卖盘
1958,11:07:51,20.03,224309,112,买盘
1959,11:07:54,20.03,238347,119,买盘
1960,11:07:57,20.03,290369,145,买盘
1961,11:08:00,20.03,84085,42,买盘
1962,11:08:03,20.03,106115,53,买盘
1963,11:08:06,20.03,116119,58,买盘
1964,11:08:09,20.03,188237,94,买盘
1965,11:08:12,20.02,320404,160,卖盘
1966,11:08:15,20.03,10015,5,买盘
1967,11:08:18,20.02,196196,98,卖盘
1968,11:08:21,20.03,2265341,1131,买盘
1969,11:08:24,20.03,68099,34,买盘
1970,11:08:27,20.02,16019,8,卖盘
1971,11:08:30,20.03,140166,70,买盘
1972,11:08:33,20.02,178191,89,卖盘
1973,11:08:36,20.02,282327,141,卖盘
1974,11:08:39,20.02,146146,73,卖盘
1975,11:08:42,20.03,140152,70,买盘
1976,11:08:45,20.03,1021520,510,买盘
1977,11:08:48,20.03,96136,48,买盘
1978,11:08:51,20.02,102114,51,卖盘
1979,11:08:54,20.03,182261,91,买盘
1980,11:08:57,20.02,60065,30,卖盘
1981,11:09:00,20.03,432487,216,买盘
1982,11:09:03,20.02,272358,136,卖盘
1983,11:09:06,20.03,2496337,1246,买盘
1984,11:09:09,20.04,725339,362,买盘
1985,11:09:12,20.03,216402,108,卖盘
1986,11:09:15,20.03,268469,134,卖盘
1987,11:09:18,20.03,198381,99,卖盘
1988,11:09:21,20.03,84133,42,卖盘
1989,11:09:24,20.03,108170,54,卖盘
1990,11:09:27,20.04,24048,12,买盘
1991,11:09:30,20.03,242429,121,卖盘
1992,11:09:33,20.04,216432,108,买盘
1993,11:09:36,20.04,2234257,1115,买盘
1994,11:09:39,20.04,929917,464,买盘
1995,11:09:42,20.04,396759,198,买盘
1996,11:09:45,20.04,254508,127,买盘
1997,11:09:48,20.04,444779,222,买盘
1998,11:09:51,20.04,705394,352,买盘
1999,11:09:54,20.04,280531,140,买盘
2000,11:09:57,20.04,70136,35,买盘
2001,11:10:00,20.03,434846,217,卖盘
2002,11:10:03,20.04,48091,24,买盘
2003,11:10:06,20.04,46080,23,买盘
2004,11:10:09,20.03,218429,109,卖盘
2005,11:10:12,20.03,414787,207,卖盘
2006,11:10:15,20.04,96153,48,买盘
2007,11:10:18,20.04,176327,88,买盘
2008,11:10:21,20.03,76127,38,卖盘
2009,11:10:24,20.04,120240,60,买盘
2010,11:10:27,20.03,88166,44,卖盘
2011,11:10:30,20.03,264499,132,卖盘
2012,11:10:33,20.04,509001,254,买盘
2013,11:10:36,20.04,122233,61,买盘
2014,11:10:39,20.04,74144,37,买盘
2015,11:10:42,20.04,410695,205,买盘
2016,11:10:45,20.04,58109,29,买盘
2017,11:10:48,20.04,587159,293,买盘
2018,11:10:51,20.04,867896,433,买盘
2019,11:10:54,20.05,543159,271,买盘
2020,11:10:57,20.05,639574,319,买盘
2021,11:11:00,20.04,703606,351,卖盘
2022,11:11:03,20.05,904052,451,买盘
2023,11:11:06,20.05,407024,203,卖盘
2024,11:11:09,20.05,1104533,551,卖盘
2025,11:11:12,20.05,581430,290,买盘
2026,11:11:15,20.04,535242,267,卖盘
2027,11:11:18,20.04,278661,139,卖盘
2028,11:11:21,20.05,130294,65,买盘
2029,11:11:24,20.05,330815,165,买盘
2030,11:11:27,20.05,148359,74,买盘
2031,11:11:30,20.05,262589,131,买盘
2032,11:11:33,20.04,92205,46,卖盘
2033,11:11:36,20.04,573144,286,卖盘
2034,11:11:39,20.04,68112,34,买盘
2035,11:11:42,20.03,294535,147,卖盘
2036,11:11:45,20.03,154231,77,卖盘
2037,11:11:48,20.04,276462,138,买盘
2038,11:11:51,20.04,2132194,1064,买盘
2039,11:11:54,20.04,152271,76,买盘
2040,11:11:57,20.03,172332,86,卖盘
2041,11:12:00,20.03,80130,40,卖盘
2042,11:12:03,20.04,284568,142,买盘
2043,11:12:06,20.04,212397,106,买盘
2044,11:12:09,20.03,70125,35,卖盘
2045,11:12:12,20.04,436904,218,买盘
2046,11:12:15,20.05,54113,27,买盘
2047,11:12:18,20.04,2531078,1263,卖盘
2048,11:12:21,20.04,138274,69,买盘
2049,11:12:24,20.04,168354,84,中性盘
2050,11:12:27,20.04,102204,51,买盘
2051,11:12:30,20.03,494990,247,卖盘
2052,11:12:33,20.04,172340,86,买盘
2053,11:12:36,20.04,188394,94,卖盘
2054,11:12:39,20.05,425045,212,买盘
2055,11:12:42,20.04,378923,189,卖盘
2056,11:12:45,20.04,42089,21,卖盘
2057,11:12:48,20.05,460981,230,买盘
2058,11:12:51,20.05,210442,105,买盘
2059,11:12:54,20.04,60139,30,卖盘
2060,11:12:57,20.04,140280,70,卖盘
2061,11:13:00,20.04,236456,118,卖盘
2062,11:13:03,20.04,378755,189,买盘
2063,11:13:06,20.04,248430,124,买盘
2064,11:13:09,20.03,46072,23,卖盘
2065,11:13:12,20.04,1032040,515,买盘
2066,11:13:15,20.04,120219,60,买盘
2067,11:13:18,20.03,30056,15,卖盘
2068,11:13:21,20.04,514779,257,买盘
2069,11:13:24,20.03,132227,66,卖盘
2070,11:13:27,20.03,144266,72,卖盘
2071,11:13:30,20.03,120199,60,卖盘
2072,11:13:33,20.04,504940,252,买盘
2073,11:13:36,20.04,324648,162,买盘
2074,11:13:39,20.03,1065609,532,卖盘
2075,11:13:42,20.04,382759,191,买盘
2076,11:13:45,20.04,1270275,634,卖盘
2077,11:13:48,20.04,22044,11,中性盘
2078,11:13:51,20.04,110200,55,买盘
2079,11:13:54,20.03,218444,109,卖盘
2080,11:13:57,20.04,182381,91,中性盘
2081,11:14:00,20.05,98198,49,买盘
2082,11:14:03,20.07,3646040,1818,买盘
2083,11:14:06,20.06,954856,476,中性盘
2084,11:14:09,20.06,76241,38,卖盘
2085,11:14:12,20.05,238714,119,卖盘
2086,11:14:15,20.06,46138,23,买盘
2087,11:14:18,20.06,90293,45,中性盘
2088,11:14:21,20.06,188593,94,卖盘
2089,11:14:24,20.06,40104,20,中性盘
2090,11:14:27,20.05,342951,171,卖盘
2091,11:14:30,20.06,335053,167,买盘
2092,11:14:33,20.07,439225,219,买盘
2093,11:14:36,20.07,303057,151,买盘
2094,11:14:39,20.07,78310,39,卖盘
2095,11:14:42,20.09,184671,92,买盘
2096,11:14:45,20.07,54202,27,卖盘
2097,11:14:48,20.08,16064,8,买盘
2098,11:14:51,20.08,70260,35,买盘
2099,11:14:54,20.08,134536,67,买盘
2100,11:14:57,20.08,351386,175,买盘
2101,11:15:00,20.07,1117878,557,卖盘
2102,11:15:03,20.07,156620,78,卖盘
2103,11:15:06,20.07,22077,11,卖盘
2104,11:15:09,20.08,441703,220,买盘
2105,11:15:12,20.08,1029696,513,卖盘
2106,11:15:15,20.08,142525,71,买盘
2107,11:15:18,20.08,54210,27,买盘
2108,11:15:21,20.08,210798,105,买盘
2109,11:15:24,20.08,234824,117,买盘
2110,11:15:27,20.08,769023,383,买盘
2111,11:15:30,20.08,485891,242,买盘
2112,11:15:33,20.07,1393690,694,卖盘
2113,11:15:36,20.08,931712,464,中性盘
2114,11:15:39,20.07,134509,67,卖盘
2115,11:15:42,20.08,339332,169,买盘
2116,11:15:45,20.09,283103,141,买盘
2117,11:15:48,20.08,212897,106,卖盘
2118,11:15:51,20.09,709012,353,买盘
2119,11:15:54,20.09,2179807,1085,买盘
2120,11:15:57,20.1,333638,166,买盘
2121,11:16:00,20.09,124560,62,卖盘
2122,11:16:03,20.1,12055,6,买盘
2123,11:16:06,20.1,48230,24,买盘
2124,11:16:09,20.1,253255,126,买盘
2125,11:16:12,20.1,436150,217,买盘
2126,11:16:15,20.1,118590,59,买盘
2127,11:16:18,20.1,178898,89,买盘
2128,11:16:21,20.09,162785,81,卖盘
2129,11:16:24,20.09,46216,23,卖盘
2130,11:16:27,20.1,112544,56,买盘
2131,11:16:30,20.1,247193,123,买盘
2132,11:16:33,20.1,102504,51,买盘
2133,11:16:36,20.1,100489,50,买盘
2134,11:16:39,20.1,80369,40,买盘
2135,11:16:42,20.1,132621,66,买盘
2136,11:16:45,20.09,930167,463,卖盘
2137,11:16:48,20.08,54227,27,卖盘
2138,11:16:51,20.09,100415,50,买盘
2139,11:16:54,20.08,122535,61,卖盘
2140,11:16:57,20.09,36156,18,买盘
2141,11:17:00,20.08,867460,432,卖盘
2142,11:17:03,20.09,265115,132,买盘
2143,11:17:06,20.09,120524,60,买盘
2144,11:17:09,20.1,3121999,1554,买盘
2145,11:17:12,20.1,1004974,500,买盘
2146,11:17:15,20.1,329702,164,卖盘
2147,11:17:18,20.11,114624,57,买盘
2148,11:17:21,20.11,192990,96,买盘
2149,11:17:24,20.11,40219,20,买盘
2150,11:17:27,20.11,213131,106,买盘
2151,11:17:30,20.11,402179,200,买盘
2152,11:17:33,20.1,372025,185,卖盘
2153,11:17:36,20.1,32168,16,卖盘
2154,11:17:39,20.1,193031,96,卖盘
2155,11:17:42,20.11,247335,123,买盘
2156,11:17:45,20.1,241221,120,卖盘
2157,11:17:48,20.1,182948,91,卖盘
2158,11:17:51,20.11,146776,73,买盘
2159,11:17:54,20.1,207121,103,卖盘
2160,11:17:57,20.1,275491,137,卖盘
2161,11:18:00,20.11,231221,115,买盘
2162,11:18:03,20.1,78422,39,卖盘
2163,11:18:06,20.11,154819,77,买盘
2164,11:18:09,20.1,910964,453,卖盘
2165,11:18:12,20.11,436377,217,买盘
2166,11:18:15,20.11,1690511,841,卖盘
2167,11:18:18,20.11,66363,33,买盘
2168,11:18:21,20.11,896881,446,买盘
2169,11:18:24,20.12,98549,49,买盘
2170,11:18:27,20.11,275628,137,卖盘
2171,11:18:30,20.11,108605,54,卖盘
2172,11:18:33,20.11,140798,70,卖盘
2173,11:18:36,20.11,611658,304,卖盘
2174,11:18:39,20.13,1062237,528,买盘
2175,11:18:42,20.13,551540,274,买盘
2176,11:18:45,20.12,432635,215,卖盘
2177,11:18:48,20.12,547340,272,卖盘
2178,11:18:51,20.12,205265,102,卖盘
2179,11:18:54,20.11,687788,342,卖盘
2180,11:18:57,20.12,229317,114,买盘
2181,11:19:00,20.1,359899,179,卖盘
2182,11:19:03,20.11,170858,85,买盘
2183,11:19:06,20.1,201010,100,卖盘
2184,11:19:09,20.1,1105283,550,卖盘
2185,11:19:12,20.11,613217,305,买盘
2186,11:19:15,20.1,223179,111,卖盘
2187,11:19:18,20.11,168939,84,买盘
2188,11:19:21,20.11,343915,171,买盘
2189,11:19:24,20.11,176998,88,卖盘
2190,11:19:27,20.11,138789,69,卖盘
2191,11:19:30,20.11,555102,276,卖盘
2192,11:19:33,20.11,341743,170,买盘
2193,11:19:36,20.1,40218,20,卖盘
2194,11:19:39,20.11,120632,60,买盘
2195,11:19:42,20.1,54271,27,卖盘
2196,11:19:45,20.1,56281,28,卖盘
2197,11:19:48,20.1,1361791,678,卖盘
2198,11:19:51,20.1,46217,23,卖盘
2199,11:19:54,20.09,220917,110,中性盘
2200,11:19:57,20.09,164668,82,买盘
2201,11:20:00,20.09,536523,267,中性盘
2202,11:20:03,20.1,251165,125,买盘
2203,11:20:06,20.1,205003,102,买盘
2204,11:20:09,20.1,112569,56,卖盘
2205,11:20:12,20.11,766043,381,买盘
2206,11:20:15,20.1,30161,15,卖盘
2207,11:20:18,20.11,88442,44,买盘
2208,11:20:21,20.11,744051,370,买盘
2209,11:20:24,20.11,351953,175,中性盘
2210,11:20:27,20.11,80436,40,卖盘
2211,11:20:30,20.11,106581,53,卖盘
2212,11:20:33,20.11,82472,41,买盘
2213,11:20:36,20.11,313716,156,买盘
2214,11:20:39,20.11,148822,74,卖盘
2215,11:20:42,20.11,197111,98,卖盘
2216,11:20:45,20.11,261400,130,卖盘
2217,11:20:48,20.11,64331,32,买盘
2218,11:20:51,20.1,448230,223,卖盘
2219,11:20:54,20.1,72336,36,买盘
2220,11:20:57,20.1,132654,66,买盘
2221,11:21:00,20.09,343614,171,卖盘
2222,11:21:03,20.09,152693,76,卖盘
2223,11:21:06,20.09,309432,154,卖盘
2224,11:21:09,20.1,367823,183,买盘
2225,11:21:12,20.1,80363,40,买盘
2226,11:21:15,20.09,154697,77,卖盘
2227,11:21:18,20.1,60298,30,买盘
2228,11:21:21,20.1,446069,222,买盘
2229,11:21:24,20.1,132646,66,买盘
2230,11:21:27,20.09,227081,113,卖盘
2231,11:21:30,20.09,138639,69,卖盘
2232,11:21:33,20.09,54245,27,卖盘
2233,11:21:36,20.11,2116531,1053,买盘
2234,11:21:39,20.1,382062,190,卖盘
2235,11:21:42,20.12,203106,101,买盘
2236,11:21:45,20.11,267584,133,卖盘
2237,11:21:48,20.12,315882,157,买盘
2238,11:21:51,20.12,337996,168,买盘
2239,11:21:54,20.12,215284,107,买盘
2240,11:21:57,20.11,307811,153,卖盘
2241,11:22:00,20.11,354072,176,卖盘
2242,11:22:03,20.11,2081044,1035,卖盘
2243,11:22:06,20.12,394060,196,买盘
2244,11:22:09,20.11,537134,267,卖盘
2245,11:22:12,20.12,816882,406,买盘
2246,11:22:15,20.12,623521,310,卖盘
2247,11:22:18,20.12,72460,36,卖盘
2248,11:22:21,20.12,102612,51,卖盘
2249,11:22:24,20.12,684367,340,卖盘
2250,11:22:27,20.12,195141,97,卖盘
2251,11:22:30,20.12,128730,64,买盘
2252,11:22:33,20.12,183031,91,买盘
2253,11:22:36,20.11,106595,53,卖盘
2254,11:22:39,20.11,293608,146,卖盘
2255,11:22:42,20.11,406222,202,卖盘
2256,11:22:45,20.11,182981,91,卖盘
2257,11:22:48,20.1,70354,35,卖盘
2258,11:22:51,20.11,138705,69,买盘
2259,11:22:54,20.1,371983,185,卖盘
2260,11:22:57,20.1,46239,23,卖盘
2261,11:23:00,20.1,313620,156,卖盘
2262,11:23:03,20.1,6123113,3049,卖盘
2263,11:23:06,20.1,94470,47,买盘
2264,11:23:09,20.1,251250,125,买盘
2265,11:23:12,20.1,156780,78,卖盘
2266,11:23:15,20.1,142711,71,卖盘
2267,11:23:18,20.09,42189,21,卖盘
2268,11:23:21,20.09,148721,74,卖盘
2269,11:23:24,20.09,433994,216,卖盘
2270,11:23:27,20.1,56262,28,买盘
2271,11:23:30,20.09,80354,40,卖盘
2272,11:23:33,20.09,596767,297,买盘
2273,11:23:36,20.1,130612,65,中性盘
2274,11:23:39,20.1,66330,33,买盘
2275,11:23:42,20.11,164852,82,买盘
2276,11:23:45,20.1,368006,183,卖盘
2277,11:23:48,20.1,8040,4,卖盘
2278,11:23:51,20.1,118591,59,卖盘
2279,11:23:54,20.1,86415,43,卖盘
2280,11:23:57,20.1,34154,17,买盘
2281,11:24:00,20.1,604990,301,买盘
2282,11:24:03,20.1,474301,236,卖盘
2283,11:24:06,20.1,66333,33,卖盘
2284,11:24:09,20.1,217075,108,卖盘
2285,11:24:12,20.1,297513,148,卖盘
2286,11:24:15,20.1,68340,34,卖盘
2287,11:24:18,20.11,190961,95,买盘
2288,11:24:21,20.09,227116,113,卖盘
2289,11:24:24,20.1,2010,1,买盘
2290,11:24:27,20.09,80360,40,卖盘
2291,11:24:30,20.09,64291,32,卖盘
2292,11:24:33,20.09,413854,206,卖盘
2293,11:24:36,20.1,588658,293,买盘
2294,11:24:39,20.1,1013023,504,买盘
2295,11:24:42,20.1,86430,43,卖盘
2296,11:24:45,20.09,24110,12,卖盘
2297,11:24:48,20.1,28137,14,买盘
2298,11:24:51,20.1,446195,222,买盘
2299,11:24:54,20.1,243255,121,卖盘
2300,11:24:57,20.1,156791,78,卖盘
2301,11:25:00,20.1,215070,107,卖盘
2302,11:25:03,20.1,285456,142,卖盘
2303,11:25:06,20.1,122610,61,卖盘
2304,11:25:09,20.1,78390,39,卖盘
2305,11:25:12,20.1,311633,155,卖盘
2306,11:25:15,20.11,56291,28,买盘
2307,11:25:18,20.11,62312,31,买盘
2308,11:25:21,20.1,257295,128,卖盘
2309,11:25:24,20.1,404187,201,卖盘
2310,11:25:27,20.1,180924,90,卖盘
2311,11:25:30,20.1,194981,97,卖盘
2312,11:25:33,20.1,201007,100,卖盘
2313,11:25:36,20.11,106559,53,买盘
2314,11:25:39,20.1,150758,75,卖盘
2315,11:25:42,20.1,46230,23,卖盘
2316,11:25:45,20.1,299498,149,卖盘
2317,11:25:48,20.11,504624,251,买盘
2318,11:25:51,20.1,78412,39,卖盘
2319,11:25:54,20.1,392111,195,卖盘
2320,11:25:57,20.1,225097,112,卖盘
2321,11:26:00,20.1,383861,191,卖盘
2322,11:26:03,20.1,1117347,556,卖盘
2323,11:26:06,20.09,62278,31,卖盘
2324,11:26:09,20.1,74365,37,买盘
2325,11:26:12,20.09,160697,80,卖盘
2326,11:26:15,20.09,48219,24,卖盘
2327,11:26:18,20.11,799858,398,买盘
2328,11:26:21,20.09,247155,123,卖盘
2329,11:26:24,20.11,1890106,941,买盘
2330,11:26:27,20.09,126593,63,卖盘
2331,11:26:30,20.1,243182,121,买盘
2332,11:26:33,20.1,281311,140,买盘
2333,11:26:36,20.08,436077,217,卖盘
2334,11:26:39,20.09,16072,8,买盘
2335,11:26:42,20.09,60250,30,买盘
2336,11:26:45,20.09,42170,21,买盘
2337,11:26:48,20.09,2609754,1299,买盘
2338,11:26:51,20.1,239118,119,中性盘
2339,11:26:54,20.09,98459,49,卖盘
2340,11:26:57,20.1,70343,35,买盘
2341,11:27:00,20.09,341643,170,卖盘
2342,11:27:03,20.09,482223,240,买盘
2343,11:27:06,20.1,186901,93,买盘
2344,11:27:09,20.1,62310,31,买盘
2345,11:27:12,20.09,82382,41,卖盘
2346,11:27:15,20.09,192943,96,卖盘
2347,11:27:18,20.09,261180,130,卖盘
2348,11:27:21,20.1,856367,426,买盘
2349,11:27:24,20.1,432309,215,卖盘
2350,11:27:27,20.11,168907,84,买盘
2351,11:27:30,20.11,259395,129,买盘
2352,11:27:33,20.11,504943,251,卖盘
2353,11:27:36,20.12,92510,46,买盘
2354,11:27:39,20.12,158896,79,买盘
2355,11:27:42,20.11,122682,61,卖盘
2356,11:27:45,20.11,94492,47,买盘
2357,11:27:48,20.11,1034026,514,买盘
2358,11:27:51,20.1,211180,105,卖盘
2359,11:27:54,20.11,2270186,1130,买盘
2360,11:27:57,20.08,1288402,641,卖盘
2361,11:28:00,20.12,804775,400,买盘
2362,11:28:03,20.12,703971,350,买盘
2363,11:28:06,20.12,517084,257,买盘
2364,11:28:09,20.13,501236,249,买盘
2365,11:28:12,20.13,187189,93,买盘
2366,11:28:15,20.12,1614397,802,卖盘
2367,11:28:18,20.13,96621,48,买盘
2368,11:28:21,20.13,104647,52,买盘
2369,11:28:24,20.12,173095,86,卖盘
2370,11:28:27,20.14,450791,224,买盘
2371,11:28:30,20.13,185192,92,卖盘
2372,11:28:33,20.14,189207,94,买盘
2373,11:28:36,20.13,108688,54,中性盘
2374,11:28:39,20.13,179186,89,买盘
2375,11:28:42,20.13,263747,131,买盘
2376,11:28:45,20.13,10065,5,卖盘
2377,11:28:48,20.14,90630,45,买盘
2378,11:28:51,20.14,74488,37,买盘
2379,11:28:54,20.15,634474,315,买盘
2380,11:28:57,20.13,30195,15,卖盘
2381,11:29:00,20.14,269789,134,买盘
2382,11:29:03,20.14,2209045,1097,卖盘
2383,11:29:06,20.15,28205,14,买盘
2384,11:29:09,20.14,275998,137,卖盘
2385,11:29:12,20.14,837902,416,卖盘
2386,11:29:15,20.14,30208,15,买盘
2387,11:29:18,20.14,604213,300,买盘
2388,11:29:21,20.14,990589,492,买盘
2389,11:29:24,20.15,539574,268,买盘
2390,11:29:27,20.15,280052,139,买盘
2391,11:29:30,20.14,416716,207,卖盘
2392,11:29:33,20.14,239701,119,买盘
2393,11:29:36,20.15,96688,48,买盘
2394,11:29:39,20.14,163134,81,卖盘
2395,11:29:42,20.15,203455,101,买盘
2396,11:29:45,20.14,1245239,618,卖盘
2397,11:29:48,20.15,86676,43,卖盘
2398,11:29:51,20.15,326492,162,卖盘
2399,11:29:54,20.18,3272550,1624,买盘
2400,11:29:57,20.16,524228,260,卖盘
2401,11:30:00,20.17,276247,137,中性盘
2402,13:00:00,20.17,867435,430,买盘
2403,13:00:03,20.17,3296064,1634,卖盘
2404,13:00:06,20.18,3791594,1880,买盘
2405,13:00:09,20.18,5810006,2880,买盘
2406,13:00:12,20.18,1560034,773,卖盘
2407,13:00:15,20.17,7563430,3748,卖盘
2408,13:00:18,20.17,678553,337,卖盘
2409,13:00:21,20.16,1102803,547,卖盘
2410,13:00:24,20.17,1187505,589,买盘
2411,13:00:27,20.14,2136556,1060,卖盘
2412,13:00:30,20.13,340231,169,卖盘
2413,13:00:33,20.13,243532,121,买盘
2414,13:00:36,20.13,424750,211,买盘
2415,13:00:39,20.13,205326,102,卖盘
2416,13:00:43,20.13,1062631,528,卖盘
2417,13:00:45,20.13,326106,162,买盘
2418,13:00:48,20.13,205323,102,买盘
2419,13:00:51,20.12,239433,119,卖盘
2420,13:00:54,20.12,221408,110,卖盘
2421,13:00:57,20.12,931371,463,卖盘
2422,13:01:00,20.11,279613,139,卖盘
2423,13:01:03,20.11,581262,289,买盘
2424,13:01:06,20.12,225266,112,买盘
2425,13:01:09,20.12,172985,86,买盘
2426,13:01:12,20.12,1015970,505,买盘
2427,13:01:15,20.12,529156,263,买盘
2428,13:01:18,20.12,187116,93,卖盘
2429,13:01:21,20.13,483034,240,买盘
2430,13:01:24,20.12,619777,308,卖盘
2431,13:01:27,20.13,617855,307,买盘
2432,13:01:30,20.12,539056,268,卖盘
2433,13:01:33,20.14,239537,119,买盘
2434,13:01:36,20.13,74507,37,卖盘
2435,13:01:39,20.14,18121,9,买盘
2436,13:01:42,20.14,144966,72,买盘
2437,13:01:45,20.14,473278,235,买盘
2438,13:01:48,20.14,136952,68,买盘
2439,13:01:51,20.14,1844081,916,买盘
2440,13:01:54,20.13,191236,95,卖盘
2441,13:01:57,20.13,903840,449,买盘
2442,13:02:00,20.13,1072291,533,卖盘
2443,13:02:03,20.13,177144,88,买盘
2444,13:02:06,20.12,231388,115,卖盘
2445,13:02:09,20.13,108685,54,买盘
2446,13:02:12,20.13,575597,286,买盘
2447,13:02:15,20.13,193226,96,买盘
2448,13:02:18,20.13,199317,99,卖盘
2449,13:02:21,20.13,1458956,725,卖盘
2450,13:02:24,20.13,181179,90,卖盘
2451,13:02:27,20.13,112709,56,卖盘
2452,13:02:30,20.11,1136390,565,卖盘
2453,13:02:33,20.12,60380,30,中性盘
2454,13:02:36,20.11,170953,85,卖盘
2455,13:02:39,20.11,181089,90,卖盘
2456,13:02:42,20.13,303753,151,买盘
2457,13:02:45,20.13,187187,93,买盘
2458,13:02:48,20.12,38229,19,卖盘
2459,13:02:51,20.12,138814,69,卖盘
2460,13:02:54,20.13,358191,178,买盘
2461,13:02:57,20.12,199196,99,买盘
2462,13:03:00,20.12,88527,44,卖盘
2463,13:03:03,20.11,1428000,710,卖盘
2464,13:03:06,20.11,536942,267,卖盘
2465,13:03:09,20.12,498695,248,买盘
2466,13:03:12,20.1,180927,90,卖盘
2467,13:03:15,20.1,1310592,652,卖盘
2468,13:03:18,20.1,213066,106,买盘
2469,13:03:21,20.1,323563,161,买盘
2470,13:03:24,20.1,693354,345,买盘
2471,13:03:27,20.1,514409,256,买盘
2472,13:03:30,20.1,289366,144,买盘
2473,13:03:33,20.1,225118,112,卖盘
2474,13:03:36,20.1,1111881,553,卖盘
2475,13:03:39,20.11,120609,60,中性盘
2476,13:03:42,20.11,367979,183,卖盘
2477,13:03:45,20.11,518822,258,卖盘
2478,13:03:48,20.12,54285,27,买盘
2479,13:03:51,20.1,388008,193,卖盘
2480,13:03:54,20.12,333873,166,买盘
2481,13:03:57,20.11,184984,92,买盘
2482,13:04:00,20.11,88478,44,卖盘
2483,13:04:03,20.11,64352,32,中性盘
2484,13:04:06,20.11,2011,1,中性盘
2485,13:04:09,20.12,1841173,916,买盘
2486,13:04:12,20.11,273576,136,卖盘
2487,13:04:16,20.11,40221,20,卖盘
2488,13:04:18,20.12,195112,97,买盘
2489,13:04:21,20.12,156894,78,买盘
2490,13:04:24,20.13,317920,158,买盘
2491,13:04:27,20.13,84528,42,买盘
2492,13:04:30,20.13,134819,67,买盘
2493,13:04:33,20.13,74451,37,买盘
2494,13:04:36,20.13,20130,10,买盘
2495,13:04:39,20.13,631895,314,买盘
2496,13:04:42,20.13,458877,228,卖盘
2497,13:04:45,20.13,16104,8,卖盘
2498,13:04:48,20.13,229562,114,卖盘
2499,13:04:51,20.13,221448,110,卖盘
2500,13:04:54,20.14,670339,333,买盘
2501,13:04:57,20.14,910445,452,卖盘
2502,13:05:00,20.14,116822,58,卖盘
2503,13:05:03,20.14,1174252,583,卖盘
2504,13:05:06,20.14,805801,400,买盘
2505,13:05:09,20.14,364839,181,卖盘
2506,13:05:12,20.14,94659,47,卖盘
2507,13:05:15,20.16,620674,308,买盘
2508,13:05:19,20.15,40300,20,卖盘
2509,13:05:21,20.15,66496,33,卖盘
2510,13:05:24,20.16,606806,301,买盘
2511,13:05:27,20.15,272101,135,卖盘
2512,13:05:30,20.16,104797,52,买盘
2513,13:05:33,20.15,564208,280,卖盘
2514,13:05:36,20.14,253916,126,卖盘
2515,13:05:39,20.14,725649,360,卖盘
2516,13:05:42,20.15,193414,96,买盘
2517,13:05:48,20.15,155095,77,买盘
2518,13:05:51,20.14,199399,99,卖盘
2519,13:05:54,20.14,886349,440,卖盘
2520,13:05:57,20.14,557878,277,卖盘
2521,13:06:00,20.14,455320,226,卖盘
2522,13:06:03,20.13,763290,379,卖盘
2523,13:06:06,20.14,350286,174,买盘
2524,13:06:09,20.14,1200576,596,买盘
2525,13:06:12,20.14,332230,165,买盘
2526,13:06:15,20.14,891967,443,买盘
2527,13:06:18,20.14,418934,208,买盘
2528,13:06:21,20.14,549950,273,买盘
2529,13:06:24,20.14,499472,248,买盘
2530,13:06:27,20.16,1318202,654,买盘
2531,13:06:30,20.14,465260,231,卖盘
2532,13:06:33,20.14,1249869,621,卖盘
2533,13:06:36,20.14,104715,52,买盘
2534,13:06:40,20.13,3907508,1938,卖盘
2535,13:06:42,20.13,211433,105,卖盘
2536,13:06:45,20.13,66436,33,卖盘
2537,13:06:48,20.14,26176,13,买盘
2538,13:06:51,20.14,100661,50,买盘
2539,13:06:54,20.14,223542,111,买盘
2540,13:06:57,20.15,638489,317,买盘
2541,13:07:00,20.14,267866,133,卖盘
2542,13:07:03,20.15,187321,93,买盘
2543,13:07:06,20.14,332310,165,卖盘
2544,13:07:09,20.15,34250,17,买盘
2545,13:07:12,20.14,112784,56,卖盘
2546,13:07:15,20.14,3357261,1666,卖盘
2547,13:07:18,20.14,183317,91,卖盘
2548,13:07:21,20.14,408950,203,卖盘
2549,13:07:24,20.14,276089,137,卖盘
2550,13:07:27,20.15,493580,245,买盘
2551,13:07:30,20.15,314299,156,卖盘
2552,13:07:33,20.17,530191,263,买盘
2553,13:07:36,20.15,197476,98,卖盘
2554,13:07:39,20.15,135100,67,卖盘
2555,13:07:42,20.17,338766,168,买盘
2556,13:07:45,20.17,552646,274,买盘
2557,13:07:48,20.17,294526,146,卖盘
2558,13:07:51,20.17,1210094,600,卖盘
2559,13:07:54,20.17,336848,167,卖盘
2560,13:07:57,20.17,829345,411,卖盘
2561,13:08:00,20.17,2244216,1113,卖盘
2562,13:08:03,20.17,203802,101,卖盘
2563,13:08:06,20.17,52444,26,卖盘
2564,13:08:09,20.17,976669,484,卖盘
2565,13:08:12,20.17,159374,79,卖盘
2566,13:08:15,20.17,619225,307,卖盘
2567,13:08:18,20.17,310474,154,买盘
2568,13:08:21,20.16,326635,162,卖盘
2569,13:08:24,20.15,455486,226,卖盘
2570,13:08:27,20.17,596603,296,买盘
2571,13:08:30,20.16,346844,172,卖盘
2572,13:08:33,20.16,661154,328,卖盘
2573,13:08:36,20.16,719807,357,卖盘
2574,13:08:39,20.16,507832,252,卖盘
2575,13:08:42,20.15,120917,60,卖盘
2576,13:08:45,20.15,64490,32,卖盘
2577,13:08:48,20.15,390930,194,卖盘
2578,13:08:51,20.16,282117,140,买盘
2579,13:08:54,20.16,523925,260,买盘
2580,13:08:57,20.16,737497,366,买盘
2581,13:09:00,20.14,415010,206,卖盘
2582,13:09:03,20.15,227648,113,买盘
2583,13:09:06,20.14,400786,199,卖盘
2584,13:09:09,20.15,96692,48,买盘
2585,13:09:12,20.15,396892,197,买盘
2586,13:09:15,20.14,28196,14,卖盘
2587,13:09:18,20.14,167175,83,卖盘
2588,13:09:21,20.14,1204051,598,卖盘
2589,13:09:24,20.13,177118,88,卖盘
2590,13:09:27,20.12,122734,61,卖盘
2591,13:09:30,20.12,138843,69,卖盘
2592,13:09:33,20.12,521097,259,卖盘
2593,13:09:36,20.12,388475,193,卖盘
2594,13:09:39,20.13,1323085,657,买盘
2595,13:09:42,20.12,120725,60,卖盘
2596,13:09:45,20.12,146865,73,卖盘
2597,13:09:48,20.13,277708,138,买盘
2598,13:09:51,20.13,66386,33,买盘
2599,13:09:54,20.12,32206,16,卖盘
2600,13:09:57,20.11,402524,200,卖盘
2601,13:10:00,20.11,86494,43,卖盘
2602,13:10:03,20.12,213249,106,买盘
2603,13:10:06,20.12,511132,254,买盘
2604,13:10:09,20.12,42252,21,卖盘
2605,13:10:12,20.12,826900,411,卖盘
2606,13:10:15,20.12,116708,58,卖盘
2607,13:10:18,20.12,74444,37,中性盘
2608,13:10:21,20.13,440759,219,买盘
2609,13:10:24,20.12,52320,26,卖盘
2610,13:10:27,20.12,454920,226,卖盘
2611,13:10:30,20.11,1035868,515,卖盘
2612,13:10:33,20.11,1337013,665,卖盘
2613,13:10:36,20.11,424490,211,买盘
2614,13:10:39,20.1,187002,93,卖盘
2615,13:10:42,20.1,74370,37,卖盘
2616,13:10:46,20.11,412223,205,买盘
2617,13:10:48,20.11,128672,64,买盘
2618,13:10:51,20.1,70355,35,卖盘
2619,13:10:54,20.11,168907,84,买盘
2620,13:10:57,20.11,38201,19,买盘
2621,13:11:00,20.1,782224,389,卖盘
2622,13:11:03,20.1,331744,165,卖盘
2623,13:11:06,20.1,154771,77,卖盘
2624,13:11:09,20.1,1103496,549,卖盘
2625,13:11:12,20.08,1518657,756,卖盘
2626,13:11:15,20.08,100426,50,卖盘
2627,13:11:18,20.08,2008,1,卖盘
2628,13:11:21,20.07,2385248,1188,卖盘
2629,13:11:24,20.07,196731,98,卖盘
2630,13:11:27,20.08,327265,163,买盘
2631,13:11:30,20.07,264981,132,卖盘
2632,13:11:33,20.07,200734,100,卖盘
2633,13:11:36,20.08,170631,85,买盘
2634,13:11:39,20.07,32120,16,卖盘
2635,13:11:42,20.07,94340,47,卖盘
2636,13:11:45,20.08,682401,340,买盘
2637,13:11:48,20.07,94335,47,卖盘
2638,13:11:51,20.08,291126,145,买盘
2639,13:11:54,20.07,361273,180,卖盘
2640,13:11:57,20.08,90325,45,买盘
2641,13:12:00,20.06,908817,453,卖盘
2642,13:12:03,20.06,2144448,1069,卖盘
2643,13:12:06,20.07,140426,70,买盘
2644,13:12:09,20.06,22071,11,卖盘
2645,13:12:12,20.06,1757725,876,卖盘
2646,13:12:15,20.08,80287,40,买盘
2647,13:12:18,20.06,62212,31,卖盘
2648,13:12:21,20.07,72227,36,买盘
2649,13:12:24,20.07,557699,278,卖盘
2650,13:12:27,20.07,32112,16,买盘
2651,13:12:30,20.07,1131636,564,卖盘
2652,13:12:33,20.06,192661,96,卖盘
2653,13:12:36,20.06,592020,295,卖盘
2654,13:12:39,20.07,126419,63,买盘
2655,13:12:42,20.07,1665253,830,买盘
2656,13:12:45,20.08,843357,420,买盘
2657,13:12:48,20.07,810897,404,卖盘
2658,13:12:51,20.09,110449,55,买盘
2659,13:12:54,20.09,102447,51,买盘
2660,13:12:57,20.08,206918,103,卖盘
2661,13:13:00,20.09,108436,54,买盘
2662,13:13:03,20.08,475896,237,卖盘
2663,13:13:06,20.08,60233,30,卖盘
2664,13:13:09,20.08,379511,189,买盘
2665,13:13:12,20.07,100352,50,卖盘
2666,13:13:15,20.08,220771,110,买盘
2667,13:13:18,20.07,955356,476,卖盘
2668,13:13:21,20.07,234788,117,买盘
2669,13:13:24,20.06,54187,27,卖盘
2670,13:13:27,20.07,118372,59,买盘
2671,13:13:30,20.07,1598869,797,买盘
2672,13:13:33,20.08,652462,325,买盘
2673,13:13:36,20.07,126454,63,卖盘
2674,13:13:39,20.07,36127,18,卖盘
2675,13:13:42,20.07,533845,266,卖盘
2676,13:13:45,20.06,3172858,1582,卖盘
2677,13:13:48,20.06,44133,22,卖盘
2678,13:13:51,20.07,130398,65,买盘
2679,13:13:54,20.06,601799,300,卖盘
2680,13:13:57,20.06,174530,87,买盘
2681,13:14:00,20.07,323094,161,买盘
2682,13:14:03,20.06,698091,348,卖盘
2683,13:14:06,20.06,48145,24,卖盘
2684,13:14:09,20.06,128431,64,卖盘
2685,13:14:12,20.07,186627,93,买盘
2686,13:14:15,20.06,88272,44,卖盘
2687,13:14:18,20.07,190606,95,买盘
2688,13:14:21,20.07,337015,168,买盘
2689,13:14:24,20.06,415412,207,卖盘
2690,13:14:27,20.07,200691,100,买盘
2691,13:14:30,20.06,1436329,716,卖盘
2692,13:14:33,20.06,92300,46,卖盘
2693,13:14:36,20.06,700099,349,卖盘
2694,13:14:40,20.06,677845,338,卖盘
2695,13:14:42,20.05,208600,104,卖盘
2696,13:14:45,20.06,82237,41,买盘
2697,13:14:48,20.06,2541602,1267,买盘
2698,13:14:51,20.06,178486,89,买盘
2699,13:14:54,20.06,158440,79,买盘
2700,13:14:57,20.06,56159,28,买盘
2701,13:15:00,20.05,200522,100,卖盘
2702,13:15:03,20.05,761999,380,卖盘
2703,13:15:06,20.05,966411,482,卖盘
2704,13:15:09,20.05,114286,57,卖盘
2705,13:15:12,20.05,212538,106,卖盘
2706,13:15:15,20.05,52129,26,买盘
2707,13:15:18,20.04,44097,22,卖盘
2708,13:15:21,20.05,238519,119,买盘
2709,13:15:24,20.04,1797644,897,卖盘
2710,13:15:27,20.05,132266,66,买盘
2711,13:15:30,20.05,2704735,1349,买盘
2712,13:15:33,20.05,86221,43,卖盘
2713,13:15:36,20.04,701752,350,卖盘
2714,13:15:39,20.05,368785,184,卖盘
2715,13:15:42,20.05,248668,124,卖盘
2716,13:15:45,20.05,481367,240,卖盘
2717,13:15:48,20.06,363024,181,买盘
2718,13:15:51,20.06,641822,320,买盘
2719,13:15:54,20.07,1181938,589,买盘
2720,13:15:57,20.07,88352,44,卖盘
2721,13:16:00,20.09,245009,122,买盘
2722,13:16:03,20.08,164637,82,中性盘
2723,13:16:07,20.08,88312,44,买盘
2724,13:16:09,20.08,393539,196,买盘
2725,13:16:12,20.08,301158,150,买盘
2726,13:16:15,20.08,162703,81,卖盘
2727,13:16:18,20.09,1235301,615,买盘
2728,13:16:21,20.08,198789,99,卖盘
2729,13:16:24,20.08,142569,71,买盘
2730,13:16:27,20.09,152654,76,买盘
2731,13:16:30,20.08,12048,6,卖盘
2732,13:16:33,20.08,178742,89,卖盘
2733,13:16:36,20.09,1315760,655,买盘
2734,13:16:39,20.08,232938,116,卖盘
2735,13:16:42,20.08,82345,41,卖盘
2736,13:16:45,20.09,150623,75,买盘
2737,13:16:48,20.08,329316,164,卖盘
2738,13:16:51,20.09,14061,7,买盘
2739,13:16:54,20.09,624717,311,买盘
2740,13:16:57,20.1,130598,65,买盘
2741,13:17:00,20.08,1265630,630,卖盘
2742,13:17:03,20.09,407800,203,买盘
2743,13:17:06,20.09,395584,197,买盘
2744,13:17:10,20.08,265069,132,卖盘
2745,13:17:12,20.08,160679,80,卖盘
2746,13:17:15,20.08,748987,373,卖盘
2747,13:17:18,20.08,1016166,506,卖盘
2748,13:17:21,20.08,2020978,1006,中性盘
2749,13:17:24,20.08,118490,59,卖盘
2750,13:17:27,20.08,82338,41,卖盘
2751,13:17:30,20.09,10042,5,买盘
2752,13:17:33,20.08,18073,9,卖盘
2753,13:17:36,20.08,409756,204,卖盘
2754,13:17:39,20.09,62250,31,买盘
2755,13:17:42,20.09,62278,31,买盘
2756,13:17:45,20.09,425700,212,买盘
2757,13:17:48,20.08,403614,201,卖盘
2758,13:17:51,20.09,96405,48,买盘
2759,13:17:54,20.09,48210,24,买盘
2760,13:17:57,20.08,1317253,656,卖盘
2761,13:18:00,20.08,281149,140,买盘
2762,13:18:03,20.09,94365,47,买盘
2763,13:18:07,20.08,122511,61,卖盘
2764,13:18:09,20.08,102437,51,卖盘
2765,13:18:12,20.09,1270589,633,买盘
2766,13:18:15,20.08,208906,104,中性盘
2767,13:18:18,20.07,889143,443,卖盘
2768,13:18:21,20.09,451557,225,买盘
2769,13:18:24,20.09,96416,48,买盘
2770,13:18:27,20.07,286055,143,卖盘
2771,13:18:30,20.09,546443,272,买盘
2772,13:18:33,20.09,371706,185,卖盘
2773,13:18:36,20.09,192879,96,卖盘
2774,13:18:39,20.1,82380,41,买盘
2775,13:18:42,20.09,130601,65,卖盘
2776,13:18:45,20.09,164796,82,卖盘
2777,13:18:48,20.09,132627,66,卖盘
2778,13:18:51,20.09,305418,152,卖盘
2779,13:18:54,20.09,415721,207,卖盘
2780,13:18:57,20.08,231034,115,卖盘
2781,13:19:00,20.08,2086801,1040,卖盘
2782,13:19:03,20.08,102421,51,卖盘
2783,13:19:06,20.08,299212,149,卖盘
2784,13:19:09,20.07,18067,9,卖盘
2785,13:19:12,20.07,208738,104,卖盘
2786,13:19:15,20.07,126493,63,卖盘
2787,13:19:18,20.08,297053,148,买盘
2788,13:19:21,20.08,168646,84,买盘
2789,13:19:24,20.08,499921,249,买盘
2790,13:19:27,20.08,558236,278,卖盘
2791,13:19:30,20.09,993481,495,买盘
2792,13:19:33,20.08,295106,147,买盘
2793,13:19:36,20.09,206928,103,买盘
2794,13:19:39,20.09,700965,349,卖盘
2795,13:19:42,20.09,208910,104,买盘
2796,13:19:45,20.08,363464,181,卖盘
2797,13:19:48,20.08,74297,37,卖盘
2798,13:19:51,20.08,172711,86,卖盘
2799,13:19:54,20.09,6025,3,买盘
2800,13:19:57,20.09,142636,71,买盘
2801,13:20:00,20.09,166687,83,买盘
2802,13:20:03,20.09,58255,29,买盘
2803,13:20:06,20.09,172757,86,买盘
2804,13:20:09,20.08,1787130,890,卖盘
2805,13:20:12,20.07,317221,158,卖盘
2806,13:20:15,20.08,233015,116,中性盘
2807,13:20:18,20.08,146598,73,卖盘
2808,13:20:21,20.07,307122,153,卖盘
2809,13:20:24,20.07,52187,26,卖盘
2810,13:20:27,20.07,80281,40,卖盘
2811,13:20:30,20.07,154540,77,卖盘
2812,13:20:33,20.08,341340,170,买盘
2813,13:20:36,20.07,82307,41,卖盘
2814,13:20:39,20.08,166606,83,买盘
2815,13:20:42,20.08,1053742,525,买盘
2816,13:20:45,20.07,531972,265,卖盘
2817,13:20:48,20.07,74257,37,卖盘
2818,13:20:51,20.08,246786,123,买盘
2819,13:20:54,20.08,650577,324,买盘
2820,13:20:57,20.08,112407,56,买盘
2821,13:21:00,20.07,68243,34,卖盘
2822,13:21:03,20.08,136525,68,买盘
2823,13:21:07,20.07,405481,202,卖盘
2824,13:21:09,20.08,297024,148,买盘
2825,13:21:12,20.07,260956,130,卖盘
2826,13:21:15,20.07,385440,192,卖盘
2827,13:21:18,20.07,557836,278,卖盘
2828,13:21:21,20.07,803147,400,买盘
2829,13:21:24,20.07,110403,55,卖盘
2830,13:21:27,20.09,100392,50,买盘
2831,13:21:30,20.07,210752,105,卖盘
2832,13:21:34,20.08,18064,9,买盘
2833,13:21:36,20.07,311100,155,卖盘
2834,13:21:39,20.06,122388,61,卖盘
2835,13:21:42,20.06,311057,155,卖盘
2836,13:21:45,20.06,160480,80,卖盘
2837,13:21:48,20.06,40131,20,卖盘
2838,13:21:51,20.06,132407,66,卖盘
2839,13:21:55,20.07,379221,189,买盘
2840,13:21:57,20.07,234760,117,买盘
2841,13:22:00,20.07,341130,170,买盘
2842,13:22:03,20.07,130413,65,买盘
2843,13:22:06,20.06,200677,100,卖盘
2844,13:22:09,20.07,561938,280,买盘
2845,13:22:12,20.07,505711,252,买盘
2846,13:22:15,20.06,190644,95,卖盘
2847,13:22:18,20.06,240789,120,卖盘
2848,13:22:21,20.07,427460,213,买盘
2849,13:22:24,20.07,393441,196,买盘
2850,13:22:27,20.08,102413,51,买盘
2851,13:22:30,20.07,568202,283,卖盘
2852,13:22:33,20.06,134470,67,卖盘
2853,13:22:36,20.07,210785,105,中性盘
2854,13:22:39,20.07,128498,64,卖盘
2855,13:22:42,20.08,186693,93,卖盘
2856,13:22:45,20.09,789269,393,买盘
2857,13:22:48,20.08,110422,55,中性盘
2858,13:22:51,20.09,194830,97,买盘
2859,13:22:54,20.08,10040,5,卖盘
2860,13:22:57,20.08,30120,15,卖盘
2861,13:23:00,20.08,120480,60,卖盘
2862,13:23:03,20.09,299207,149,买盘
2863,13:23:06,20.08,638735,318,卖盘
2864,13:23:09,20.09,873652,435,买盘
2865,13:23:12,20.08,156637,78,卖盘
2866,13:23:15,20.09,80343,40,买盘
2867,13:23:18,20.08,383650,191,卖盘
2868,13:23:21,20.09,1446450,720,买盘
2869,13:23:24,20.09,152690,76,卖盘
2870,13:23:27,20.1,1065108,530,买盘
2871,13:23:30,20.09,1229364,612,卖盘
2872,13:23:34,20.1,329471,164,买盘
2873,13:23:36,20.09,180864,90,买盘
2874,13:23:39,20.1,285363,142,买盘
2875,13:23:42,20.1,1332528,663,买盘
2876,13:23:45,20.1,677344,337,买盘
2877,13:23:48,20.1,492353,245,买盘
2878,13:23:51,20.1,247202,123,买盘
2879,13:23:54,20.09,128602,64,卖盘
2880,13:23:57,20.09,58268,29,卖盘
2881,13:24:00,20.1,631089,314,买盘
2882,13:24:03,20.1,970747,483,买盘
2883,13:24:06,20.1,639042,318,买盘
2884,13:24:09,20.1,397959,198,买盘
2885,13:24:12,20.1,484490,241,买盘
2886,13:24:15,20.1,42214,21,卖盘
2887,13:24:18,20.1,574663,286,卖盘
2888,13:24:21,20.1,259251,129,买盘
2889,13:24:24,20.09,253261,126,卖盘
2890,13:24:27,20.1,1289401,641,卖盘
2891,13:24:30,20.09,403908,201,卖盘
2892,13:24:33,20.1,92442,46,买盘
2893,13:24:36,20.11,339748,169,买盘
2894,13:24:39,20.11,130665,65,买盘
2895,13:24:42,20.11,126664,63,买盘
2896,13:24:45,20.1,221162,110,卖盘
2897,13:24:48,20.1,472540,235,卖盘
2898,13:24:51,20.1,689365,343,卖盘
2899,13:24:54,20.1,116563,58,买盘
2900,13:24:57,20.1,436242,217,买盘
2901,13:25:00,20.09,162771,81,卖盘
2902,13:25:03,20.09,265188,132,卖盘
2903,13:25:06,20.1,225048,112,买盘
2904,13:25:09,20.1,259194,129,买盘
2905,13:25:12,20.1,90421,45,买盘
2906,13:25:15,20.09,70315,35,卖盘
2907,13:25:18,20.09,72352,36,卖盘
2908,13:25:21,20.09,261251,130,卖盘
2909,13:25:24,20.1,275359,137,买盘
2910,13:25:27,20.09,225094,112,卖盘
2911,13:25:30,20.1,102469,51,买盘
2912,13:25:33,20.1,48236,24,买盘
2913,13:25:36,20.1,269264,134,买盘
2914,13:25:39,20.1,1105970,550,买盘
2915,13:25:42,20.11,327810,163,买盘
2916,13:25:45,20.1,120607,60,卖盘
2917,13:25:48,20.11,178967,89,买盘
2918,13:25:51,20.1,116586,58,卖盘
2919,13:25:54,20.11,136748,68,买盘
2920,13:25:57,20.11,144792,72,买盘
2921,13:26:00,20.12,359915,179,买盘
2922,13:26:03,20.1,36204,18,卖盘
2923,13:26:06,20.11,352013,175,中性盘
2924,13:26:09,20.1,2090472,1040,卖盘
2925,13:26:12,20.12,468611,233,买盘
2926,13:26:15,20.12,160914,80,买盘
2927,13:26:18,20.11,134764,67,卖盘
2928,13:26:21,20.12,426494,212,买盘
2929,13:26:24,20.11,68374,34,卖盘
2930,13:26:27,20.11,179041,89,卖盘
2931,13:26:30,20.11,1183977,589,卖盘
2932,13:26:33,20.11,74407,37,买盘
2933,13:26:36,20.1,96502,48,卖盘
2934,13:26:39,20.1,263341,131,卖盘
2935,13:26:42,20.11,176945,88,买盘
2936,13:26:45,20.1,305671,152,卖盘
2937,13:26:48,20.11,50275,25,买盘
2938,13:26:51,20.1,434451,216,卖盘
2939,13:26:54,20.11,130698,65,买盘
2940,13:26:57,20.13,289742,144,买盘
2941,13:27:00,20.11,189041,94,卖盘
2942,13:27:03,20.11,132705,66,买盘
2943,13:27:06,20.11,229254,114,卖盘
2944,13:27:09,20.11,271492,135,买盘
2945,13:27:12,20.11,1455373,724,买盘
2946,13:27:15,20.11,76430,38,卖盘
2947,13:27:18,20.11,114656,57,卖盘
2948,13:27:21,20.12,100568,50,买盘
2949,13:27:24,20.12,205179,102,买盘
2950,13:27:27,20.12,434592,216,买盘
2951,13:27:30,20.12,126705,63,买盘
2952,13:27:33,20.11,249410,124,卖盘
2953,13:27:36,20.12,68383,34,买盘
2954,13:27:39,20.12,114672,57,买盘
2955,13:27:42,20.11,146820,73,卖盘
2956,13:27:45,20.1,538966,268,卖盘
2957,13:27:48,20.1,14071,7,卖盘
2958,13:27:51,20.1,1497034,745,卖盘
2959,13:27:55,20.1,84399,42,买盘
2960,13:27:57,20.09,454053,226,卖盘
2961,13:28:00,20.09,247109,123,卖盘
2962,13:28:03,20.09,313482,156,卖盘
2963,13:28:06,20.1,307499,153,买盘
2964,13:28:09,20.09,150711,75,卖盘
2965,13:28:12,20.1,1247713,621,买盘
2966,13:28:15,20.1,196922,98,买盘
2967,13:28:18,20.1,259255,129,买盘
2968,13:28:21,20.09,88408,44,卖盘
2969,13:28:24,20.09,500466,249,卖盘
2970,13:28:27,20.09,295362,147,卖盘
2971,13:28:30,20.09,118533,59,卖盘
2972,13:28:33,20.09,229039,114,卖盘
2973,13:28:36,20.1,212986,106,买盘
2974,13:28:39,20.1,98473,49,买盘
2975,13:28:42,20.09,174805,87,卖盘
2976,13:28:45,20.09,190942,95,卖盘
2977,13:28:48,20.09,98478,49,卖盘
2978,13:28:51,20.1,76351,38,买盘
2979,13:28:54,20.1,231143,115,买盘
2980,13:28:57,20.1,337596,168,买盘
2981,13:29:00,20.1,106508,53,买盘
2982,13:29:03,20.1,257252,128,买盘
2983,13:29:06,20.09,259161,129,卖盘
2984,13:29:09,20.1,152735,76,买盘
2985,13:29:12,20.1,178851,89,买盘
2986,13:29:15,20.1,56273,28,买盘
2987,13:29:18,20.1,209032,104,买盘
2988,13:29:21,20.1,239116,119,买盘
2989,13:29:24,20.1,122610,61,买盘
2990,13:29:27,20.09,1131692,563,卖盘
2991,13:29:30,20.09,156709,78,卖盘
2992,13:29:33,20.1,261232,130,买盘
