,成交时间,成交价格,成交金额,成交量,性质
0,09:25:01,66.37,6962213,1049,卖盘
1,09:30:01,66.36,92912,14,卖盘
2,09:30:04,66.31,1300680,196,卖盘
3,09:30:07,66.47,2130894,321,买盘
4,09:30:10,66.35,2490871,375,卖盘
5,09:30:13,66.4,2449228,369,买盘
6,09:30:16,66.37,2681563,404,卖盘
7,09:30:19,66.4,610888,92,中性盘
8,09:30:22,66.4,837561,126,卖盘
9,09:30:26,66.4,923686,139,卖盘
10,09:30:28,66.47,744223,112,中性盘
11,09:30:31,66.55,798353,120,买盘
12,09:30:34,66.62,1531661,230,买盘
13,09:30:37,66.62,772422,116,买盘
14,09:30:40,66.63,806069,121,中性盘
15,09:30:43,66.62,2031960,305,卖盘
16,09:30:46,66.58,1331996,200,卖盘
17,09:30:49,66.58,2509766,377,买盘
18,09:30:52,66.58,1730641,260,买盘
19,09:30:55,66.58,1244906,187,卖盘
20,09:30:58,66.61,2382010,358,买盘
21,09:31:01,66.58,3650770,548,卖盘
22,09:31:04,66.6,1338323,201,中性盘
23,09:31:07,66.6,799163,120,买盘
24,09:31:10,66.61,679360,102,买盘
25,09:31:13,66.61,812707,122,卖盘
26,09:31:16,66.63,553115,83,中性盘
27,09:31:19,66.66,459905,69,买盘
28,09:31:22,66.7,2113637,317,买盘
29,09:31:25,66.75,753960,113,买盘
30,09:31:28,66.83,1576229,236,买盘
31,09:31:31,66.86,2024853,303,买盘
32,09:31:34,66.94,1961215,293,买盘
33,09:31:37,67.05,7174468,1071,买盘
34,09:31:40,66.99,2648224,395,卖盘
35,09:31:43,66.95,2900059,433,卖盘
36,09:31:46,66.95,2296757,343,卖盘
37,09:31:49,66.89,2730661,408,卖盘
38,09:31:52,66.95,4862343,727,买盘
39,09:31:55,66.87,829077,124,中性盘
40,09:31:58,66.8,1805201,270,卖盘
41,09:32:01,66.81,1777848,266,中性盘
42,09:32:04,66.79,928360,139,卖盘
43,09:32:07,66.79,3814898,571,买盘
44,09:32:10,66.79,1395970,209,买盘
45,09:32:13,66.84,2811803,421,买盘
46,09:32:16,66.84,1529782,229,中性盘
47,09:32:19,66.86,441097,66,买盘
48,09:32:22,66.86,1336965,200,买盘
49,09:32:25,66.88,1190296,178,买盘
50,09:32:28,66.89,1819056,272,买盘
51,09:32:31,66.9,809449,121,买盘
52,09:32:34,66.92,1425184,213,买盘
53,09:32:37,66.93,568796,85,买盘
54,09:32:40,66.93,2382641,356,卖盘
55,09:32:43,66.8,9228523,1380,卖盘
56,09:32:46,66.84,2698477,404,买盘
57,09:32:49,66.8,1042171,156,卖盘
58,09:32:52,66.8,1362938,204,买盘
59,09:32:55,66.8,2243956,336,买盘
60,09:32:58,66.8,2391567,358,卖盘
61,09:33:01,66.7,2050057,307,卖盘
62,09:33:04,66.79,487527,73,中性盘
63,09:33:07,66.74,1815979,272,中性盘
64,09:33:10,66.77,627310,94,买盘
65,09:33:13,66.67,2734904,410,卖盘
66,09:33:16,66.71,1594291,239,卖盘
67,09:33:19,66.7,693939,104,卖盘
68,09:33:22,66.71,687266,103,买盘
69,09:33:25,66.71,2529443,379,卖盘
70,09:33:28,66.72,1821521,273,中性盘
71,09:33:31,66.72,707392,106,卖盘
72,09:33:34,66.76,1054566,158,买盘
73,09:33:37,66.76,353793,53,买盘
74,09:33:40,66.79,1675959,251,买盘
75,09:33:43,66.79,467373,70,买盘
76,09:33:46,66.8,587768,88,买盘
77,09:33:49,66.85,3307399,495,买盘
78,09:33:52,66.86,367684,55,买盘
79,09:33:55,66.86,1183485,177,买盘
80,09:33:58,66.88,454738,68,买盘
81,09:34:01,66.79,4425568,662,卖盘
82,09:34:04,66.76,4900799,734,卖盘
83,09:34:07,66.73,1254132,188,卖盘
84,09:34:10,66.73,4073716,610,买盘
85,09:34:13,66.68,1973987,296,卖盘
86,09:34:16,66.67,1486500,223,中性盘
87,09:34:19,66.61,1046199,157,卖盘
88,09:34:22,66.63,1086296,163,中性盘
89,09:34:25,66.63,752913,113,买盘
90,09:34:28,66.69,1753484,263,买盘
91,09:34:31,66.69,873694,131,卖盘
92,09:34:34,66.7,306811,46,买盘
93,09:34:37,66.7,1147182,172,卖盘
94,09:34:40,66.71,1087332,163,买盘
95,09:34:43,66.73,1287612,193,买盘
96,09:34:46,66.75,1341458,201,买盘
97,09:34:49,66.74,220285,33,卖盘
98,09:34:52,66.77,640781,96,买盘
99,09:34:55,66.7,4516411,677,卖盘
100,09:34:58,66.71,1214605,182,买盘
101,09:35:01,66.7,286900,43,卖盘
102,09:35:04,66.72,460346,69,中性盘
103,09:35:07,66.77,2863810,429,买盘
104,09:35:10,66.73,1068061,160,卖盘
105,09:35:13,66.75,100137,15,中性盘
106,09:35:16,66.76,453884,68,中性盘
107,09:35:19,66.75,280373,42,卖盘
108,09:35:22,66.75,587372,88,买盘
109,09:35:25,66.75,453901,68,买盘
110,09:35:28,66.74,1915382,287,卖盘
111,09:35:31,66.7,5069404,760,卖盘
112,09:35:34,66.68,1413807,212,卖盘
113,09:35:37,66.66,1726793,259,卖盘
114,09:35:40,66.66,853123,128,买盘
115,09:35:43,66.64,986501,148,中性盘
116,09:35:46,66.65,353157,53,中性盘
117,09:35:49,66.64,1406451,211,卖盘
118,09:35:52,66.62,2285421,343,卖盘
119,09:35:55,66.64,706332,106,买盘
120,09:35:58,66.61,173213,26,卖盘
121,09:36:01,66.62,1485416,223,卖盘
122,09:36:04,66.61,2532345,380,卖盘
123,09:36:07,66.62,899614,135,卖盘
124,09:36:10,66.62,346415,52,买盘
125,09:36:13,66.61,859365,129,卖盘
126,09:36:16,66.64,1179272,177,买盘
127,09:36:19,66.64,479818,72,卖盘
128,09:36:22,66.61,1945474,292,卖盘
129,09:36:25,66.57,5180272,778,卖盘
130,09:36:28,66.54,2463625,370,卖盘
131,09:36:31,66.52,399193,60,卖盘
132,09:36:34,66.52,332591,50,买盘
133,09:36:37,66.52,638567,96,买盘
134,09:36:40,66.52,545472,82,买盘
135,09:36:43,66.52,798142,120,卖盘
136,09:36:46,66.51,838007,126,卖盘
137,09:36:49,66.51,259373,39,买盘
138,09:36:52,66.5,798026,120,卖盘
139,09:36:55,66.5,1183761,178,卖盘
140,09:36:58,66.49,877708,132,卖盘
141,09:37:01,66.48,545218,82,卖盘
142,09:37:04,66.46,511880,77,卖盘
143,09:37:07,66.48,478582,72,买盘
144,09:37:10,66.46,485203,73,卖盘
145,09:37:13,66.46,438647,66,买盘
146,09:37:16,66.5,2852510,429,买盘
147,09:37:19,66.51,545246,82,买盘
148,09:37:22,66.49,345755,52,卖盘
149,09:37:26,66.49,339104,51,中性盘
150,09:37:28,66.48,272597,41,卖盘
151,09:37:31,66.48,3517318,529,卖盘
152,09:37:35,66.48,890691,134,买盘
153,09:37:37,66.41,790530,119,卖盘
154,09:37:40,66.39,1414595,213,卖盘
155,09:37:43,66.39,995768,150,卖盘
156,09:37:46,66.37,272142,41,卖盘
157,09:37:49,66.37,2024231,305,卖盘
158,09:37:52,66.37,258800,39,买盘
159,09:37:55,66.36,617165,93,中性盘
160,09:37:58,66.36,849355,128,卖盘
161,09:38:01,66.34,1074880,162,卖盘
162,09:38:04,66.33,411312,62,卖盘
163,09:38:07,66.34,729735,110,中性盘
164,09:38:10,66.34,603623,91,卖盘
165,09:38:13,66.34,749582,113,买盘
166,09:38:16,66.33,643386,97,买盘
167,09:38:19,66.32,371429,56,卖盘
168,09:38:22,66.32,941815,142,卖盘
169,09:38:25,66.32,457599,69,卖盘
170,09:38:28,66.32,815727,123,买盘
171,09:38:31,66.31,1664877,251,卖盘
172,09:38:34,66.32,742782,112,卖盘
173,09:38:37,66.4,2044216,308,买盘
174,09:38:40,66.4,298800,45,卖盘
175,09:38:43,66.41,657444,99,买盘
176,09:38:46,66.41,843299,127,买盘
177,09:38:49,66.43,438300,66,买盘
178,09:38:52,66.43,278967,42,买盘
179,09:38:56,66.44,219253,33,买盘
180,09:38:58,66.45,538166,81,买盘
181,09:39:01,66.45,239216,36,买盘
182,09:39:04,66.46,392092,59,买盘
183,09:39:07,66.46,571520,86,卖盘
184,09:39:10,66.46,478501,72,买盘
185,09:39:13,66.47,864028,130,买盘
186,09:39:16,66.46,438701,66,卖盘
187,09:39:19,66.46,445306,67,卖盘
188,09:39:22,66.46,1608365,242,卖盘
189,09:39:25,66.46,1442058,217,买盘
190,09:39:28,66.45,790721,119,中性盘
191,09:39:31,66.45,465142,70,买盘
192,09:39:35,66.44,285723,43,卖盘
193,09:39:37,66.45,411984,62,买盘
194,09:39:40,66.47,398740,60,买盘
195,09:39:43,66.46,126278,19,卖盘
196,09:39:46,66.47,704526,106,买盘
197,09:39:49,66.48,166178,25,买盘
198,09:39:52,66.47,86415,13,卖盘
199,09:39:55,66.49,1110229,167,买盘
200,09:39:58,66.48,172855,26,卖盘
201,09:40:01,66.49,86440,13,卖盘
202,09:40:04,66.49,724813,109,卖盘
203,09:40:07,66.5,405616,61,买盘
204,09:40:10,66.46,2692314,405,卖盘
205,09:40:13,66.5,226012,34,买盘
206,09:40:16,66.49,126340,19,卖盘
207,09:40:19,66.48,226066,34,卖盘
208,09:40:22,66.48,305849,46,卖盘
209,09:40:26,66.47,285857,43,中性盘
210,09:40:28,66.46,1016979,153,卖盘
211,09:40:31,66.45,737750,111,卖盘
212,09:40:34,66.45,611466,92,卖盘
213,09:40:37,66.47,591541,89,买盘
214,09:40:40,66.47,252550,38,买盘
215,09:40:43,66.47,724489,109,卖盘
216,09:40:46,66.47,465217,70,买盘
217,09:40:49,66.47,631360,95,买盘
218,09:40:52,66.46,166174,25,卖盘
219,09:40:55,66.47,485202,73,买盘
220,09:40:58,66.46,199394,30,卖盘
221,09:41:01,66.47,412114,62,买盘
222,09:41:04,66.46,731140,110,卖盘
223,09:41:07,66.47,338935,51,买盘
224,09:41:10,66.47,239267,36,卖盘
225,09:41:13,66.48,159539,24,买盘
226,09:41:16,66.48,166198,25,买盘
227,09:41:19,66.48,26592,4,卖盘
228,09:41:22,66.48,265952,40,卖盘
229,09:41:26,66.49,378972,57,买盘
230,09:41:28,66.5,438835,66,买盘
231,09:41:31,66.49,1190162,179,卖盘
232,09:41:34,66.49,744770,112,买盘
233,09:41:37,66.49,232724,35,卖盘
234,09:41:41,66.49,492027,74,卖盘
235,09:41:43,66.5,239390,36,买盘
236,09:41:46,66.5,146294,22,买盘
237,09:41:49,66.49,531928,80,卖盘
238,09:41:53,66.5,472142,71,买盘
239,09:41:55,66.51,166261,25,买盘
240,09:41:58,66.51,412396,62,买盘
241,09:42:01,66.51,372498,56,卖盘
242,09:42:05,66.55,246166,37,买盘
243,09:42:08,66.55,126430,19,买盘
244,09:42:10,66.57,179711,27,买盘
245,09:42:13,66.52,2508434,377,卖盘
246,09:42:16,66.51,2939496,442,卖盘
247,09:42:20,66.53,1130936,170,买盘
248,09:42:23,66.53,146378,22,卖盘
249,09:42:26,66.57,113137,17,买盘
250,09:42:29,66.57,638996,96,买盘
251,09:42:32,66.57,246384,37,卖盘
252,09:42:34,66.57,332898,50,卖盘
253,09:42:37,66.59,858845,129,买盘
254,09:42:40,66.58,918751,138,中性盘
255,09:42:43,66.54,485918,73,卖盘
256,09:42:46,66.58,732267,110,买盘
257,09:42:49,66.55,372777,56,中性盘
258,09:42:53,66.58,292941,44,买盘
259,09:42:55,66.58,279641,42,卖盘
260,09:42:58,66.6,292981,44,买盘
261,09:43:02,66.59,352888,53,中性盘
262,09:43:05,66.58,645909,97,卖盘
263,09:43:08,66.59,439405,66,买盘
264,09:43:10,66.58,632558,95,中性盘
265,09:43:13,66.53,2915019,438,卖盘
266,09:43:16,66.51,1596544,240,卖盘
267,09:43:19,66.5,831371,125,卖盘
268,09:43:22,66.5,511975,77,卖盘
269,09:43:25,66.5,1894320,285,买盘
270,09:43:28,66.45,1522117,229,卖盘
271,09:43:31,66.45,392109,59,卖盘
272,09:43:34,66.44,2033100,306,卖盘
273,09:43:37,66.43,265735,40,卖盘
274,09:43:40,66.43,451756,68,卖盘
275,09:43:43,66.45,392006,59,买盘
276,09:43:46,66.45,345487,52,买盘
277,09:43:49,66.44,445138,67,卖盘
278,09:43:53,66.43,1674021,252,卖盘
279,09:43:55,66.44,325510,49,买盘
280,09:43:58,66.43,371943,56,中性盘
281,09:44:01,66.43,524733,79,买盘
282,09:44:04,66.43,172708,26,买盘
283,09:44:07,66.43,524789,79,买盘
284,09:44:11,66.41,405096,61,卖盘
285,09:44:13,66.43,172730,26,卖盘
286,09:44:16,66.4,1487573,224,卖盘
287,09:44:19,66.4,245699,37,卖盘
288,09:44:23,66.4,132808,20,卖盘
289,09:44:25,66.4,1274960,192,卖盘
290,09:44:28,66.39,657340,99,卖盘
291,09:44:31,66.41,1786207,269,买盘
292,09:44:34,66.43,351987,53,买盘
293,09:44:38,66.41,185976,28,卖盘
294,09:44:40,66.44,265757,40,买盘
295,09:44:43,66.44,13288,2,卖盘
296,09:44:46,66.43,232562,35,卖盘
297,09:44:49,66.47,677848,102,买盘
298,09:44:53,66.46,126284,19,卖盘
299,09:44:55,66.46,53163,8,买盘
300,09:44:59,66.45,451865,68,中性盘
301,09:45:01,66.41,5631760,848,卖盘
302,09:45:04,66.41,929684,140,买盘
303,09:45:07,66.4,796859,120,卖盘
304,09:45:10,66.39,285502,43,卖盘
305,09:45:14,66.4,252277,38,买盘
306,09:45:16,66.38,995766,150,卖盘
307,09:45:19,66.38,232367,35,卖盘
308,09:45:23,66.38,531015,80,卖盘
309,09:45:26,66.37,1480052,223,卖盘
310,09:45:29,66.37,92918,14,买盘
311,09:45:31,66.36,1035290,156,卖盘
312,09:45:34,66.37,245540,37,买盘
313,09:45:37,66.37,1041949,157,买盘
314,09:45:40,66.37,265480,40,卖盘
315,09:45:43,66.38,39823,6,买盘
316,09:45:46,66.37,637233,96,卖盘
317,09:45:49,66.38,624042,94,买盘
318,09:45:53,66.38,310195,47,卖盘
319,09:45:55,66.38,146034,22,卖盘
320,09:45:58,66.38,311946,47,买盘
321,09:46:02,66.37,1143469,172,卖盘
322,09:46:05,66.37,345106,52,买盘
323,09:46:08,66.37,77862,12,买盘
324,09:46:10,66.37,365045,55,卖盘
325,09:46:13,66.37,338491,51,卖盘
326,09:46:16,66.37,351775,53,卖盘
327,09:46:19,66.38,159305,24,买盘
328,09:46:23,66.38,298683,45,买盘
329,09:46:25,66.38,119482,18,买盘
330,09:46:28,66.38,378359,57,买盘
331,09:46:32,66.4,458077,69,买盘
332,09:46:35,66.4,697178,105,买盘
333,09:46:38,66.45,2828811,426,买盘
334,09:46:40,66.45,33229,5,卖盘
335,09:46:43,66.45,66456,10,卖盘
336,09:46:46,66.46,312422,47,买盘
337,09:46:50,66.45,405352,61,卖盘
338,09:46:53,66.46,950224,143,买盘
339,09:46:56,66.46,119628,18,卖盘
340,09:46:59,66.45,232564,35,卖盘
341,09:47:02,66.4,710579,107,卖盘
342,09:47:05,66.39,245672,37,卖盘
343,09:47:08,66.4,112872,17,买盘
344,09:47:10,66.4,159355,24,买盘
345,09:47:13,66.4,458127,69,买盘
346,09:47:16,66.39,345259,52,卖盘
347,09:47:19,66.39,551056,83,卖盘
348,09:47:22,66.39,418271,63,买盘
349,09:47:25,66.39,225745,34,卖盘
350,09:47:29,66.39,245668,37,卖盘
351,09:47:32,66.4,371843,56,买盘
352,09:47:34,66.4,66404,10,卖盘
353,09:47:38,66.42,166014,25,买盘
354,09:47:40,66.41,166011,25,中性盘
355,09:47:43,66.4,245682,37,卖盘
356,09:47:46,66.4,219119,33,买盘
357,09:47:49,66.4,212472,32,买盘
358,09:47:53,66.39,444828,67,卖盘
359,09:47:55,66.39,358519,54,卖盘
360,09:47:59,66.39,152686,23,买盘
361,09:48:01,66.38,464722,70,卖盘
362,09:48:04,66.39,318664,48,买盘
363,09:48:07,66.38,292112,44,卖盘
364,09:48:10,66.39,829930,125,买盘
365,09:48:13,66.39,358477,54,买盘
366,09:48:16,66.38,1765906,266,卖盘
367,09:48:19,66.4,351883,53,买盘
368,09:48:23,66.39,159344,24,卖盘
369,09:48:25,66.39,418259,63,卖盘
370,09:48:28,66.38,378437,57,卖盘
371,09:48:32,66.38,637328,96,卖盘
372,09:48:34,66.39,438183,66,买盘
373,09:48:38,66.4,292115,44,买盘
374,09:48:40,66.39,219079,33,中性盘
375,09:48:43,66.38,238987,36,卖盘
376,09:48:46,66.38,258886,39,卖盘
377,09:48:49,66.38,312004,47,卖盘
378,09:48:52,66.39,225711,34,买盘
379,09:48:55,66.38,106217,16,卖盘
380,09:48:58,66.39,497914,75,买盘
381,09:49:01,66.39,172595,26,买盘
382,09:49:04,66.39,305386,46,买盘
383,09:49:07,66.39,358504,54,卖盘
384,09:49:10,66.39,106222,16,买盘
385,09:49:13,66.39,458087,69,买盘
386,09:49:16,66.38,245641,37,卖盘
387,09:49:19,66.39,949252,143,买盘
388,09:49:23,66.38,584150,88,卖盘
389,09:49:26,66.39,1380793,208,买盘
390,09:49:29,66.38,557597,84,卖盘
391,09:49:32,66.38,252216,38,买盘
392,09:49:34,66.38,165944,25,买盘
393,09:49:37,66.37,451382,68,卖盘
394,09:49:40,66.38,484574,73,买盘
395,09:49:43,66.38,192502,29,卖盘
396,09:49:46,66.38,458009,69,卖盘
397,09:49:49,66.39,245637,37,买盘
398,09:49:53,66.39,311991,47,买盘
399,09:49:56,66.33,8641917,1302,卖盘
400,09:49:59,66.32,305091,46,卖盘
401,09:50:01,66.32,185715,28,卖盘
402,09:50:05,66.32,470941,71,卖盘
403,09:50:07,66.32,126010,19,卖盘
404,09:50:10,66.32,961558,145,买盘
405,09:50:13,66.31,205583,31,卖盘
406,09:50:16,66.32,285162,43,买盘
407,09:50:19,66.31,510601,77,卖盘
408,09:50:22,66.3,444285,67,卖盘
409,09:50:25,66.3,391203,59,卖盘
410,09:50:29,66.3,1650887,249,卖盘
411,09:50:32,66.29,3016586,455,卖盘
412,09:50:35,66.28,391097,59,卖盘
413,09:50:38,66.28,974347,147,卖盘
414,09:50:40,66.27,145803,22,卖盘
415,09:50:43,66.28,278326,42,买盘
416,09:50:46,66.27,46385,7,买盘
417,09:50:49,66.26,331301,50,卖盘
418,09:50:53,66.26,318006,48,卖盘
419,09:50:56,66.3,2492148,376,买盘
420,09:50:59,66.31,1240125,187,买盘
421,09:51:02,66.32,165784,25,买盘
422,09:51:05,66.31,265179,40,卖盘
423,09:51:08,66.31,291720,44,中性盘
424,09:51:10,66.38,862650,130,买盘
425,09:51:13,66.32,802949,121,卖盘
426,09:51:16,66.33,232147,35,中性盘
427,09:51:20,66.32,371364,56,卖盘
428,09:51:23,66.31,172416,26,卖盘
429,09:51:25,66.32,497376,75,买盘
430,09:51:28,66.32,252014,38,买盘
431,09:51:31,66.32,212228,32,卖盘
432,09:51:34,66.32,285179,43,卖盘
433,09:51:37,66.32,338232,51,卖盘
434,09:51:40,66.31,669738,101,卖盘
435,09:51:43,66.31,232080,35,买盘
436,09:51:47,66.3,99453,15,卖盘
437,09:51:50,66.3,132603,20,卖盘
438,09:51:53,66.29,26519,4,卖盘
439,09:51:56,66.29,139199,21,买盘
440,09:51:58,66.28,212096,32,卖盘
441,09:52:02,66.28,311517,47,卖盘
442,09:52:04,66.27,311478,47,卖盘
443,09:52:08,66.26,258405,39,卖盘
444,09:52:10,66.26,145766,22,买盘
445,09:52:14,66.26,318022,48,买盘
446,09:52:17,66.25,205379,31,中性盘
447,09:52:19,66.24,569738,86,卖盘
448,09:52:22,66.24,516698,78,卖盘
449,09:52:25,66.24,569564,86,买盘
450,09:52:28,66.22,92714,14,卖盘
451,09:52:31,66.22,238399,36,卖盘
452,09:52:34,66.21,979863,148,卖盘
453,09:52:37,66.2,271434,41,卖盘
454,09:52:40,66.21,807691,122,买盘
455,09:52:43,66.24,2238567,338,买盘
456,09:52:46,66.2,2655142,401,卖盘
457,09:52:49,66.24,145727,22,买盘
458,09:52:53,66.24,1643138,248,卖盘
459,09:52:56,66.26,212079,32,中性盘
460,09:52:59,66.29,3525430,532,中性盘
461,09:53:02,66.27,139177,21,中性盘
462,09:53:05,66.23,1086404,164,卖盘
463,09:53:08,66.3,324951,49,卖盘
464,09:53:10,66.3,172375,26,卖盘
465,09:53:13,66.3,205530,31,卖盘
466,09:53:16,66.25,1371463,207,卖盘
467,09:53:19,66.26,304935,46,卖盘
468,09:53:23,66.26,145801,22,卖盘
469,09:53:26,66.26,86138,13,卖盘
470,09:53:29,66.26,125898,19,卖盘
471,09:53:32,66.26,424076,64,卖盘
472,09:53:34,66.25,271640,41,卖盘
473,09:53:37,66.25,39750,6,买盘
474,09:53:40,66.25,152366,23,买盘
475,09:53:43,66.25,1476646,223,买盘
476,09:53:46,66.23,99335,15,中性盘
477,09:53:50,66.21,450396,68,卖盘
478,09:53:52,66.21,178771,27,卖盘
479,09:53:56,66.21,251608,38,卖盘
480,09:53:58,66.21,152279,23,卖盘
481,09:54:01,66.2,1807369,273,卖盘
482,09:54:05,66.19,450166,68,卖盘
483,09:54:07,66.21,211858,32,中性盘
484,09:54:10,66.2,893634,135,卖盘
485,09:54:13,66.21,337653,51,中性盘
486,09:54:16,66.26,2039965,308,买盘
487,09:54:19,66.23,145698,22,卖盘
488,09:54:23,66.22,185437,28,卖盘
489,09:54:25,66.25,139122,21,买盘
490,09:54:29,66.22,582844,88,卖盘
491,09:54:32,66.22,304645,46,卖盘
492,09:54:34,66.23,46361,7,中性盘
493,09:54:37,66.22,629066,95,卖盘
494,09:54:40,66.25,801366,121,买盘
495,09:54:43,66.22,225136,34,卖盘
496,09:54:47,66.22,66228,10,中性盘
497,09:54:50,66.25,317979,48,买盘
498,09:54:52,66.23,52984,8,卖盘
499,09:54:56,66.26,470427,71,买盘
500,09:54:58,66.25,324627,49,卖盘
501,09:55:02,66.25,920904,139,卖盘
502,09:55:05,66.23,271615,41,卖盘
503,09:55:08,66.25,410754,62,买盘
504,09:55:10,66.22,264943,40,卖盘
505,09:55:14,66.22,185426,28,卖盘
506,09:55:17,66.23,331147,50,买盘
507,09:55:19,66.22,185434,28,卖盘
508,09:55:23,66.23,26493,4,中性盘
509,09:55:26,66.24,324521,49,买盘
510,09:55:28,66.23,225172,34,卖盘
511,09:55:32,66.22,450318,68,卖盘
512,09:55:34,66.21,582742,88,卖盘
513,09:55:37,66.21,377412,57,卖盘
514,09:55:40,66.21,1145381,173,卖盘
515,09:55:44,66.19,582555,88,卖盘
516,09:55:47,66.19,317724,48,卖盘
517,09:55:50,66.16,1594899,241,卖盘
518,09:55:53,66.16,410195,62,卖盘
519,09:55:56,66.16,119089,18,卖盘
520,09:55:58,66.15,932816,141,卖盘
521,09:56:02,66.14,549013,83,卖盘
522,09:56:04,66.13,205006,31,卖盘
523,09:56:07,66.12,132252,20,卖盘
524,09:56:10,66.12,800006,121,卖盘
525,09:56:13,66.11,244630,37,卖盘
526,09:56:16,66.11,429726,65,卖盘
527,09:56:20,66.11,561935,85,卖盘
528,09:56:23,66.1,575097,87,卖盘
529,09:56:26,66.1,1983065,300,卖盘
530,09:56:29,66.09,423029,64,卖盘
531,09:56:31,66.09,2254195,341,卖盘
532,09:56:34,66.09,1315335,199,卖盘
533,09:56:37,66.09,1282355,194,卖盘
534,09:56:40,66.09,1427831,216,买盘
535,09:56:44,66.09,793197,120,卖盘
536,09:56:47,66.08,879138,133,卖盘
537,09:56:50,66.08,693911,105,卖盘
538,09:56:52,66.09,911883,138,买盘
539,09:56:55,66.07,2326051,352,卖盘
540,09:56:58,66.07,1083714,164,买盘
541,09:57:01,66.07,957981,145,中性盘
542,09:57:05,66.08,891937,135,买盘
543,09:57:07,66.08,753344,114,卖盘
544,09:57:11,66.08,601301,91,卖盘
545,09:57:14,66.08,257700,39,买盘
546,09:57:17,66.11,1672177,253,买盘
547,09:57:20,66.12,1972477,298,买盘
548,09:57:22,66.11,191664,29,中性盘
549,09:57:26,66.07,277582,42,卖盘
550,09:57:29,66.11,185088,28,买盘
551,09:57:31,66.09,495819,75,卖盘
552,09:57:34,66.09,323865,49,卖盘
553,09:57:37,66.09,138784,21,买盘
554,09:57:40,66.09,231304,35,买盘
555,09:57:44,66.09,356849,54,买盘
556,09:57:46,66.08,337011,51,卖盘
557,09:57:49,66.08,541856,82,买盘
558,09:57:52,66.07,244479,37,卖盘
559,09:57:56,66.08,637674,97,买盘
560,09:57:59,66.08,396531,60,卖盘
561,09:58:01,66.07,647616,98,卖盘
562,09:58:05,66.09,138774,21,中性盘
563,09:58:07,66.08,469168,71,卖盘
564,09:58:11,66.08,151974,23,买盘
565,09:58:14,66.08,918452,139,买盘
566,09:58:17,66.08,218044,33,买盘
567,09:58:20,66.07,366631,55,卖盘
568,09:58:22,66.07,214793,33,买盘
569,09:58:26,66.07,412893,62,卖盘
570,09:58:28,66.07,1374191,208,卖盘
571,09:58:32,66.09,366779,56,买盘
572,09:58:35,66.08,1156631,175,卖盘
573,09:58:37,66.08,356859,54,卖盘
574,09:58:41,66.08,178441,27,卖盘
575,09:58:43,66.1,185089,28,中性盘
576,09:58:46,66.08,1453661,220,卖盘
577,09:58:49,66.11,118971,18,买盘
578,09:58:52,66.11,158640,24,买盘
579,09:58:55,66.1,396587,60,卖盘
580,09:58:58,66.11,317283,48,买盘
581,09:59:01,66.1,323888,49,卖盘
582,09:59:05,66.1,330488,50,买盘
583,09:59:07,66.08,178459,27,卖盘
584,09:59:11,66.1,52880,8,买盘
585,09:59:14,66.1,462608,70,买盘
586,09:59:17,66.1,852603,129,买盘
587,09:59:20,66.09,290802,44,卖盘
588,09:59:22,66.1,284209,43,买盘
589,09:59:26,66.1,138810,21,卖盘
590,09:59:28,66.1,958450,145,卖盘
591,09:59:31,66.11,271015,41,买盘
592,09:59:34,66.08,720354,109,卖盘
593,09:59:37,66.08,628022,95,卖盘
594,09:59:41,66.08,46261,7,卖盘
595,09:59:44,66.07,403103,61,卖盘
596,09:59:47,66.07,548414,83,卖盘
597,09:59:50,66.09,687262,104,买盘
598,09:59:52,66.09,125571,19,卖盘
599,09:59:56,66.09,601420,91,卖盘
600,09:59:59,66.09,284188,43,卖盘
601,10:00:01,66.09,1354932,205,卖盘
602,10:00:04,66.08,1169765,177,卖盘
603,10:00:07,66.07,237859,36,卖盘
604,10:00:11,66.08,284114,43,买盘
605,10:00:14,66.07,303928,46,卖盘
606,10:00:16,66.06,284092,43,卖盘
607,10:00:19,66.06,356728,54,卖盘
608,10:00:22,66.06,944672,143,卖盘
609,10:00:25,66.05,366699,56,卖盘
610,10:00:28,66.05,105684,16,卖盘
611,10:00:31,66.05,667108,101,卖盘
612,10:00:34,66.04,799196,121,卖盘
613,10:00:37,66.03,759429,115,卖盘
614,10:00:41,66.02,891421,135,卖盘
615,10:00:44,66.02,1010123,153,卖盘
616,10:00:47,66.02,944034,143,买盘
617,10:00:49,66.02,2066369,313,买盘
618,10:00:52,66.02,3756201,569,买盘
619,10:00:55,66.02,2197938,333,卖盘
620,10:00:59,66.03,1130241,171,买盘
621,10:01:01,66.02,361970,55,卖盘
622,10:01:04,66.01,5979766,906,卖盘
623,10:01:07,66.01,3036048,460,卖盘
624,10:01:10,66.0,990045,150,卖盘
625,10:01:13,66.0,1161660,176,卖盘
626,10:01:16,66.0,864607,131,卖盘
627,10:01:19,66.0,917413,139,卖盘
628,10:01:22,65.99,422396,64,卖盘
629,10:01:25,65.99,197973,30,卖盘
630,10:01:28,65.98,52793,8,卖盘
631,10:01:31,65.98,422286,64,卖盘
632,10:01:34,65.98,521257,79,卖盘
633,10:01:37,65.98,1200833,182,买盘
634,10:01:40,65.97,639943,97,卖盘
635,10:01:43,65.98,270494,41,买盘
636,10:01:46,65.98,534367,81,买盘
637,10:01:49,65.97,620081,94,卖盘
638,10:01:52,65.97,323237,49,买盘
639,10:01:55,65.98,1260051,191,买盘
640,10:01:58,66.03,3867753,586,买盘
641,10:02:01,66.03,640294,97,卖盘
642,10:02:04,65.99,1445301,219,卖盘
643,10:02:08,66.03,59427,9,买盘
644,10:02:10,66.0,297071,45,中性盘
645,10:02:13,65.99,468657,71,卖盘
646,10:02:17,66.0,39598,6,买盘
647,10:02:19,66.0,395981,60,买盘
648,10:02:22,66.0,455376,69,买盘
649,10:02:25,66.02,145210,22,买盘
650,10:02:28,66.02,125419,19,中性盘
651,10:02:31,66.02,204657,31,买盘
652,10:02:34,66.02,765732,116,买盘
653,10:02:37,66.02,924140,140,买盘
654,10:02:40,66.02,468732,71,卖盘
655,10:02:43,66.0,435617,66,卖盘
656,10:02:46,66.0,112209,17,买盘
657,10:02:49,66.0,171594,26,卖盘
658,10:02:52,66.0,415780,63,卖盘
659,10:02:55,66.0,310183,47,买盘
660,10:02:58,66.0,244189,37,买盘
661,10:03:01,66.0,316779,48,买盘
662,10:03:04,66.0,402570,61,买盘
663,10:03:07,66.0,323383,49,买盘
664,10:03:10,65.99,323367,49,卖盘
665,10:03:13,66.0,237589,36,买盘
666,10:03:16,65.99,178186,27,卖盘
667,10:03:19,66.03,3578076,542,买盘
668,10:03:23,66.02,456772,69,卖盘
669,10:03:25,66.05,52826,8,买盘
670,10:03:28,66.08,492152,74,买盘
671,10:03:31,66.08,66075,10,买盘
672,10:03:34,66.08,270911,41,买盘
673,10:03:37,66.05,145353,22,卖盘
674,10:03:40,66.06,112308,17,买盘
675,10:03:43,66.08,297354,45,买盘
676,10:03:46,66.08,198213,30,卖盘
677,10:03:49,66.08,409759,62,中性盘
678,10:03:52,66.08,363405,55,买盘
679,10:03:55,66.08,343600,52,买盘
680,10:03:58,66.08,317192,48,买盘
681,10:04:01,66.08,290757,44,买盘
682,10:04:04,66.08,244490,37,卖盘
683,10:04:07,66.05,1040628,158,卖盘
684,10:04:10,66.05,72654,11,买盘
685,10:04:13,66.05,363275,55,买盘
686,10:04:16,66.04,310401,47,卖盘
687,10:04:19,66.05,498571,75,买盘
688,10:04:22,66.05,389814,59,卖盘
689,10:04:25,66.05,6605,1,卖盘
690,10:04:28,66.09,118970,18,买盘
691,10:04:31,66.08,92521,14,卖盘
692,10:04:34,66.07,640874,97,卖盘
693,10:04:37,66.09,204875,31,买盘
694,10:04:40,66.08,204849,31,卖盘
695,10:04:43,66.09,859136,130,买盘
696,10:04:46,66.09,198271,30,买盘
697,10:04:49,66.09,391253,59,卖盘
698,10:04:52,66.09,898899,136,卖盘
699,10:04:55,66.1,99146,15,买盘
700,10:04:58,66.09,204889,31,卖盘
701,10:05:01,66.1,171854,26,买盘
702,10:05:04,66.1,237942,36,买盘
703,10:05:07,66.1,145413,22,买盘
704,10:05:10,66.09,580330,88,卖盘
705,10:05:13,66.09,171825,26,买盘
706,10:05:17,66.1,60805,9,买盘
707,10:05:19,66.1,59491,9,卖盘
708,10:05:22,66.11,132215,20,买盘
709,10:05:25,66.12,343796,52,买盘
710,10:05:28,66.12,66117,10,卖盘
711,10:05:31,66.12,330607,50,卖盘
712,10:05:34,66.13,52902,8,买盘
713,10:05:37,66.13,59517,9,卖盘
714,10:05:40,66.14,145505,22,买盘
715,10:05:43,66.14,132272,20,买盘
716,10:05:46,66.13,1005312,152,卖盘
717,10:05:49,66.15,191814,29,买盘
718,10:05:52,66.15,171987,26,买盘
719,10:05:55,66.15,410118,62,买盘
720,10:05:58,66.16,79386,12,买盘
721,10:06:01,66.16,72769,11,买盘
722,10:06:04,66.15,52922,8,卖盘
723,10:06:07,66.16,165397,25,买盘
724,10:06:10,66.14,1958061,296,卖盘
725,10:06:13,66.14,2274860,344,卖盘
726,10:06:16,66.14,66136,10,买盘
727,10:06:19,66.12,125643,19,卖盘
728,10:06:22,66.14,238078,36,买盘
729,10:06:25,66.12,271138,41,卖盘
730,10:06:28,66.12,357046,54,买盘
731,10:06:31,66.11,72723,11,卖盘
732,10:06:34,66.1,224779,34,卖盘
733,10:06:37,66.1,112381,17,卖盘
734,10:06:40,66.11,271040,41,买盘
735,10:06:43,66.1,105760,16,卖盘
736,10:06:46,66.1,72702,11,买盘
737,10:06:49,66.09,152007,23,卖盘
738,10:06:52,66.1,118978,18,买盘
739,10:06:55,66.09,33044,5,卖盘
740,10:06:58,66.08,257729,39,卖盘
741,10:07:01,66.08,185037,28,卖盘
742,10:07:04,66.09,475879,72,买盘
743,10:07:07,66.09,99136,15,卖盘
744,10:07:10,66.09,145388,22,卖盘
745,10:07:13,66.09,198276,30,卖盘
746,10:07:16,66.09,138787,21,卖盘
747,10:07:19,66.08,112352,17,卖盘
748,10:07:22,66.08,257721,39,卖盘
749,10:07:25,66.09,185034,28,买盘
750,10:07:28,66.09,185037,28,买盘
751,10:07:31,66.08,46258,7,卖盘
752,10:07:34,66.09,277555,42,买盘
753,10:07:37,66.09,277562,42,买盘
754,10:07:40,66.08,383295,58,卖盘
755,10:07:43,66.08,224698,34,卖盘
756,10:07:46,66.08,495635,75,卖盘
757,10:07:49,66.09,277572,42,买盘
758,10:07:52,66.1,1083810,164,买盘
759,10:07:55,66.09,237915,36,买盘
760,10:07:58,66.09,138790,21,卖盘
761,10:08:01,66.09,79308,12,卖盘
762,10:08:04,66.1,204901,31,买盘
763,10:08:07,66.1,138808,21,买盘
764,10:08:10,66.09,773289,117,卖盘
765,10:08:13,66.1,132194,20,买盘
766,10:08:16,66.1,92544,14,卖盘
767,10:08:19,66.1,727199,110,卖盘
768,10:08:22,66.16,1038212,157,买盘
769,10:08:26,66.14,138921,21,卖盘
770,10:08:28,66.17,39696,6,买盘
771,10:08:31,66.17,205050,31,买盘
772,10:08:34,66.12,72768,11,卖盘
773,10:08:37,66.17,198498,30,买盘
774,10:08:41,66.17,46318,7,卖盘
775,10:08:43,66.17,198510,30,卖盘
776,10:08:47,66.15,436686,66,中性盘
777,10:08:49,66.15,277824,42,买盘
778,10:08:52,66.14,66140,10,买盘
779,10:08:55,66.15,191813,29,买盘
780,10:08:58,66.15,99217,15,买盘
781,10:09:01,66.14,66144,10,卖盘
782,10:09:04,66.15,138914,21,卖盘
783,10:09:07,66.16,59541,9,买盘
784,10:09:10,66.16,112480,17,买盘
785,10:09:13,66.17,238187,36,买盘
786,10:09:16,66.16,46316,7,卖盘
787,10:09:19,66.17,39700,6,买盘
788,10:09:22,66.17,377148,57,买盘
789,10:09:26,66.18,324277,49,买盘
790,10:09:28,66.17,86026,13,卖盘
791,10:09:32,66.19,152236,23,买盘
792,10:09:34,66.17,105881,16,卖盘
793,10:09:37,66.2,13239,2,买盘
794,10:09:40,66.19,72815,11,卖盘
795,10:09:43,66.2,668517,101,买盘
796,10:09:46,66.2,59578,9,买盘
797,10:09:49,66.2,39718,6,买盘
798,10:09:52,66.2,46342,7,卖盘
799,10:09:55,66.21,132418,20,买盘
800,10:09:58,66.21,152285,23,卖盘
801,10:10:01,66.19,503138,76,卖盘
802,10:10:04,66.19,211813,32,卖盘
803,10:10:07,66.19,297912,45,买盘
804,10:10:10,66.19,46338,7,卖盘
805,10:10:13,66.19,86052,13,卖盘
806,10:10:16,66.19,33096,5,卖盘
807,10:10:19,66.19,152240,23,卖盘
808,10:10:22,66.19,278010,42,卖盘
809,10:10:25,66.19,231643,35,买盘
810,10:10:28,66.18,26473,4,卖盘
811,10:10:31,66.16,1078587,163,卖盘
812,10:10:34,66.16,132329,20,卖盘
813,10:10:37,66.16,205116,31,卖盘
814,10:10:40,66.17,59546,9,买盘
815,10:10:43,66.16,344032,52,卖盘
816,10:10:46,66.17,264680,40,买盘
817,10:10:49,66.16,443210,67,卖盘
818,10:10:52,66.16,6616,1,买盘
819,10:10:55,66.16,92619,14,买盘
820,10:10:58,66.16,92620,14,买盘
821,10:11:01,66.15,158767,24,卖盘
822,10:11:04,66.15,185219,28,买盘
823,10:11:07,66.15,112450,17,买盘
824,10:11:10,66.14,621738,94,卖盘
825,10:11:13,66.14,46296,7,买盘
826,10:11:16,66.13,72748,11,卖盘
827,10:11:19,66.13,85971,13,卖盘
828,10:11:22,66.12,204999,31,卖盘
829,10:11:25,66.13,119028,18,买盘
830,10:11:28,66.13,185149,28,买盘
831,10:11:31,66.13,105808,16,卖盘
832,10:11:34,66.13,66131,10,卖盘
833,10:11:37,66.13,251299,38,卖盘
834,10:11:40,66.13,138873,21,卖盘
835,10:11:46,66.12,145467,22,卖盘
836,10:11:49,66.11,218205,33,卖盘
837,10:11:52,66.12,66120,10,买盘
838,10:11:55,66.11,297497,45,卖盘
839,10:11:58,66.11,99165,15,卖盘
840,10:12:01,66.1,52885,8,卖盘
841,10:12:04,66.11,370164,56,买盘
842,10:12:07,66.07,6526434,988,卖盘
843,10:12:10,66.01,26419,4,卖盘
844,10:12:13,66.02,39620,6,中性盘
845,10:12:16,66.01,85825,13,卖盘
846,10:12:19,66.04,59431,9,买盘
847,10:12:22,66.04,297170,45,买盘
848,10:12:25,66.05,283936,43,买盘
849,10:12:28,66.06,257602,39,买盘
850,10:12:31,66.07,145338,22,买盘
851,10:12:34,66.05,145338,22,卖盘
852,10:12:37,66.08,218010,33,买盘
853,10:12:40,66.07,59467,9,中性盘
854,10:12:43,66.06,79284,12,卖盘
855,10:12:46,66.07,251055,38,中性盘
856,10:12:49,66.05,350126,53,卖盘
857,10:12:52,66.06,85896,13,中性盘
858,10:12:55,66.08,33035,5,中性盘
859,10:12:58,66.06,99095,15,卖盘
860,10:13:01,66.07,607765,92,买盘
861,10:13:04,66.09,158593,24,买盘
862,10:13:07,66.08,204825,31,卖盘
863,10:13:10,66.08,72682,11,买盘
864,10:13:13,66.09,151990,23,买盘
865,10:13:16,66.06,277488,42,卖盘
866,10:13:19,66.08,191642,29,卖盘
867,10:13:22,66.1,105743,16,买盘
868,10:13:25,66.1,19828,3,买盘
869,10:13:28,66.1,92533,14,买盘
870,10:13:31,66.07,581564,88,卖盘
871,10:13:34,66.1,138802,21,买盘
872,10:13:37,66.08,158618,24,卖盘
873,10:13:40,66.07,92503,14,卖盘
874,10:13:43,66.09,92506,14,买盘
875,10:13:47,66.07,284085,43,卖盘
876,10:13:49,66.07,171781,26,买盘
877,10:13:52,66.07,231240,35,买盘
878,10:13:55,66.07,178366,27,买盘
879,10:13:58,66.06,277477,42,卖盘
880,10:14:01,66.06,138726,21,卖盘
881,10:14:04,66.07,369992,56,买盘
882,10:14:07,66.07,270888,41,卖盘
883,10:14:10,66.06,178382,27,卖盘
884,10:14:13,66.06,383182,58,卖盘
885,10:14:16,66.07,158548,24,买盘
886,10:14:19,66.06,607757,92,卖盘
887,10:14:22,66.06,264244,40,卖盘
888,10:14:25,66.06,138728,21,买盘
889,10:14:28,66.07,13213,2,买盘
890,10:14:31,66.07,416175,63,买盘
891,10:14:34,66.06,52848,8,买盘
892,10:14:37,66.05,217978,33,卖盘
893,10:14:40,66.06,39632,6,卖盘
894,10:14:43,66.06,52852,8,卖盘
895,10:14:46,66.06,171756,26,卖盘
896,10:14:49,66.05,211369,32,卖盘
897,10:14:52,66.06,151938,23,买盘
898,10:14:55,66.06,231188,35,买盘
899,10:14:58,66.06,39640,6,卖盘
900,10:15:01,66.07,825723,125,买盘
901,10:15:04,66.07,59463,9,卖盘
902,10:15:07,66.07,46253,7,卖盘
903,10:15:10,66.08,118934,18,买盘
904,10:15:13,66.07,52856,8,卖盘
905,10:15:16,66.06,356814,54,卖盘
906,10:15:19,66.06,132122,20,卖盘
907,10:15:22,66.07,402979,61,买盘
908,10:15:25,66.05,944519,143,卖盘
909,10:15:28,66.05,99075,15,买盘
910,10:15:31,66.05,165120,25,买盘
911,10:15:34,66.04,1168938,177,卖盘
912,10:15:37,66.06,118896,18,买盘
913,10:15:40,66.05,1829340,277,卖盘
914,10:15:43,66.06,257596,39,买盘
915,10:15:46,66.06,825727,125,买盘
916,10:15:49,66.06,402916,61,买盘
917,10:15:53,66.06,184970,28,卖盘
918,10:15:55,66.07,165157,25,买盘
919,10:15:58,66.07,125517,19,买盘
920,10:16:01,66.05,957774,145,卖盘
921,10:16:04,66.06,13212,2,卖盘
922,10:16:07,66.06,92474,14,买盘
923,10:16:10,66.06,19818,3,买盘
924,10:16:14,66.05,475576,72,卖盘
925,10:16:16,66.05,845435,128,卖盘
926,10:16:19,66.05,772750,117,买盘
927,10:16:22,66.03,72637,11,卖盘
928,10:16:25,66.03,198100,30,卖盘
929,10:16:28,66.02,178276,27,卖盘
930,10:16:31,66.02,580937,88,卖盘
931,10:16:34,66.02,118827,18,买盘
932,10:16:37,66.02,92424,14,买盘
933,10:16:40,66.02,330061,50,买盘
934,10:16:43,66.03,627171,95,买盘
935,10:16:46,66.04,554698,84,买盘
936,10:16:50,66.03,277333,42,卖盘
937,10:16:52,66.03,343357,52,卖盘
938,10:16:55,66.05,171705,26,买盘
939,10:16:58,66.04,72645,11,卖盘
940,10:17:02,66.04,310392,47,卖盘
941,10:17:04,66.04,178308,27,买盘
942,10:17:07,66.04,601013,91,买盘
943,10:17:10,66.04,270745,41,卖盘
944,10:17:14,66.04,290598,44,卖盘
945,10:17:16,66.04,26417,4,卖盘
946,10:17:19,66.04,99067,15,卖盘
947,10:17:23,66.04,2429668,368,买盘
948,10:17:25,66.04,204719,31,买盘
949,10:17:28,66.04,746451,113,买盘
950,10:17:31,66.04,277327,42,买盘
951,10:17:34,66.02,323586,49,卖盘
952,10:17:37,66.03,26414,4,中性盘
953,10:17:40,66.01,382909,58,卖盘
954,10:17:43,66.02,5339550,809,卖盘
955,10:17:46,66.03,310301,47,买盘
956,10:17:49,66.0,1221050,185,卖盘
957,10:17:52,66.01,112221,17,中性盘
958,10:17:55,66.01,396017,60,买盘
959,10:17:58,66.01,184856,28,卖盘
960,10:18:01,66.03,79220,12,买盘
961,10:18:04,66.01,495098,75,卖盘
962,10:18:07,66.02,535906,81,中性盘
963,10:18:10,66.01,145223,22,卖盘
964,10:18:13,66.01,541266,82,卖盘
965,10:18:16,66.01,151832,23,中性盘
966,10:18:19,66.03,231059,35,买盘
967,10:18:22,66.03,224502,34,卖盘
968,10:18:25,66.02,33011,5,卖盘
969,10:18:28,66.02,72622,11,买盘
970,10:18:31,66.02,165051,25,卖盘
971,10:18:34,66.02,79218,12,买盘
972,10:18:37,66.01,138636,21,卖盘
973,10:18:40,66.01,257454,39,卖盘
974,10:18:43,66.01,363069,55,卖盘
975,10:18:46,66.0,1887615,286,卖盘
976,10:18:49,66.0,343217,52,卖盘
977,10:18:52,66.01,66010,10,卖盘
978,10:18:55,66.0,422408,64,卖盘
979,10:18:58,66.0,112210,17,卖盘
980,10:19:01,66.0,422409,64,卖盘
981,10:19:04,66.0,118808,18,卖盘
982,10:19:07,66.01,125405,19,买盘
983,10:19:10,66.0,145200,22,卖盘
984,10:19:14,66.0,151804,23,卖盘
985,10:19:16,66.01,303617,46,买盘
986,10:19:19,66.0,422404,64,卖盘
987,10:19:22,66.01,320848,49,买盘
988,10:19:25,66.0,250813,38,卖盘
989,10:19:28,66.0,213774,32,买盘
990,10:19:31,66.0,433030,66,卖盘
991,10:19:34,66.0,382793,58,买盘
992,10:19:37,66.0,165000,25,买盘
993,10:19:40,66.0,114774,17,买盘
994,10:19:43,66.01,33003,5,买盘
995,10:19:46,66.01,290402,44,买盘
996,10:19:49,66.0,151800,23,卖盘
997,10:19:52,66.0,165006,25,卖盘
998,10:19:55,66.0,316800,48,卖盘
999,10:19:59,66.01,59406,9,买盘
1000,10:20:01,66.0,151802,23,卖盘
1001,10:20:04,66.0,512228,78,卖盘
1002,10:20:07,66.0,435600,66,买盘
1003,10:20:10,66.0,860582,130,买盘
1004,10:20:13,66.0,3590576,544,卖盘
1005,10:20:16,66.0,231007,35,卖盘
1006,10:20:19,66.0,19800,3,卖盘
1007,10:20:22,66.0,39603,6,卖盘
1008,10:20:25,66.01,3563335,540,买盘
1009,10:20:28,66.0,85804,13,卖盘
1010,10:20:31,66.01,112213,17,买盘
1011,10:20:34,66.0,92404,14,卖盘
1012,10:20:37,66.0,283816,43,卖盘
1013,10:20:40,66.0,99001,15,卖盘
1014,10:20:43,66.0,85808,13,卖盘
1015,10:20:46,66.0,422406,64,卖盘
1016,10:20:49,65.99,105598,16,卖盘
1017,10:20:52,66.01,428996,65,买盘
1018,10:20:55,65.99,263996,40,卖盘
1019,10:20:58,66.01,138618,21,中性盘
1020,10:21:01,66.0,165023,25,卖盘
1021,10:21:04,66.0,66001,10,卖盘
1022,10:21:07,65.99,197987,30,卖盘
1023,10:21:10,66.0,79197,12,买盘
1024,10:21:13,65.99,105597,16,卖盘
1025,10:21:16,66.0,125383,19,买盘
1026,10:21:19,66.0,198000,30,买盘
1027,10:21:22,66.0,13199,2,买盘
1028,10:21:25,66.0,494952,75,买盘
1029,10:21:28,66.0,138600,21,卖盘
1030,10:21:31,66.01,257436,39,买盘
1031,10:21:34,66.01,198030,30,卖盘
1032,10:21:37,66.02,72621,11,买盘
1033,10:21:40,66.02,217854,33,买盘
1034,10:21:43,66.01,277258,42,卖盘
1035,10:21:49,66.0,72603,11,卖盘
1036,10:21:52,66.0,105605,16,卖盘
1037,10:21:55,66.0,356403,54,卖盘
1038,10:21:58,65.99,164989,25,卖盘
1039,10:22:01,66.0,659908,100,买盘
1040,10:22:04,65.96,6824181,1035,卖盘
1041,10:22:07,65.98,1042066,158,买盘
1042,10:22:10,65.93,197840,30,中性盘
1043,10:22:13,65.92,329763,50,卖盘
1044,10:22:16,65.92,540615,82,卖盘
1045,10:22:19,65.92,191165,29,买盘
1046,10:22:22,65.92,125244,19,买盘
1047,10:22:25,65.92,342798,52,卖盘
1048,10:22:28,65.98,382432,58,买盘
1049,10:22:31,65.96,699177,106,卖盘
1050,10:22:34,65.96,329800,50,卖盘
1051,10:22:37,65.91,922800,140,卖盘
1052,10:22:40,65.91,177961,27,卖盘
1053,10:22:43,65.91,441604,67,卖盘
1054,10:22:47,65.91,1555377,236,卖盘
1055,10:22:49,65.91,177957,27,买盘
1056,10:22:52,65.91,573417,87,买盘
1057,10:22:55,65.91,270233,41,卖盘
1058,10:22:58,65.92,263641,40,买盘
1059,10:23:01,65.92,751355,114,买盘
1060,10:23:04,65.92,1364475,207,买盘
1061,10:23:07,65.91,995346,151,卖盘
1062,10:23:10,65.92,243918,37,中性盘
1063,10:23:13,65.94,65933,10,卖盘
1064,10:23:16,65.9,1225982,186,卖盘
1065,10:23:19,65.92,158251,24,中性盘
1066,10:23:22,65.92,579974,88,卖盘
1067,10:23:25,65.91,415260,63,卖盘
1068,10:23:28,65.92,138408,21,买盘
1069,10:23:31,65.92,177972,27,买盘
1070,10:23:34,65.91,863541,131,卖盘
1071,10:23:37,65.9,955645,145,卖盘
1072,10:23:40,65.91,454776,69,中性盘
1073,10:23:43,65.93,468082,71,买盘
1074,10:23:47,65.93,1330585,202,买盘
1075,10:23:49,65.93,178045,27,卖盘
1076,10:23:52,65.96,59364,9,买盘
1077,10:23:55,65.93,395611,60,卖盘
1078,10:23:58,65.93,389000,59,买盘
1079,10:24:02,65.94,210982,32,买盘
1080,10:24:04,65.94,230784,35,买盘
1081,10:24:07,65.94,105504,16,卖盘
1082,10:24:10,65.94,46162,7,卖盘
1083,10:24:13,65.94,164859,25,卖盘
1084,10:24:16,65.95,138478,21,买盘
1085,10:24:19,65.95,131884,20,买盘
1086,10:24:22,65.94,79132,12,卖盘
1087,10:24:25,65.95,211020,32,买盘
1088,10:24:28,65.95,26380,4,买盘
1089,10:24:31,65.95,415497,63,卖盘
1090,10:24:35,65.94,184641,28,卖盘
1091,10:24:37,65.93,138471,21,卖盘
1092,10:24:40,65.94,217630,33,买盘
1093,10:24:43,65.95,6595,1,买盘
1094,10:24:46,65.94,191245,29,卖盘
1095,10:24:49,65.95,448516,68,卖盘
1096,10:24:52,65.97,211055,32,买盘
1097,10:24:56,65.95,164882,25,卖盘
1098,10:24:58,65.97,72547,11,买盘
1099,10:25:01,65.96,6596,1,卖盘
1100,10:25:04,65.96,237461,36,买盘
1101,10:25:07,65.96,72563,11,卖盘
1102,10:25:10,65.97,112148,17,买盘
1103,10:25:13,65.97,105550,16,卖盘
1104,10:25:16,65.97,98955,15,卖盘
1105,10:25:19,65.97,92358,14,买盘
1106,10:25:22,65.98,818152,124,买盘
1107,10:25:25,65.98,26395,4,卖盘
1108,10:25:28,65.98,65988,10,卖盘
1109,10:25:31,65.99,39597,6,中性盘
1110,10:25:34,66.0,541086,82,买盘
1111,10:25:37,65.98,125353,19,卖盘
1112,10:25:40,65.98,59380,9,买盘
1113,10:25:43,65.98,98963,15,买盘
1114,10:25:46,65.98,217734,33,买盘
1115,10:25:49,65.98,263914,40,买盘
1116,10:25:52,65.97,1161080,176,卖盘
1117,10:25:55,65.96,32981,5,卖盘
1118,10:25:58,65.96,263844,40,卖盘
1119,10:26:01,65.97,1345791,204,买盘
1120,10:26:04,66.02,904191,137,买盘
1121,10:26:07,66.0,356463,54,卖盘
1122,10:26:10,66.0,26402,4,卖盘
1123,10:26:13,65.99,2415980,366,卖盘
1124,10:26:16,66.03,237708,36,买盘
1125,10:26:19,66.02,59424,9,卖盘
1126,10:26:22,66.03,297177,45,卖盘
1127,10:26:25,66.04,72639,11,卖盘
1128,10:26:28,66.04,59436,9,买盘
1129,10:26:31,66.04,125479,19,买盘
1130,10:26:34,66.04,52827,8,买盘
1131,10:26:37,66.04,59438,9,买盘
1132,10:26:40,66.03,99058,15,卖盘
1133,10:26:43,66.03,39618,6,卖盘
1134,10:26:46,66.03,812186,123,卖盘
1135,10:26:49,66.03,79226,12,买盘
1136,10:26:52,66.03,171672,26,买盘
1137,10:26:55,66.03,224502,34,卖盘
1138,10:26:58,66.02,283904,43,卖盘
1139,10:27:01,66.01,132035,20,卖盘
1140,10:27:04,66.0,1009809,153,卖盘
1141,10:27:07,65.99,653336,99,卖盘
1142,10:27:10,65.99,217769,33,卖盘
1143,10:27:13,65.98,244130,37,卖盘
1144,10:27:16,65.98,59379,9,买盘
1145,10:27:19,65.98,79171,12,买盘
1146,10:27:22,65.99,105561,16,买盘
1147,10:27:25,65.98,145144,22,卖盘
1148,10:27:28,65.95,1721402,261,卖盘
1149,10:27:32,65.95,6595,1,买盘
1150,10:27:34,65.94,13188,2,卖盘
1151,10:27:37,65.93,481353,73,卖盘
1152,10:27:40,65.94,461607,70,中性盘
1153,10:27:43,65.93,46153,7,卖盘
1154,10:27:46,65.94,243983,37,买盘
1155,10:27:49,65.95,72547,11,买盘
1156,10:27:52,65.95,39571,6,卖盘
1157,10:27:55,65.95,19785,3,卖盘
1158,10:27:58,65.95,72545,11,买盘
1159,10:28:01,65.95,52760,8,卖盘
1160,10:28:04,65.95,290205,44,卖盘
1161,10:28:07,65.96,171480,26,买盘
1162,10:28:10,65.95,204447,31,卖盘
1163,10:28:13,65.96,98930,15,买盘
1164,10:28:16,65.96,72564,11,买盘
1165,10:28:19,65.95,158281,24,卖盘
1166,10:28:22,65.95,131902,20,买盘
1167,10:28:25,65.95,171470,26,卖盘
1168,10:28:28,65.95,59355,9,买盘
1169,10:28:31,65.96,230826,35,买盘
1170,10:28:34,65.95,72546,11,卖盘
1171,10:28:37,65.96,19788,3,买盘
1172,10:28:40,65.95,98936,15,卖盘
1173,10:28:43,65.95,98928,15,卖盘
1174,10:28:46,65.95,138509,21,卖盘
1175,10:28:49,65.96,98930,15,买盘
1176,10:28:52,65.95,929909,141,卖盘
1177,10:28:56,65.96,369341,56,买盘
1178,10:28:59,65.97,191286,29,买盘
1179,10:29:01,65.96,158306,24,卖盘
1180,10:29:04,65.96,19788,3,卖盘
1181,10:29:07,65.96,514499,78,卖盘
1182,10:29:10,65.97,481513,73,买盘
1183,10:29:13,65.96,778364,118,卖盘
1184,10:29:16,65.96,112141,17,卖盘
1185,10:29:19,65.97,1411560,214,买盘
1186,10:29:22,65.96,204458,31,卖盘
1187,10:29:25,65.96,257244,39,买盘
1188,10:29:29,65.96,151700,23,买盘
1189,10:29:31,65.92,1918797,291,卖盘
1190,10:29:35,65.92,230722,35,卖盘
1191,10:29:37,65.92,382351,58,卖盘
1192,10:29:40,65.94,145033,22,买盘
1193,10:29:43,65.91,164783,25,卖盘
1194,10:29:46,65.91,1351210,205,卖盘
1195,10:29:49,65.91,112045,17,买盘
1196,10:29:52,65.91,619513,94,卖盘
1197,10:29:55,65.91,316368,48,卖盘
1198,10:29:58,65.91,138411,21,卖盘
1199,10:30:01,65.91,461359,70,买盘
1200,10:30:04,65.91,230691,35,买盘
1201,10:30:07,65.94,541525,82,买盘
1202,10:30:10,65.95,402295,61,买盘
1203,10:30:13,65.96,296767,45,买盘
1204,10:30:16,65.95,13190,2,卖盘
1205,10:30:19,65.96,448517,68,买盘
1206,10:30:22,65.97,217687,33,买盘
1207,10:30:25,65.97,138522,21,买盘
1208,10:30:28,65.97,98953,15,买盘
1209,10:30:31,65.97,356224,54,买盘
1210,10:30:34,65.97,92362,14,卖盘
1211,10:30:37,65.98,184740,28,买盘
1212,10:30:40,65.97,290268,44,卖盘
1213,10:30:43,65.97,145131,22,买盘
1214,10:30:46,65.96,316619,48,卖盘
1215,10:30:49,65.95,32979,5,卖盘
1216,10:30:52,65.97,376004,57,买盘
1217,10:30:55,65.99,547530,83,买盘
1218,10:30:58,65.96,32980,5,买盘
1219,10:31:01,65.96,52774,8,卖盘
1220,10:31:04,65.98,65971,10,买盘
1221,10:31:07,65.98,811599,123,买盘
1222,10:31:10,65.96,184741,28,卖盘
1223,10:31:13,66.0,39595,6,买盘
1224,10:31:16,65.99,39595,6,卖盘
1225,10:31:19,65.99,402589,61,卖盘
1226,10:31:22,65.98,65989,10,卖盘
1227,10:31:25,65.99,39595,6,买盘
1228,10:31:28,65.98,138589,21,卖盘
1229,10:31:31,65.99,158393,24,中性盘
1230,10:31:35,65.98,85780,13,卖盘
1231,10:31:37,65.98,46185,7,买盘
1232,10:31:40,65.98,65980,10,买盘
1233,10:31:43,65.97,79169,12,卖盘
1234,10:31:46,65.98,72575,11,买盘
1235,10:31:49,65.97,105564,16,卖盘
1236,10:31:52,65.98,283709,43,买盘
1237,10:31:55,65.98,197949,30,卖盘
1238,10:31:58,65.98,125362,19,卖盘
1239,10:32:01,65.98,13196,2,买盘
1240,10:32:04,65.98,178145,27,买盘
1241,10:32:07,65.98,283714,43,卖盘
1242,10:32:10,65.99,672896,102,买盘
1243,10:32:14,65.98,72577,11,卖盘
1244,10:32:16,65.98,32990,5,买盘
1245,10:32:19,65.98,85770,13,买盘
1246,10:32:22,65.97,46179,7,卖盘
1247,10:32:25,65.98,79175,12,买盘
1248,10:32:28,65.97,349641,53,买盘
1249,10:32:32,65.98,976554,148,买盘
1250,10:32:34,65.98,52791,8,卖盘
1251,10:32:37,65.99,257387,39,中性盘
1252,10:32:41,66.0,92399,14,买盘
1253,10:32:44,66.0,1273796,193,买盘
1254,10:32:46,66.0,376219,57,卖盘
1255,10:32:49,66.01,19802,3,买盘
1256,10:32:52,66.0,92404,14,卖盘
1257,10:32:55,66.01,59402,9,买盘
1258,10:32:58,66.01,125419,19,买盘
1259,10:33:01,66.01,46207,7,卖盘
1260,10:33:04,66.02,33010,5,买盘
1261,10:33:07,66.01,178251,27,卖盘
1262,10:33:10,66.02,52815,8,买盘
1263,10:33:13,66.03,977343,148,买盘
1264,10:33:16,65.96,4414436,669,卖盘
1265,10:33:19,65.97,5178626,785,买盘
1266,10:33:22,65.96,818024,124,卖盘
1267,10:33:25,65.97,554124,84,买盘
1268,10:33:28,65.97,1029112,156,买盘
1269,10:33:31,65.96,2770728,420,卖盘
1270,10:33:34,66.0,5139101,779,买盘
1271,10:33:37,65.97,422256,64,卖盘
1272,10:33:40,66.0,131969,20,中性盘
1273,10:33:43,65.99,19797,3,中性盘
1274,10:33:46,65.98,26394,4,卖盘
1275,10:33:49,65.99,26396,4,卖盘
1276,10:33:52,65.98,98981,15,卖盘
1277,10:33:55,65.97,224372,34,卖盘
1278,10:33:58,65.98,138566,21,中性盘
1279,10:34:01,65.97,494931,75,卖盘
1280,10:34:04,65.98,112165,17,买盘
1281,10:34:07,65.98,112166,17,卖盘
1282,10:34:10,65.98,98970,15,卖盘
1283,10:34:13,65.98,32993,5,卖盘
1284,10:34:16,65.98,79180,12,卖盘
1285,10:34:19,65.99,65990,10,买盘
1286,10:34:23,65.99,79188,12,卖盘
1287,10:34:25,65.99,65990,10,卖盘
1288,10:34:28,65.99,92382,14,买盘
1289,10:34:31,65.98,158364,24,卖盘
1290,10:34:34,65.99,316739,48,买盘
1291,10:34:37,66.0,402542,61,买盘
1292,10:34:40,66.0,151798,23,买盘
1293,10:34:43,66.0,79208,12,卖盘
1294,10:34:46,66.0,204606,31,卖盘
1295,10:34:49,66.0,72599,11,卖盘
1296,10:34:53,66.0,59397,9,买盘
1297,10:34:55,65.99,26402,4,卖盘
1298,10:34:58,65.99,316752,48,卖盘
1299,10:35:02,65.99,191360,29,买盘
1300,10:35:04,65.99,79186,12,买盘
1301,10:35:07,65.98,39591,6,卖盘
1302,10:35:10,65.98,59382,9,卖盘
1303,10:35:13,65.99,158357,24,买盘
1304,10:35:16,65.98,118769,18,卖盘
1305,10:35:19,65.99,178166,27,买盘
1306,10:35:22,65.99,197953,30,买盘
1307,10:35:25,65.99,145178,22,卖盘
1308,10:35:28,65.99,92393,14,卖盘
1309,10:35:31,65.99,79194,12,卖盘
1310,10:35:34,65.99,514725,78,卖盘
1311,10:35:37,65.99,1590367,241,卖盘
1312,10:35:40,66.0,191392,29,买盘
1313,10:35:43,65.99,376196,57,卖盘
1314,10:35:46,65.99,32997,5,卖盘
1315,10:35:49,65.99,382743,58,卖盘
1316,10:35:52,65.98,72587,11,卖盘
1317,10:35:55,65.98,65987,10,卖盘
1318,10:35:58,66.0,191372,29,买盘
1319,10:36:01,65.99,283767,43,卖盘
1320,10:36:04,66.0,85796,13,买盘
1321,10:36:07,65.99,158387,24,卖盘
1322,10:36:10,65.99,151784,23,卖盘
1323,10:36:13,65.99,85789,13,卖盘
1324,10:36:16,65.99,131985,20,卖盘
1325,10:36:20,66.0,362977,55,买盘
1326,10:36:22,66.0,508191,77,买盘
1327,10:36:25,66.0,435600,66,买盘
1328,10:36:28,66.0,138597,21,买盘
1329,10:36:31,66.0,224400,34,买盘
1330,10:36:34,66.0,39601,6,卖盘
1331,10:36:37,66.0,224403,34,卖盘
1332,10:36:40,66.01,297019,45,买盘
1333,10:36:43,66.01,72607,11,中性盘
1334,10:36:46,65.99,1478268,224,卖盘
1335,10:36:50,66.01,19803,3,买盘
1336,10:36:53,66.01,204616,31,买盘
1337,10:36:55,66.0,145193,22,买盘
1338,10:36:58,66.0,594007,90,买盘
1339,10:37:01,66.0,508222,77,买盘
1340,10:37:04,66.01,138602,21,买盘
1341,10:37:07,66.0,66007,10,卖盘
1342,10:37:11,66.0,151805,23,卖盘
1343,10:37:13,66.02,283842,43,买盘
1344,10:37:16,66.01,6601,1,中性盘
1345,10:37:19,66.0,290420,44,卖盘
1346,10:37:22,65.99,435569,66,卖盘
1347,10:37:25,66.0,6600,1,卖盘
1348,10:37:28,66.01,138621,21,买盘
1349,10:37:31,66.0,627007,95,卖盘
1350,10:37:34,66.01,171636,26,中性盘
1351,10:37:37,66.0,52804,8,卖盘
1352,10:37:40,66.0,66003,10,卖盘
1353,10:37:43,66.0,191401,29,卖盘
1354,10:37:47,66.02,231045,35,买盘
1355,10:37:49,65.99,204608,31,卖盘
1356,10:37:52,66.0,39602,6,买盘
1357,10:37:55,66.0,158401,24,卖盘
1358,10:37:59,66.01,363052,55,买盘
1359,10:38:01,66.0,409232,62,卖盘
1360,10:38:04,66.0,151785,23,中性盘
1361,10:38:07,66.0,26400,4,买盘
1362,10:38:10,66.01,118803,18,买盘
1363,10:38:13,65.99,79189,12,中性盘
1364,10:38:16,65.99,32995,5,买盘
1365,10:38:19,65.99,79190,12,买盘
1366,10:38:22,65.98,1913437,290,卖盘
1367,10:38:25,65.98,257322,39,买盘
1368,10:38:28,65.98,402465,61,买盘
1369,10:38:34,65.97,118761,18,卖盘
1370,10:38:37,65.98,969922,147,买盘
1371,10:38:40,65.99,98985,15,中性盘
1372,10:38:46,66.0,79193,12,买盘
1373,10:38:49,66.0,79199,12,买盘
1374,10:38:52,65.99,145178,22,卖盘
1375,10:38:55,65.99,197982,30,卖盘
1376,10:38:59,65.99,494975,75,卖盘
1377,10:39:01,65.99,158370,24,买盘
1378,10:39:04,65.99,191371,29,买盘
1379,10:39:07,65.99,72589,11,卖盘
1380,10:39:10,65.99,26396,4,卖盘
1381,10:39:13,65.99,19797,3,卖盘
1382,10:39:16,66.0,138581,21,买盘
1383,10:39:19,66.0,158381,24,买盘
1384,10:39:22,65.99,494957,75,卖盘
1385,10:39:25,65.99,151794,23,卖盘
1386,10:39:28,66.0,316792,48,买盘
1387,10:39:31,66.01,165020,25,买盘
1388,10:39:34,66.01,165028,25,买盘
1389,10:39:37,66.02,290472,44,买盘
1390,10:39:40,66.02,112224,17,买盘
1391,10:39:43,66.02,191444,29,买盘
1392,10:39:46,66.02,217846,33,买盘
1393,10:39:49,66.02,46215,7,卖盘
1394,10:39:52,66.03,59425,9,买盘
1395,10:39:55,66.02,19806,3,卖盘
1396,10:39:58,66.03,244285,37,买盘
1397,10:40:01,66.01,158430,24,卖盘
1398,10:40:04,66.02,191454,29,买盘
1399,10:40:07,66.01,26404,4,卖盘
1400,10:40:10,66.0,72608,11,卖盘
1401,10:40:13,66.01,297017,45,买盘
1402,10:40:16,66.01,13201,2,买盘
1403,10:40:19,66.01,13202,2,买盘
1404,10:40:22,66.0,224409,34,卖盘
1405,10:40:26,66.0,191401,29,卖盘
1406,10:40:28,66.01,165004,25,买盘
1407,10:40:31,66.01,224417,34,买盘
1408,10:40:34,66.01,66015,10,中性盘
1409,10:40:37,66.0,171625,26,卖盘
1410,10:40:40,66.02,13204,2,买盘
1411,10:40:43,66.01,6601,1,卖盘
1412,10:40:46,66.01,52810,8,卖盘
1413,10:40:49,66.0,264007,40,卖盘
1414,10:40:52,66.01,376169,57,中性盘
1415,10:40:55,66.01,39604,6,买盘
1416,10:40:59,66.0,6600,1,卖盘
1417,10:41:01,66.0,198000,30,卖盘
1418,10:41:04,66.0,125401,19,卖盘
1419,10:41:07,66.0,125410,19,卖盘
1420,10:41:10,66.0,39600,6,卖盘
1421,10:41:13,66.03,2588086,392,买盘
1422,10:41:16,66.03,343347,52,买盘
1423,10:41:19,66.05,99066,15,买盘
1424,10:41:22,66.05,66050,10,买盘
1425,10:41:25,66.05,112280,17,买盘
1426,10:41:28,66.05,237780,36,卖盘
1427,10:41:31,66.05,59451,9,卖盘
1428,10:41:34,66.06,284057,43,买盘
1429,10:41:37,66.07,99097,15,买盘
1430,10:41:40,66.04,521769,79,卖盘
1431,10:41:43,66.07,85879,13,买盘
1432,10:41:46,66.07,85891,13,卖盘
1433,10:41:49,66.08,151984,23,买盘
1434,10:41:52,66.09,244496,37,买盘
1435,10:41:55,66.07,264289,40,卖盘
1436,10:41:58,66.07,72677,11,买盘
1437,10:42:01,66.07,26427,4,买盘
1438,10:42:05,66.07,99101,15,买盘
1439,10:42:07,66.07,1043903,158,买盘
1440,10:42:10,66.08,125538,19,买盘
1441,10:42:13,66.08,19824,3,卖盘
1442,10:42:16,66.08,19824,3,卖盘
1443,10:42:19,66.08,46259,7,卖盘
1444,10:42:22,66.08,178432,27,卖盘
1445,10:42:25,66.09,548547,83,买盘
1446,10:42:28,66.09,52875,8,卖盘
1447,10:42:31,66.1,257737,39,买盘
1448,10:42:34,66.1,105760,16,买盘
1449,10:42:37,66.1,257790,39,买盘
1450,10:42:40,66.1,323889,49,买盘
1451,10:42:43,66.11,118991,18,买盘
1452,10:42:46,66.12,244644,37,买盘
1453,10:42:49,66.1,211543,32,卖盘
1454,10:42:53,66.12,152076,23,买盘
1455,10:42:55,66.1,482564,73,卖盘
1456,10:42:59,66.1,224740,34,买盘
1457,10:43:01,66.1,475943,72,买盘
1458,10:43:04,66.1,594899,90,卖盘
1459,10:43:07,66.08,462628,70,卖盘
1460,10:43:10,66.09,59478,9,买盘
1461,10:43:13,66.07,198239,30,卖盘
1462,10:43:16,66.08,33039,5,买盘
1463,10:43:19,66.08,118942,18,买盘
1464,10:43:23,66.08,39647,6,买盘
1465,10:43:26,66.08,151979,23,买盘
1466,10:43:28,66.08,52864,8,买盘
1467,10:43:31,66.08,66080,10,买盘
1468,10:43:34,66.07,151976,23,卖盘
1469,10:43:37,66.08,185018,28,买盘
1470,10:43:40,66.07,376599,57,卖盘
1471,10:43:43,66.07,475714,72,卖盘
1472,10:43:46,66.07,178367,27,买盘
1473,10:43:49,66.05,402952,61,卖盘
1474,10:43:53,66.04,165116,25,卖盘
1475,10:43:55,66.01,1254171,190,卖盘
1476,10:43:58,66.04,92446,14,买盘
1477,10:44:02,66.03,26410,4,买盘
1478,10:44:05,66.03,79232,12,买盘
1479,10:44:07,66.02,66024,10,卖盘
1480,10:44:10,66.0,739280,112,卖盘
1481,10:44:13,65.97,6426533,974,卖盘
1482,10:44:16,65.96,316632,48,卖盘
1483,10:44:19,65.93,2288404,347,卖盘
1484,10:44:22,65.96,210980,32,买盘
1485,10:44:25,65.92,52738,8,卖盘
1486,10:44:28,65.92,52737,8,卖盘
1487,10:44:31,65.94,39555,6,中性盘
1488,10:44:34,65.92,46144,7,卖盘
1489,10:44:37,65.92,290048,44,卖盘
1490,10:44:40,65.91,487744,74,卖盘
1491,10:44:43,65.91,342736,52,卖盘
1492,10:44:46,65.92,131823,20,买盘
1493,10:44:49,65.91,276820,42,卖盘
1494,10:44:52,65.91,217502,33,买盘
1495,10:44:55,65.9,171360,26,卖盘
1496,10:44:58,65.9,606287,92,卖盘
1497,10:45:01,65.9,803980,122,卖盘
1498,10:45:04,65.9,118633,18,卖盘
1499,10:45:07,65.9,527261,80,卖盘
1500,10:45:10,65.9,1133492,172,卖盘
1501,10:45:13,65.9,158171,24,卖盘
1502,10:45:16,65.91,731509,111,买盘
1503,10:45:19,65.91,257017,39,中性盘
1504,10:45:22,65.91,224092,34,买盘
1505,10:45:25,65.9,151584,23,卖盘
1506,10:45:28,65.91,158184,24,卖盘
1507,10:45:31,65.91,131802,20,中性盘
1508,10:45:34,65.92,322961,49,买盘
1509,10:45:37,65.91,342732,52,卖盘
1510,10:45:40,65.9,388866,59,卖盘
1511,10:45:43,65.91,197729,30,买盘
1512,10:45:46,65.91,164785,25,买盘
1513,10:45:49,65.9,724956,110,卖盘
1514,10:45:53,65.91,296580,45,买盘
1515,10:45:55,65.9,1067587,162,卖盘
1516,10:45:58,65.9,639153,97,买盘
1517,10:46:01,65.9,883019,134,买盘
1518,10:46:04,65.89,652324,99,中性盘
1519,10:46:07,65.9,184491,28,买盘
1520,10:46:10,65.88,2760438,419,卖盘
1521,10:46:13,65.88,1409812,214,卖盘
1522,10:46:17,65.88,527017,80,买盘
1523,10:46:19,65.87,256894,39,卖盘
1524,10:46:22,65.86,230534,35,卖盘
1525,10:46:25,65.87,638866,97,卖盘
1526,10:46:28,65.87,177846,27,买盘
1527,10:46:31,65.86,441266,67,卖盘
1528,10:46:34,65.86,131720,20,买盘
1529,10:46:37,65.86,480774,73,买盘
1530,10:46:41,65.85,684871,104,卖盘
1531,10:46:43,65.86,144892,22,卖盘
1532,10:46:46,65.86,823183,125,卖盘
1533,10:46:50,65.86,204164,31,买盘
1534,10:46:52,65.85,1047034,159,卖盘
1535,10:46:55,65.85,158040,24,买盘
1536,10:46:58,65.84,816410,124,卖盘
1537,10:47:01,65.84,125096,19,买盘
1538,10:47:04,65.84,243582,37,买盘
1539,10:47:08,65.83,355497,54,卖盘
1540,10:47:10,65.83,342356,52,卖盘
1541,10:47:13,65.84,441093,67,买盘
1542,10:47:16,65.84,243603,37,买盘
1543,10:47:19,65.83,85595,13,卖盘
1544,10:47:23,65.84,318820,48,买盘
1545,10:47:25,65.83,362210,55,卖盘
1546,10:47:28,65.84,125099,19,中性盘
1547,10:47:31,65.86,1244464,189,买盘
1548,10:47:34,65.86,171239,26,卖盘
1549,10:47:37,65.87,131722,20,买盘
1550,10:47:40,65.86,843051,128,卖盘
1551,10:47:43,65.87,204202,31,卖盘
1552,10:47:47,65.89,6589,1,买盘
1553,10:47:50,65.9,151562,23,买盘
1554,10:47:52,65.9,191092,29,买盘
1555,10:47:56,65.89,118609,18,卖盘
1556,10:47:58,65.9,204245,31,买盘
1557,10:48:01,65.88,184517,28,卖盘
1558,10:48:05,65.89,98835,15,卖盘
1559,10:48:07,65.89,13179,2,卖盘
1560,10:48:10,65.89,191086,29,卖盘
1561,10:48:13,65.91,65901,10,买盘
1562,10:48:16,65.9,32953,5,卖盘
1563,10:48:22,65.92,39548,6,买盘
1564,10:48:26,65.91,118644,18,卖盘
1565,10:48:28,65.9,329500,50,卖盘
1566,10:48:31,65.89,144994,22,卖盘
1567,10:48:34,65.9,39539,6,买盘
1568,10:48:37,65.91,131801,20,买盘
1569,10:48:40,65.9,19770,3,卖盘
1570,10:48:43,65.9,32951,5,卖盘
1571,10:48:46,65.9,52726,8,卖盘
1572,10:48:49,65.9,125212,19,卖盘
1573,10:48:52,65.9,118620,18,卖盘
1574,10:48:55,65.9,52720,8,买盘
1575,10:48:58,65.9,72489,11,买盘
1576,10:49:01,65.89,151562,23,卖盘
1577,10:49:05,65.9,72490,11,买盘
1578,10:49:07,65.9,210856,32,买盘
1579,10:49:10,65.9,316285,48,买盘
1580,10:49:13,65.9,39540,6,中性盘
1581,10:49:16,65.9,349275,53,卖盘
1582,10:49:19,65.89,158140,24,卖盘
1583,10:49:22,65.9,52717,8,买盘
1584,10:49:25,65.91,52721,8,买盘
1585,10:49:28,65.89,26359,4,卖盘
1586,10:49:31,65.89,59306,9,卖盘
1587,10:49:34,65.88,395340,60,卖盘
1588,10:49:38,65.89,39534,6,买盘
1589,10:49:40,65.89,26356,4,买盘
1590,10:49:43,65.88,533644,81,卖盘
1591,10:49:46,65.89,342579,52,买盘
1592,10:49:49,65.89,39533,6,买盘
1593,10:49:52,65.88,85650,13,卖盘
1594,10:49:55,65.89,375527,57,买盘
1595,10:49:58,65.88,448001,68,卖盘
1596,10:50:01,65.88,92233,14,卖盘
1597,10:50:04,65.88,434757,66,买盘
1598,10:50:07,65.87,105396,16,卖盘
1599,10:50:10,65.88,171277,26,买盘
1600,10:50:14,65.89,26356,4,买盘
1601,10:50:17,65.87,217402,33,卖盘
1602,10:50:19,65.89,105412,16,买盘
1603,10:50:22,65.88,461136,70,卖盘
1604,10:50:25,65.87,448002,68,卖盘
1605,10:50:28,65.88,98834,15,卖盘
1606,10:50:31,65.88,125177,19,卖盘
1607,10:50:34,65.87,138327,21,卖盘
1608,10:50:37,65.88,125165,19,买盘
1609,10:50:40,65.88,39528,6,买盘
1610,10:50:43,65.87,507223,77,卖盘
1611,10:50:46,65.87,125154,19,卖盘
1612,10:50:49,65.88,250335,38,买盘
1613,10:50:52,65.88,349164,53,卖盘
1614,10:50:56,65.88,85644,13,卖盘
1615,10:50:59,65.89,164708,25,买盘
1616,10:51:01,65.88,39530,6,卖盘
1617,10:51:04,65.9,1304770,198,买盘
1618,10:51:08,65.91,204299,31,买盘
1619,10:51:10,65.91,263640,40,买盘
1620,10:51:13,65.9,263618,40,卖盘
1621,10:51:16,65.92,59321,9,买盘
1622,10:51:19,65.92,98874,15,买盘
1623,10:51:22,65.91,46143,7,卖盘
1624,10:51:25,65.92,92288,14,卖盘
1625,10:51:28,65.92,421848,64,卖盘
1626,10:51:31,65.92,65920,10,买盘
1627,10:51:34,65.92,26368,4,卖盘
1628,10:51:40,65.93,13186,2,买盘
1629,10:51:43,65.92,52740,8,卖盘
1630,10:51:46,65.94,72526,11,买盘
1631,10:51:49,65.96,243991,37,买盘
1632,10:51:52,65.94,46165,7,卖盘
1633,10:51:55,65.96,19788,3,买盘
1634,10:51:58,65.96,79152,12,卖盘
1635,10:52:01,65.96,105544,16,中性盘
1636,10:52:04,65.96,39572,6,买盘
1637,10:52:07,65.96,257228,39,买盘
1638,10:52:10,65.97,46174,7,买盘
1639,10:52:13,65.96,6596,1,卖盘
1640,10:52:16,65.97,52776,8,买盘
1641,10:52:19,65.97,59372,9,买盘
1642,10:52:22,65.97,92366,14,卖盘
1643,10:52:25,65.98,72577,11,买盘
1644,10:52:29,65.98,507972,77,买盘
1645,10:52:34,65.97,145138,22,卖盘
1646,10:52:37,65.97,72567,11,买盘
1647,10:52:40,65.98,323282,49,买盘
1648,10:52:43,65.98,125362,19,卖盘
1649,10:52:46,65.98,72578,11,卖盘
1650,10:52:49,65.98,59382,9,买盘
1651,10:52:52,65.99,824743,125,买盘
1652,10:52:55,65.98,46189,7,卖盘
1653,10:52:58,65.98,52785,8,卖盘
1654,10:53:01,65.98,125376,19,卖盘
1655,10:53:04,65.98,19794,3,卖盘
1656,10:53:08,66.02,2085565,316,买盘
1657,10:53:10,66.04,561254,85,买盘
1658,10:53:14,66.04,6604,1,买盘
1659,10:53:16,66.02,349952,53,卖盘
1660,10:53:19,66.03,26416,4,中性盘
1661,10:53:22,66.03,59429,9,卖盘
1662,10:53:26,66.03,204685,31,买盘
1663,10:53:28,66.01,46217,7,卖盘
1664,10:53:31,66.02,59425,9,中性盘
1665,10:53:35,66.02,46211,7,买盘
1666,10:53:38,66.01,125420,19,卖盘
1667,10:53:40,66.01,79216,12,卖盘
1668,10:53:43,66.01,92412,14,买盘
1669,10:53:46,66.01,237645,36,买盘
1670,10:53:49,66.01,6601,1,卖盘
1671,10:53:52,66.02,19805,3,买盘
1672,10:53:55,66.01,138624,21,卖盘
1673,10:53:59,66.02,99022,15,买盘
1674,10:54:01,66.01,290445,44,卖盘
1675,10:54:05,66.01,132020,20,买盘
1676,10:54:07,66.01,145221,22,买盘
1677,10:54:10,66.0,46205,7,卖盘
1678,10:54:13,66.01,151821,23,买盘
1679,10:54:16,66.01,72611,11,买盘
1680,10:54:19,66.0,19800,3,卖盘
1681,10:54:23,66.01,26404,4,买盘
1682,10:54:26,66.01,389459,59,卖盘
1683,10:54:28,66.01,231037,35,卖盘
1684,10:54:31,66.01,211209,32,卖盘
1685,10:54:35,66.02,112208,17,买盘
1686,10:54:37,66.01,132027,20,卖盘
1687,10:54:40,66.03,825256,125,买盘
1688,10:54:43,66.03,99045,15,卖盘
1689,10:54:46,66.03,112251,17,卖盘
1690,10:54:50,66.02,158456,24,卖盘
1691,10:54:53,66.02,158488,24,卖盘
1692,10:54:55,66.03,13206,2,买盘
1693,10:55:05,66.02,66029,10,卖盘
1694,10:55:07,66.03,178281,27,买盘
1695,10:55:11,66.03,72632,11,卖盘
1696,10:55:13,66.02,72631,11,卖盘
1697,10:55:16,66.03,138660,21,买盘
1698,10:55:19,66.03,79225,12,买盘
1699,10:55:22,66.02,39614,6,买盘
1700,10:55:25,66.02,46212,7,买盘
1701,10:55:29,66.02,13204,2,买盘
1702,10:55:31,66.02,132040,20,买盘
1703,10:55:34,66.02,39613,6,卖盘
1704,10:55:37,66.02,79224,12,卖盘
1705,10:55:40,66.02,13204,2,卖盘
1706,10:55:43,66.02,145250,22,卖盘
1707,10:55:46,66.02,92428,14,卖盘
1708,10:55:49,66.03,99033,15,买盘
1709,10:55:52,66.02,594259,90,卖盘
1710,10:55:55,66.02,72629,11,卖盘
1711,10:55:58,66.03,19809,3,买盘
1712,10:56:01,66.03,33015,5,买盘
1713,10:56:05,66.02,46220,7,卖盘
1714,10:56:07,66.02,250903,38,卖盘
1715,10:56:10,66.02,46219,7,卖盘
1716,10:56:13,66.02,6602,1,卖盘
1717,10:56:16,66.02,26409,4,卖盘
1718,10:56:19,66.02,72623,11,卖盘
1719,10:56:22,66.02,158456,24,卖盘
1720,10:56:25,66.01,52813,8,卖盘
1721,10:56:28,66.01,151823,23,卖盘
1722,10:56:32,66.07,3156817,478,买盘
1723,10:56:35,66.08,475765,72,买盘
1724,10:56:37,66.08,138788,21,卖盘
1725,10:56:40,66.08,151996,23,卖盘
1726,10:56:43,66.1,766730,116,买盘
1727,10:56:46,66.11,13222,2,买盘
1728,10:56:49,66.11,52888,8,买盘
1729,10:56:52,66.11,224802,34,卖盘
1730,10:56:55,66.12,33059,5,中性盘
1731,10:56:58,66.13,178542,27,买盘
1732,10:57:01,66.13,218227,33,买盘
1733,10:57:04,66.13,621503,94,卖盘
1734,10:57:07,66.11,284283,43,卖盘
1735,10:57:10,66.11,323896,49,买盘
1736,10:57:13,66.11,502523,76,买盘
1737,10:57:16,66.1,185104,28,卖盘
1738,10:57:19,66.11,92547,14,买盘
1739,10:57:22,66.11,79309,12,买盘
1740,10:57:25,66.07,92510,14,卖盘
1741,10:57:28,66.07,138766,21,买盘
1742,10:57:31,66.07,59468,9,卖盘
1743,10:57:34,66.07,92507,14,卖盘
1744,10:57:37,66.08,66076,10,买盘
1745,10:57:40,66.08,303919,46,买盘
1746,10:57:43,66.07,19822,3,卖盘
1747,10:57:46,66.09,66072,10,买盘
1748,10:57:49,66.07,19823,3,卖盘
1749,10:57:52,66.07,26430,4,卖盘
1750,10:57:55,66.08,59465,9,买盘
1751,10:58:01,66.07,211446,32,卖盘
1752,10:58:04,66.08,79296,12,买盘
1753,10:58:07,66.07,13215,2,中性盘
1754,10:58:10,66.08,231270,35,买盘
1755,10:58:16,66.07,72684,11,卖盘
1756,10:58:19,66.07,59458,9,买盘
1757,10:58:23,66.07,151961,23,买盘
1758,10:58:26,66.08,39645,6,买盘
1759,10:58:28,66.08,52865,8,卖盘
1760,10:58:31,66.11,363553,55,买盘
1761,10:58:34,66.12,6612,1,买盘
1762,10:58:37,66.12,138864,21,买盘
1763,10:58:40,66.13,19839,3,买盘
1764,10:58:43,66.11,396720,60,卖盘
1765,10:58:47,66.11,66114,10,卖盘
1766,10:58:49,66.11,66114,10,卖盘
1767,10:58:53,66.12,224805,34,买盘
1768,10:58:55,66.11,171886,26,卖盘
1769,10:58:58,66.12,19834,3,买盘
1770,10:59:01,66.12,39670,6,买盘
1771,10:59:04,66.12,13224,2,买盘
1772,10:59:08,66.12,13224,2,买盘
1773,10:59:10,66.11,185109,28,卖盘
1774,10:59:13,66.11,185105,28,卖盘
1775,10:59:16,66.12,165282,25,买盘
1776,10:59:19,66.11,52889,8,卖盘
1777,10:59:22,66.11,39671,6,卖盘
1778,10:59:25,66.11,52888,8,卖盘
1779,10:59:28,66.11,79332,12,卖盘
1780,10:59:32,66.1,112387,17,卖盘
1781,10:59:35,66.1,634540,96,卖盘
1782,10:59:38,66.08,383276,58,卖盘
1783,10:59:40,66.08,92536,14,卖盘
1784,10:59:43,66.08,171810,26,卖盘
1785,10:59:47,66.08,13216,2,卖盘
1786,10:59:50,66.08,171808,26,卖盘
1787,10:59:52,66.09,105734,16,买盘
1788,10:59:56,66.1,191642,29,买盘
1789,10:59:59,66.08,39648,6,卖盘
1790,11:00:02,66.1,198299,30,买盘
1791,11:00:04,66.1,26441,4,卖盘
1792,11:00:07,66.11,99160,15,买盘
1793,11:00:10,66.1,13220,2,卖盘
1794,11:00:13,66.11,105775,16,买盘
1795,11:00:16,66.11,26444,4,买盘
1796,11:00:19,66.1,85931,13,卖盘
1797,11:00:23,66.1,72712,11,卖盘
1798,11:00:25,66.1,92541,14,卖盘
1799,11:00:28,66.1,85931,13,卖盘
1800,11:00:32,66.11,85934,13,买盘
1801,11:00:35,66.09,92543,14,卖盘
1802,11:00:38,66.1,72720,11,中性盘
1803,11:00:40,66.11,264407,40,买盘
1804,11:00:43,66.09,6609,1,卖盘
1805,11:00:46,66.09,13218,2,卖盘
1806,11:00:49,66.1,799740,121,买盘
1807,11:00:53,66.09,26437,4,卖盘
1808,11:00:56,66.1,52874,8,买盘
1809,11:00:58,66.1,99147,15,买盘
1810,11:01:02,66.1,79320,12,买盘
1811,11:01:05,66.11,66098,10,买盘
1812,11:01:07,66.11,145422,22,买盘
1813,11:01:10,66.1,59490,9,卖盘
1814,11:01:13,66.11,99158,15,买盘
1815,11:01:16,66.1,33050,5,卖盘
1816,11:01:20,66.1,178472,27,卖盘
1817,11:01:22,66.1,39661,6,卖盘
1818,11:01:26,66.09,85929,13,卖盘
1819,11:01:29,66.09,6609,1,卖盘
1820,11:01:31,66.09,105746,16,卖盘
1821,11:01:34,66.09,251142,38,卖盘
1822,11:01:37,66.1,422984,64,买盘
1823,11:01:40,66.11,2055771,311,买盘
1824,11:01:43,66.11,152041,23,买盘
1825,11:01:46,66.1,390045,59,中性盘
1826,11:01:49,66.11,317327,48,买盘
1827,11:01:52,66.11,502475,76,买盘
1828,11:01:56,66.11,59499,9,买盘
1829,11:01:58,66.11,39663,6,买盘
1830,11:02:02,66.11,59498,9,卖盘
1831,11:02:04,66.11,92554,14,买盘
1832,11:02:07,66.11,19835,3,中性盘
1833,11:02:13,66.12,495899,75,买盘
1834,11:02:16,66.11,6611,1,卖盘
1835,11:02:20,66.12,92568,14,买盘
1836,11:02:23,66.12,39672,6,买盘
1837,11:02:28,66.12,66120,10,卖盘
1838,11:02:31,66.12,39672,6,卖盘
1839,11:02:34,66.13,59513,9,买盘
1840,11:02:38,66.12,92578,14,卖盘
1841,11:02:40,66.13,6613,1,买盘
1842,11:02:43,66.13,85969,13,买盘
1843,11:02:46,66.13,79355,12,买盘
1844,11:02:49,66.12,105792,16,卖盘
1845,11:02:52,66.13,52903,8,买盘
1846,11:02:59,66.13,383495,58,买盘
1847,11:03:02,66.12,59512,9,中性盘
1848,11:03:04,66.12,105792,16,买盘
1849,11:03:07,66.12,416532,63,买盘
1850,11:03:10,66.13,66128,10,买盘
1851,11:03:13,66.13,165325,25,买盘
1852,11:03:16,66.13,92580,14,买盘
1853,11:03:19,66.14,92594,14,买盘
1854,11:03:23,66.13,39678,6,卖盘
1855,11:03:26,66.14,59524,9,买盘
1856,11:03:28,66.13,13227,2,卖盘
1857,11:03:32,66.13,112434,17,卖盘
1858,11:03:34,66.14,66140,10,买盘
1859,11:03:37,66.14,79368,12,买盘
1860,11:03:40,66.11,495894,75,卖盘
1861,11:03:44,66.11,264444,40,中性盘
1862,11:03:46,66.14,66132,10,买盘
1863,11:03:49,66.14,19842,3,中性盘
1864,11:03:52,66.13,178526,27,卖盘
1865,11:03:55,66.13,52911,8,卖盘
1866,11:03:58,66.14,244691,37,买盘
1867,11:04:01,66.13,66133,10,卖盘
1868,11:04:04,66.13,39675,6,买盘
1869,11:04:07,66.12,46284,7,买盘
1870,11:04:10,66.12,26447,4,买盘
1871,11:04:13,66.12,85956,13,买盘
1872,11:04:16,66.11,59501,9,卖盘
1873,11:04:20,66.11,13222,2,卖盘
1874,11:04:22,66.1,59501,9,卖盘
1875,11:04:26,66.12,79330,12,买盘
1876,11:04:28,66.11,26447,4,卖盘
1877,11:04:31,66.12,19836,3,买盘
1878,11:04:34,66.12,66117,10,买盘
1879,11:04:37,66.12,33060,5,买盘
1880,11:04:40,66.11,19834,3,卖盘
1881,11:04:43,66.11,251221,38,卖盘
1882,11:04:46,66.11,13222,2,卖盘
1883,11:04:49,66.12,66115,10,买盘
1884,11:04:52,66.1,581715,88,卖盘
1885,11:04:55,66.1,105760,16,买盘
1886,11:04:58,66.1,6610,1,买盘
1887,11:05:02,66.1,145399,22,买盘
1888,11:05:04,66.09,52872,8,买盘
1889,11:05:07,66.09,33045,5,买盘
1890,11:05:10,66.08,19824,3,卖盘
1891,11:05:14,66.1,244543,37,买盘
1892,11:05:17,66.1,152022,23,卖盘
1893,11:05:20,66.1,138810,21,卖盘
1894,11:05:22,66.1,13220,2,买盘
1895,11:05:26,66.1,105755,16,买盘
1896,11:05:28,66.09,456108,69,卖盘
1897,11:05:31,66.09,79315,12,卖盘
1898,11:05:35,66.08,39648,6,卖盘
1899,11:05:37,66.08,19824,3,卖盘
1900,11:05:40,66.08,85904,13,卖盘
1901,11:05:43,66.08,26433,4,卖盘
1902,11:05:46,66.08,39648,6,卖盘
1903,11:05:50,66.09,178435,27,买盘
1904,11:05:52,66.09,66090,10,买盘
1905,11:05:56,66.09,158611,24,买盘
1906,11:05:58,66.09,165205,25,卖盘
1907,11:06:02,66.08,39650,6,卖盘
1908,11:06:05,66.08,277536,42,卖盘
1909,11:06:07,66.07,46252,7,卖盘
1910,11:06:10,66.06,66068,10,卖盘
1911,11:06:13,66.07,39642,6,买盘
1912,11:06:16,66.06,79280,12,卖盘
1913,11:06:19,66.07,46249,7,买盘
1914,11:06:22,66.07,72676,11,买盘
1915,11:06:26,66.07,112324,17,买盘
1916,11:06:28,66.06,66069,10,卖盘
1917,11:06:31,66.07,92498,14,买盘
1918,11:06:34,66.06,33030,5,卖盘
1919,11:06:37,66.06,310482,47,卖盘
1920,11:06:40,66.06,33030,5,卖盘
1921,11:06:44,66.06,171766,26,卖盘
1922,11:06:47,66.06,52848,8,卖盘
1923,11:06:49,66.05,178353,27,卖盘
1924,11:06:52,66.06,19818,3,买盘
1925,11:06:55,66.07,138737,21,买盘
1926,11:06:58,66.07,39634,6,买盘
1927,11:07:02,66.07,92488,14,买盘
1928,11:07:04,66.07,19820,3,买盘
1929,11:07:07,66.07,561518,85,买盘
1930,11:07:10,66.09,165208,25,买盘
1931,11:07:14,66.09,284133,43,卖盘
1932,11:07:17,66.08,303992,46,卖盘
1933,11:07:22,66.08,99137,15,卖盘
1934,11:07:25,66.08,13216,2,卖盘
1935,11:07:28,66.08,79302,12,卖盘
1936,11:07:31,66.08,99102,15,买盘
1937,11:07:34,66.08,151964,23,买盘
1938,11:07:37,66.07,13214,2,中性盘
1939,11:07:43,66.06,33030,5,卖盘
1940,11:07:46,66.05,19818,3,卖盘
1941,11:07:49,66.06,19818,3,买盘
1942,11:07:55,66.07,237820,36,买盘
1943,11:07:58,66.05,138719,21,卖盘
1944,11:08:01,66.05,99075,15,买盘
1945,11:08:05,66.05,6605,1,卖盘
1946,11:08:07,66.05,6605,1,卖盘
1947,11:08:10,66.06,66060,10,买盘
1948,11:08:13,66.06,46236,7,买盘
1949,11:08:17,66.06,244419,37,买盘
1950,11:08:19,66.06,19817,3,买盘
1951,11:08:22,66.05,72657,11,卖盘
1952,11:08:25,66.06,85868,13,买盘
1953,11:08:31,66.06,6606,1,卖盘
1954,11:08:34,66.06,118908,18,卖盘
1955,11:08:37,66.06,231186,35,买盘
1956,11:08:40,66.06,158544,24,买盘
1957,11:08:43,66.06,52848,8,卖盘
1958,11:08:46,66.06,204796,31,卖盘
1959,11:08:49,66.06,39641,6,卖盘
1960,11:08:52,66.07,46247,7,买盘
1961,11:08:55,66.07,112319,17,买盘
1962,11:08:58,66.06,125526,19,卖盘
1963,11:09:01,66.06,85878,13,买盘
1964,11:09:05,66.06,79269,12,买盘
1965,11:09:07,66.06,66056,10,买盘
1966,11:09:10,66.05,26420,4,卖盘
1967,11:09:14,66.06,39633,6,买盘
1968,11:09:19,66.06,39632,6,买盘
1969,11:09:22,66.06,33030,5,买盘
1970,11:09:25,66.06,746471,113,买盘
1971,11:09:28,66.07,72675,11,买盘
1972,11:09:31,66.07,33035,5,买盘
1973,11:09:35,66.07,165173,25,买盘
1974,11:09:38,66.07,85891,13,卖盘
1975,11:09:41,66.08,99108,15,买盘
1976,11:09:43,66.07,46248,7,买盘
1977,11:09:46,66.07,85891,13,买盘
1978,11:09:49,66.07,33035,5,买盘
1979,11:09:52,66.07,72677,11,买盘
1980,11:09:55,66.07,39642,6,买盘
1981,11:09:58,66.06,449215,68,卖盘
1982,11:10:01,66.05,112290,17,卖盘
1983,11:10:04,66.05,66054,10,卖盘
1984,11:10:07,66.04,277370,42,卖盘
1985,11:10:10,66.04,6604,1,中性盘
1986,11:10:13,66.04,33017,5,买盘
1987,11:10:16,66.04,99050,15,买盘
1988,11:10:20,66.04,184897,28,买盘
1989,11:10:23,66.04,19812,3,买盘
1990,11:10:25,66.03,66034,10,卖盘
1991,11:10:28,66.03,277327,42,卖盘
1992,11:10:32,66.03,39618,6,买盘
1993,11:10:34,66.03,79231,12,买盘
1994,11:10:37,66.03,92436,14,买盘
1995,11:10:41,66.03,165066,25,买盘
1996,11:10:43,66.03,85837,13,买盘
1997,11:10:46,66.02,244277,37,卖盘
1998,11:10:49,66.02,72614,11,买盘
1999,11:10:52,66.01,26404,4,卖盘
2000,11:10:55,66.01,19803,3,卖盘
2001,11:10:58,66.02,92422,14,买盘
2002,11:11:01,66.01,92414,14,卖盘
2003,11:11:04,66.01,158430,24,卖盘
2004,11:11:07,66.02,46208,7,买盘
2005,11:11:10,66.02,244242,37,买盘
2006,11:11:13,66.01,26404,4,卖盘
2007,11:11:19,66.02,132027,20,买盘
2008,11:11:22,66.01,72613,11,卖盘
2009,11:11:25,66.01,132020,20,卖盘
2010,11:11:28,66.02,39608,6,买盘
2011,11:11:31,66.01,112217,17,卖盘
2012,11:11:34,66.01,19803,3,卖盘
2013,11:11:37,66.01,52808,8,卖盘
2014,11:11:40,66.0,66004,10,卖盘
2015,11:11:43,66.0,59404,9,卖盘
2016,11:11:46,65.97,2356109,357,卖盘
2017,11:11:49,65.98,98968,15,中性盘
2018,11:11:52,65.97,178120,27,卖盘
2019,11:11:55,65.98,46185,7,买盘
2020,11:11:58,65.98,125352,19,买盘
2021,11:12:01,65.98,85770,13,买盘
2022,11:12:04,65.98,13196,2,买盘
2023,11:12:11,65.97,79166,12,卖盘
2024,11:12:13,65.98,6598,1,买盘
2025,11:12:16,65.97,131942,20,卖盘
2026,11:12:19,65.97,237492,36,买盘
2027,11:12:22,65.98,831380,126,买盘
2028,11:12:25,65.97,989424,150,卖盘
2029,11:12:29,65.97,92359,14,卖盘
2030,11:12:31,65.98,356258,54,买盘
2031,11:12:34,65.98,554279,84,买盘
2032,11:12:37,65.97,98963,15,卖盘
2033,11:12:40,65.98,19794,3,买盘
2034,11:12:43,65.98,19794,3,买盘
2035,11:12:46,65.97,65975,10,卖盘
2036,11:12:49,65.98,39588,6,买盘
2037,11:12:52,65.98,250718,38,买盘
2038,11:12:55,65.98,19794,3,买盘
2039,11:12:58,65.98,151750,23,买盘
2040,11:13:01,65.97,112154,17,卖盘
2041,11:13:04,65.98,19794,3,买盘
2042,11:13:07,65.98,98970,15,买盘
2043,11:13:14,65.98,59383,9,卖盘
2044,11:13:16,65.98,39588,6,卖盘
2045,11:13:19,65.98,26392,4,买盘
2046,11:13:22,65.97,85761,13,卖盘
2047,11:13:25,65.97,428813,65,卖盘
2048,11:13:28,65.97,59369,9,买盘
2049,11:13:31,65.97,39581,6,买盘
2050,11:13:34,65.97,303424,46,买盘
2051,11:13:37,65.97,178116,27,买盘
2052,11:13:41,65.98,6598,1,买盘
2053,11:13:43,65.97,39582,6,卖盘
2054,11:13:46,65.98,26392,4,买盘
2055,11:13:49,65.98,46183,7,买盘
2056,11:13:52,65.97,26388,4,卖盘
2057,11:13:55,65.97,26388,4,卖盘
2058,11:13:58,65.97,831163,126,卖盘
2059,11:14:02,65.97,666297,101,买盘
2060,11:14:04,65.97,949984,144,卖盘
2061,11:14:07,65.98,131960,20,卖盘
2062,11:14:10,65.98,19794,3,买盘
2063,11:14:13,65.97,59381,9,卖盘
2064,11:14:16,65.98,270481,41,买盘
2065,11:14:19,65.97,65972,10,卖盘
2066,11:14:23,65.98,422259,64,买盘
2067,11:14:25,65.97,415614,63,卖盘
2068,11:14:28,65.98,514560,78,买盘
2069,11:14:31,65.98,125358,19,买盘
2070,11:14:34,65.98,164926,25,买盘
2071,11:14:37,65.98,178136,27,买盘
2072,11:14:40,65.98,6598,1,卖盘
2073,11:14:43,65.98,98976,15,中性盘
2074,11:14:46,65.98,112178,17,卖盘
2075,11:14:49,65.97,118746,18,卖盘
2076,11:14:52,65.96,92353,14,卖盘
2077,11:14:55,65.97,125333,19,买盘
2078,11:14:58,65.98,296910,45,买盘
2079,11:15:01,65.99,376161,57,买盘
2080,11:15:04,65.99,6599,1,卖盘
2081,11:15:07,66.0,112200,17,买盘
2082,11:15:10,65.99,6599,1,卖盘
2083,11:15:13,65.99,112183,17,卖盘
2084,11:15:16,65.99,26397,4,卖盘
2085,11:15:19,65.99,39594,6,卖盘
2086,11:15:22,66.0,13200,2,买盘
2087,11:15:25,66.0,72592,11,买盘
2088,11:15:28,66.0,13200,2,买盘
2089,11:15:31,66.0,871196,132,买盘
2090,11:15:34,66.01,217802,33,买盘
2091,11:15:37,66.0,6600,1,卖盘
2092,11:15:40,66.0,19800,3,卖盘
2093,11:15:43,66.01,33002,5,买盘
2094,11:15:46,66.0,633614,96,卖盘
2095,11:15:49,66.01,6601,1,买盘
2096,11:15:52,66.0,138610,21,卖盘
2097,11:15:56,66.01,99015,15,买盘
2098,11:15:58,66.0,290402,44,卖盘
2099,11:16:01,65.99,877730,133,卖盘
2100,11:16:04,65.99,52793,8,卖盘
2101,11:16:08,65.98,59388,9,卖盘
2102,11:16:10,65.98,46189,7,卖盘
2103,11:16:13,65.99,98980,15,买盘
2104,11:16:16,65.99,19796,3,买盘
2105,11:16:19,65.98,310134,47,卖盘
2106,11:16:22,65.99,46193,7,买盘
2107,11:16:25,65.98,349694,53,卖盘
2108,11:16:28,65.98,19794,3,买盘
2109,11:16:31,65.98,105565,16,买盘
2110,11:16:34,65.97,72576,11,卖盘
2111,11:16:37,65.98,164946,25,买盘
2112,11:16:40,65.98,633318,96,买盘
2113,11:16:43,65.98,112166,17,买盘
2114,11:16:46,65.98,283686,43,买盘
2115,11:16:49,65.98,92369,14,卖盘
2116,11:16:52,65.98,65980,10,卖盘
2117,11:16:55,65.99,85776,13,买盘
2118,11:16:58,65.98,72578,11,卖盘
2119,11:17:01,65.98,349724,53,卖盘
2120,11:17:04,65.98,79177,12,卖盘
2121,11:17:07,65.98,32992,5,卖盘
2122,11:17:10,65.99,32993,5,买盘
2123,11:17:13,65.98,65980,10,卖盘
2124,11:17:16,65.99,125366,19,买盘
2125,11:17:19,65.99,3576691,542,买盘
2126,11:17:22,66.01,679806,103,买盘
2127,11:17:26,66.02,125420,19,买盘
2128,11:17:28,66.03,33013,5,买盘
2129,11:17:31,66.01,26407,4,卖盘
2130,11:17:34,66.02,46214,7,买盘
2131,11:17:37,66.02,158448,24,卖盘
2132,11:17:40,66.03,204665,31,买盘
2133,11:17:43,66.03,211265,32,买盘
2134,11:17:46,66.03,99040,15,买盘
2135,11:17:52,66.03,310336,47,买盘
2136,11:17:55,66.03,6603,1,买盘
2137,11:17:58,66.03,19809,3,买盘
2138,11:18:01,66.03,33015,5,买盘
2139,11:18:04,66.02,72625,11,卖盘
2140,11:18:08,66.02,118835,18,买盘
2141,11:18:10,66.02,13204,2,买盘
2142,11:18:13,66.02,198061,30,买盘
2143,11:18:16,66.02,79223,12,买盘
2144,11:18:19,66.02,158448,24,买盘
2145,11:18:22,66.02,151844,23,买盘
2146,11:18:25,66.03,145249,22,买盘
2147,11:18:28,66.03,442400,67,买盘
2148,11:18:31,66.05,125482,19,买盘
2149,11:18:34,66.05,105679,16,买盘
2150,11:18:40,66.06,6606,1,买盘
2151,11:18:44,66.05,19815,3,卖盘
2152,11:18:46,66.06,389752,59,买盘
2153,11:18:49,66.05,13210,2,卖盘
2154,11:18:52,66.06,85874,13,买盘
2155,11:18:55,66.06,112301,17,买盘
2156,11:18:58,66.06,85878,13,买盘
2157,11:19:01,66.06,350115,53,买盘
2158,11:19:04,66.06,33030,5,卖盘
2159,11:19:10,66.07,72677,11,买盘
2160,11:19:13,66.06,369936,56,卖盘
2161,11:19:16,66.03,614228,93,卖盘
2162,11:19:19,66.03,250892,38,买盘
2163,11:19:22,66.04,402746,61,买盘
2164,11:19:25,66.03,99017,15,中性盘
2165,11:19:28,66.03,33015,5,买盘
2166,11:19:31,66.02,92428,14,买盘
2167,11:19:34,66.04,52825,8,买盘
2168,11:19:38,66.02,508257,77,卖盘
2169,11:19:40,66.02,46212,7,买盘
2170,11:19:43,66.02,39612,6,买盘
2171,11:19:46,66.02,66020,10,买盘
2172,11:19:49,66.02,283888,43,卖盘
2173,11:19:52,66.01,679921,103,卖盘
2174,11:19:55,66.02,13204,2,买盘
2175,11:19:58,66.02,92427,14,买盘
2176,11:20:01,66.01,283880,43,卖盘
2177,11:20:04,66.02,72621,11,买盘
2178,11:20:07,66.02,33006,5,买盘
2179,11:20:10,66.02,112225,17,买盘
2180,11:20:13,66.02,178243,27,买盘
2181,11:20:16,66.01,92414,14,卖盘
2182,11:20:22,66.01,264050,40,卖盘
2183,11:20:25,66.01,594167,90,卖盘
2184,11:20:28,66.01,125431,19,卖盘
2185,11:20:31,66.02,46210,7,买盘
2186,11:20:34,66.01,13202,2,卖盘
2187,11:20:37,66.01,59409,9,卖盘
2188,11:20:40,66.01,39606,6,卖盘
2189,11:20:43,66.01,237632,36,买盘
2190,11:20:46,66.0,79201,12,卖盘
2191,11:20:52,66.01,250803,38,买盘
2192,11:20:55,66.01,72610,11,买盘
2193,11:20:58,66.0,46201,7,卖盘
2194,11:21:01,66.0,105601,16,卖盘
2195,11:21:04,66.0,99003,15,卖盘
2196,11:21:07,66.01,39606,6,买盘
2197,11:21:10,66.0,389400,59,卖盘
2198,11:21:13,65.99,59397,9,卖盘
2199,11:21:16,65.99,224366,34,卖盘
2200,11:21:19,65.99,32996,5,卖盘
2201,11:21:22,66.0,6600,1,买盘
2202,11:21:25,65.99,85796,13,卖盘
2203,11:21:28,65.99,818303,124,卖盘
2204,11:21:31,65.99,310156,47,买盘
2205,11:21:34,66.0,85802,13,买盘
2206,11:21:37,66.0,46200,7,卖盘
2207,11:21:40,66.01,6601,1,买盘
2208,11:21:43,66.01,6601,1,买盘
2209,11:21:46,66.0,125406,19,卖盘
2210,11:21:49,66.01,132003,20,买盘
2211,11:21:52,66.01,349836,53,买盘
2212,11:21:55,66.01,85813,13,买盘
2213,11:21:58,66.01,6601,1,卖盘
2214,11:22:01,66.01,118818,18,卖盘
2215,11:22:04,66.01,33005,5,买盘
2216,11:22:07,66.01,171616,26,买盘
2217,11:22:10,66.02,13204,2,买盘
2218,11:22:14,66.02,13204,2,买盘
2219,11:22:16,66.01,231040,35,卖盘
2220,11:22:19,66.01,85813,13,买盘
2221,11:22:22,66.01,6601,1,卖盘
2222,11:22:25,66.01,79216,12,卖盘
2223,11:22:28,66.01,435609,66,买盘
2224,11:22:31,66.02,171620,26,买盘
2225,11:22:34,66.0,6600,1,中性盘
2226,11:22:37,66.0,72602,11,卖盘
2227,11:22:40,66.0,6600,1,卖盘
2228,11:22:43,66.02,178245,27,买盘
2229,11:22:46,66.02,6602,1,卖盘
2230,11:22:52,66.0,818609,124,卖盘
2231,11:22:56,66.03,224405,34,买盘
2232,11:23:01,66.02,79216,12,买盘
2233,11:23:07,66.03,151863,23,买盘
2234,11:23:10,66.02,59426,9,卖盘
2235,11:23:13,66.01,250875,38,卖盘
2236,11:23:16,66.01,105616,16,买盘
2237,11:23:19,66.0,33003,5,卖盘
2238,11:23:22,66.01,33001,5,买盘
2239,11:23:25,66.01,33005,5,买盘
2240,11:23:28,66.01,6601,1,买盘
2241,11:23:31,66.0,805201,122,卖盘
2242,11:23:34,65.99,395936,60,卖盘
2243,11:23:37,65.99,112184,17,买盘
2244,11:23:40,65.99,19795,3,中性盘
2245,11:23:43,65.98,6598,1,卖盘
2246,11:23:47,65.99,85775,13,买盘
2247,11:23:49,65.99,26396,4,买盘
2248,11:23:55,65.99,112183,17,买盘
2249,11:23:58,65.99,46193,7,卖盘
2250,11:24:01,65.98,1240610,188,卖盘
2251,11:24:05,65.98,237560,36,卖盘
2252,11:24:07,65.99,164959,25,中性盘
2253,11:24:10,65.98,59386,9,卖盘
2254,11:24:13,65.99,112179,17,买盘
2255,11:24:16,65.99,52787,8,买盘
2256,11:24:19,65.98,428870,65,卖盘
2257,11:24:22,65.99,131976,20,买盘
2258,11:24:25,65.99,6599,1,买盘
2259,11:24:28,65.98,39588,6,卖盘
2260,11:24:31,65.99,52786,8,买盘
2261,11:24:34,65.99,178173,27,买盘
2262,11:24:37,65.99,19797,3,卖盘
2263,11:24:40,66.0,6600,1,买盘
2264,11:24:43,65.99,224366,34,卖盘
2265,11:24:46,65.98,184764,28,卖盘
2266,11:24:49,65.99,171552,26,买盘
2267,11:24:52,65.97,59375,9,卖盘
2268,11:24:55,65.97,633366,96,卖盘
2269,11:24:58,65.97,79165,12,卖盘
2270,11:25:01,65.97,191325,29,卖盘
2271,11:25:04,65.97,52783,8,中性盘
2272,11:25:07,65.96,26387,4,卖盘
2273,11:25:10,65.96,46172,7,卖盘
2274,11:25:13,65.96,316608,48,卖盘
2275,11:25:16,65.95,52760,8,卖盘
2276,11:25:19,65.95,79141,12,卖盘
2277,11:25:22,65.96,32976,5,买盘
2278,11:25:25,65.96,79144,12,买盘
2279,11:25:28,65.96,39572,6,买盘
2280,11:25:31,65.96,125324,19,买盘
2281,11:25:34,65.96,310012,47,买盘
2282,11:25:37,65.96,46172,7,卖盘
2283,11:25:40,65.95,1134411,172,卖盘
2284,11:25:43,65.95,85735,13,买盘
2285,11:25:46,65.94,52756,8,卖盘
2286,11:25:49,65.95,151665,23,买盘
2287,11:25:52,65.95,422057,64,买盘
2288,11:25:55,65.95,39570,6,卖盘
2289,11:25:58,65.96,39571,6,买盘
2290,11:26:01,65.96,138511,21,买盘
2291,11:26:04,65.96,534261,81,买盘
2292,11:26:07,65.95,956275,145,卖盘
2293,11:26:10,65.95,13190,2,买盘
2294,11:26:13,65.94,32971,5,卖盘
2295,11:26:16,65.94,382464,58,卖盘
2296,11:26:19,65.94,112103,17,卖盘
2297,11:26:22,65.94,211026,32,卖盘
2298,11:26:25,65.95,455043,69,买盘
2299,11:26:28,65.95,65946,10,中性盘
2300,11:26:31,65.94,52755,8,卖盘
2301,11:26:34,65.95,65950,10,买盘
2302,11:26:37,65.95,408839,62,买盘
2303,11:26:40,65.94,46160,7,卖盘
2304,11:26:44,65.95,6595,1,买盘
2305,11:26:46,65.95,217632,33,买盘
2306,11:26:49,65.95,276962,42,买盘
2307,11:26:52,65.95,13190,2,买盘
2308,11:26:55,65.95,52759,8,买盘
2309,11:26:58,65.94,32970,5,卖盘
2310,11:27:01,65.95,112103,17,买盘
2311,11:27:04,65.95,778170,118,买盘
2312,11:27:07,65.95,85735,13,卖盘
2313,11:27:10,65.95,105516,16,买盘
2314,11:27:13,65.95,19785,3,卖盘
2315,11:27:16,65.95,13190,2,卖盘
2316,11:27:19,65.95,118710,18,卖盘
2317,11:27:22,65.95,72541,11,买盘
2318,11:27:25,65.94,415422,63,卖盘
2319,11:27:28,65.95,138487,21,买盘
2320,11:27:31,65.94,59346,9,卖盘
2321,11:27:34,65.94,32971,5,卖盘
2322,11:27:37,65.94,32970,5,买盘
2323,11:27:40,65.94,131861,20,买盘
2324,11:27:43,65.94,92304,14,买盘
2325,11:27:46,65.94,72527,11,买盘
2326,11:27:49,65.93,13186,2,卖盘
2327,11:27:55,65.94,105500,16,买盘
2328,11:27:58,65.94,52752,8,买盘
2329,11:28:02,65.94,59346,9,买盘
2330,11:28:04,65.93,32968,5,卖盘
2331,11:28:07,65.93,85712,13,卖盘
2332,11:28:10,65.93,191203,29,卖盘
2333,11:28:13,65.93,59337,9,卖盘
2334,11:28:16,65.94,164846,25,买盘
2335,11:28:19,65.94,85713,13,买盘
2336,11:28:22,65.93,369244,56,卖盘
2337,11:28:25,65.93,243944,37,卖盘
2338,11:28:28,65.94,224165,34,买盘
2339,11:28:31,65.92,547215,83,卖盘
2340,11:28:34,65.92,52739,8,卖盘
2341,11:28:37,65.93,72515,11,买盘
2342,11:28:40,65.92,646030,98,卖盘
2343,11:28:43,65.93,388929,59,买盘
2344,11:28:46,65.93,369194,56,买盘
2345,11:28:50,65.93,79114,12,卖盘
2346,11:28:52,65.93,13186,2,买盘
2347,11:28:55,65.93,138433,21,买盘
2348,11:28:59,65.92,59336,9,卖盘
2349,11:29:01,65.92,145024,22,卖盘
2350,11:29:04,65.93,131846,20,买盘
2351,11:29:07,65.92,79108,12,卖盘
2352,11:29:11,65.92,138443,21,卖盘
2353,11:29:13,65.93,32965,5,买盘
2354,11:29:16,65.92,13185,2,卖盘
2355,11:29:19,65.93,52741,8,买盘
2356,11:29:22,65.93,533960,81,买盘
2357,11:29:25,65.93,39559,6,买盘
2358,11:29:28,65.93,46151,7,卖盘
2359,11:29:31,65.94,178033,27,买盘
2360,11:29:34,65.94,32970,5,卖盘
2361,11:29:37,65.94,276931,42,卖盘
2362,11:29:40,65.93,112097,17,卖盘
2363,11:29:43,65.94,32971,5,卖盘
2364,11:29:46,65.95,39568,6,买盘
2365,11:29:49,65.95,428653,65,买盘
2366,11:29:52,65.95,52760,8,卖盘
2367,11:29:56,65.95,98918,15,卖盘
2368,11:29:58,65.96,79142,12,买盘
2369,11:30:01,65.96,13192,2,买盘
2370,13:00:02,65.95,224243,34,卖盘
2371,13:00:04,65.95,2229467,338,买盘
2372,13:00:07,65.97,3196637,485,买盘
2373,13:00:10,65.95,4187598,635,卖盘
2374,13:00:13,65.95,257197,39,买盘
2375,13:00:16,65.95,105525,16,卖盘
2376,13:00:19,65.93,138491,21,卖盘
2377,13:00:22,65.94,178050,27,买盘
2378,13:00:25,65.96,59358,9,买盘
2379,13:00:28,65.96,26384,4,买盘
2380,13:00:32,65.96,13191,2,买盘
2381,13:00:35,65.96,19787,3,买盘
2382,13:00:38,65.96,204504,31,买盘
2383,13:00:41,66.0,600569,91,买盘
2384,13:00:43,65.99,19797,3,中性盘
2385,13:00:46,65.99,46195,7,卖盘
2386,13:00:49,65.98,171552,26,卖盘
2387,13:00:53,65.97,19793,3,卖盘
2388,13:00:55,65.96,164907,25,卖盘
2389,13:01:01,65.96,145112,22,卖盘
2390,13:01:04,65.95,375924,57,卖盘
2391,13:01:07,65.95,46170,7,中性盘
2392,13:01:10,65.96,79151,12,买盘
2393,13:01:13,65.96,112135,17,卖盘
2394,13:01:16,65.96,197892,30,卖盘
2395,13:01:19,65.96,171497,26,卖盘
2396,13:01:22,65.96,32982,5,中性盘
2397,13:01:25,65.95,59360,9,卖盘
2398,13:01:28,65.96,19787,3,买盘
2399,13:01:31,65.97,13194,2,买盘
2400,13:01:34,65.97,263880,40,买盘
2401,13:01:38,65.97,184738,28,卖盘
2402,13:01:40,65.98,32988,5,买盘
2403,13:01:43,65.98,65972,10,买盘
2404,13:01:46,65.98,131960,20,买盘
2405,13:01:49,65.98,6598,1,中性盘
2406,13:01:52,65.98,6598,1,买盘
2407,13:01:55,66.0,151773,23,买盘
2408,13:01:58,65.99,118782,18,卖盘
2409,13:02:01,65.99,145178,22,卖盘
2410,13:02:04,65.99,560852,85,卖盘
2411,13:02:07,65.98,1714953,260,卖盘
2412,13:02:10,66.0,72593,11,买盘
2413,13:02:13,65.98,32991,5,中性盘
2414,13:02:19,65.98,32994,5,卖盘
2415,13:02:22,65.98,32993,5,卖盘
2416,13:02:25,65.97,395834,60,卖盘
2417,13:02:28,65.96,105550,16,卖盘
2418,13:02:32,65.97,92358,14,买盘
2419,13:02:34,65.96,65960,10,卖盘
2420,13:02:37,65.95,184686,28,卖盘
2421,13:02:40,65.95,171470,26,卖盘
2422,13:02:44,65.96,105534,16,买盘
2423,13:02:46,65.96,527642,80,买盘
2424,13:02:50,65.96,32980,5,卖盘
2425,13:02:52,65.96,151706,23,卖盘
2426,13:02:56,65.96,105536,16,卖盘
2427,13:02:58,65.96,778234,118,买盘
2428,13:03:01,65.97,211096,32,买盘
2429,13:03:04,65.96,92356,14,卖盘
2430,13:03:07,65.97,151728,23,买盘
2431,13:03:10,65.96,283688,43,卖盘
2432,13:03:13,65.97,26391,4,中性盘
2433,13:03:16,65.99,171558,26,买盘
2434,13:03:19,65.99,573982,87,买盘
2435,13:03:22,65.99,171559,26,买盘
2436,13:03:25,65.98,13196,2,卖盘
2437,13:03:28,65.99,26393,4,买盘
2438,13:03:32,65.98,178162,27,卖盘
2439,13:03:34,65.99,79186,12,买盘
2440,13:03:37,65.98,6598,1,卖盘
2441,13:03:40,65.98,65987,10,卖盘
2442,13:03:44,65.99,85787,13,买盘
2443,13:03:46,65.99,725885,110,买盘
2444,13:03:49,66.0,587400,89,买盘
2445,13:03:52,66.0,66008,10,卖盘
2446,13:03:55,66.0,165003,25,卖盘
2447,13:03:59,66.01,33008,5,卖盘
2448,13:04:02,66.01,39606,6,卖盘
2449,13:04:04,66.0,92405,14,卖盘
2450,13:04:07,66.01,184803,28,买盘
2451,13:04:10,66.0,165000,25,卖盘
2452,13:04:13,66.0,290397,44,买盘
2453,13:04:16,66.0,85799,13,买盘
2454,13:04:19,66.0,98998,15,买盘
2455,13:04:22,66.0,171580,26,买盘
2456,13:04:25,66.01,118802,18,买盘
2457,13:04:28,66.0,52800,8,卖盘
2458,13:04:31,66.0,79202,12,卖盘
2459,13:04:34,66.0,323398,49,买盘
2460,13:04:37,66.0,32998,5,买盘
2461,13:04:40,66.0,125395,19,买盘
2462,13:04:43,66.0,59398,9,买盘
2463,13:04:46,65.99,39594,6,卖盘
2464,13:04:49,65.99,184772,28,卖盘
2465,13:04:52,65.98,283715,43,卖盘
2466,13:04:55,65.98,52781,8,买盘
2467,13:04:58,65.98,19794,3,买盘
2468,13:05:01,65.97,646540,98,卖盘
2469,13:05:04,65.98,105569,16,买盘
2470,13:05:07,65.99,1036035,157,买盘
2471,13:05:10,65.99,65991,10,卖盘
2472,13:05:13,65.99,19797,3,卖盘
2473,13:05:16,65.99,19797,3,卖盘
2474,13:05:19,66.0,600595,91,买盘
2475,13:05:22,66.01,303639,46,买盘
2476,13:05:25,66.0,99002,15,卖盘
2477,13:05:28,66.0,33000,5,卖盘
2478,13:05:31,66.0,211211,32,卖盘
2479,13:05:35,66.0,99000,15,买盘
2480,13:05:37,66.0,290396,44,买盘
2481,13:05:41,66.0,231000,35,买盘
2482,13:05:43,66.0,158400,24,买盘
2483,13:05:46,65.99,19798,3,卖盘
2484,13:05:49,65.99,382764,58,卖盘
2485,13:05:52,66.0,26398,4,买盘
2486,13:05:55,66.0,65999,10,买盘
2487,13:05:58,66.0,217800,33,买盘
2488,13:06:01,66.0,85799,13,中性盘
2489,13:06:04,65.99,171582,26,卖盘
2490,13:06:07,66.0,46205,7,卖盘
2491,13:06:10,66.0,363001,55,卖盘
2492,13:06:13,66.0,6600,1,买盘
2493,13:06:16,65.98,838014,127,卖盘
2494,13:06:19,65.99,402582,61,中性盘
2495,13:06:22,66.0,72594,11,买盘
2496,13:06:25,65.99,145193,22,卖盘
2497,13:06:28,65.99,105595,16,卖盘
2498,13:06:31,65.99,13199,2,卖盘
2499,13:06:34,65.99,52794,8,卖盘
2500,13:06:37,66.0,772134,117,买盘
2501,13:06:40,65.98,39592,6,卖盘
2502,13:06:43,65.95,1062116,161,卖盘
2503,13:06:46,65.96,178079,27,买盘
2504,13:06:49,65.95,46165,7,卖盘
2505,13:06:53,65.96,316688,48,买盘
2506,13:06:55,65.95,92342,14,卖盘
2507,13:06:59,65.95,422043,64,卖盘
2508,13:07:01,65.96,349534,53,买盘
2509,13:07:04,65.96,6596,1,买盘
2510,13:07:07,65.96,46177,7,卖盘
2511,13:07:10,65.96,39579,6,卖盘
2512,13:07:13,65.96,79156,12,卖盘
2513,13:07:16,65.96,217666,33,买盘
2514,13:07:19,65.96,19787,3,买盘
2515,13:07:22,65.96,501225,76,买盘
2516,13:07:25,65.96,19788,3,买盘
2517,13:07:28,65.95,98931,15,中性盘
2518,13:07:31,65.94,131885,20,卖盘
2519,13:07:34,65.94,903524,137,卖盘
2520,13:07:37,65.94,79129,12,卖盘
2521,13:07:40,65.93,224195,34,卖盘
2522,13:07:43,65.94,46158,7,买盘
2523,13:07:46,65.94,92314,14,买盘
2524,13:07:49,65.93,283534,43,卖盘
2525,13:07:52,65.93,224191,34,卖盘
2526,13:07:55,65.94,46159,7,卖盘
2527,13:07:58,65.93,507686,77,卖盘
2528,13:08:01,65.93,448260,68,买盘
2529,13:08:04,65.93,19779,3,买盘
2530,13:08:07,65.92,365861,56,卖盘
2531,13:08:10,65.92,217515,33,买盘
2532,13:08:13,65.91,39546,6,卖盘
2533,13:08:16,65.91,46139,7,卖盘
2534,13:08:19,65.88,9173394,1392,卖盘
2535,13:08:23,65.88,256934,39,卖盘
2536,13:08:25,65.88,158124,24,卖盘
2537,13:08:28,65.88,85644,13,卖盘
2538,13:08:31,65.88,118584,18,卖盘
2539,13:08:34,65.88,138361,21,卖盘
2540,13:08:37,65.89,359057,55,买盘
2541,13:08:40,65.88,118585,18,卖盘
2542,13:08:43,65.89,368930,56,买盘
2543,13:08:46,65.89,1304427,198,买盘
2544,13:08:49,65.88,329387,50,卖盘
2545,13:08:52,65.88,490741,75,中性盘
2546,13:08:55,65.88,72470,11,卖盘
2547,13:08:59,65.88,223992,34,买盘
2548,13:09:02,65.87,1179073,179,卖盘
2549,13:09:04,65.87,111969,17,中性盘
2550,13:09:08,65.86,415017,63,卖盘
2551,13:09:10,65.87,125153,19,中性盘
2552,13:09:13,65.87,85632,13,卖盘
2553,13:09:16,65.87,39522,6,卖盘
2554,13:09:19,65.87,144914,22,卖盘
2555,13:09:22,65.86,138324,21,卖盘
2556,13:09:26,65.86,296376,45,卖盘
2557,13:09:28,65.86,974739,148,卖盘
2558,13:09:31,65.86,138306,21,卖盘
2559,13:09:34,65.87,138309,21,买盘
2560,13:09:37,65.87,197599,30,买盘
2561,13:09:40,65.86,401759,61,卖盘
2562,13:09:43,65.86,105380,16,卖盘
2563,13:09:46,65.85,539986,82,卖盘
2564,13:09:49,65.85,98779,15,卖盘
2565,13:09:52,65.86,85617,13,买盘
2566,13:09:55,65.85,480708,73,卖盘
2567,13:09:58,65.86,164640,25,买盘
2568,13:10:01,65.86,32930,5,卖盘
2569,13:10:04,65.86,375363,57,买盘
2570,13:10:07,65.86,190984,29,买盘
2571,13:10:10,65.86,757335,115,买盘
2572,13:10:13,65.86,362236,55,买盘
2573,13:10:16,65.85,546580,83,卖盘
2574,13:10:19,65.86,190984,29,买盘
2575,13:10:22,65.86,125130,19,买盘
2576,13:10:25,65.86,197566,30,买盘
2577,13:10:28,65.86,131706,20,买盘
2578,13:10:32,65.86,579508,88,买盘
2579,13:10:34,65.86,59274,9,卖盘
2580,13:10:37,65.87,19759,3,买盘
2581,13:10:40,65.87,13173,2,买盘
2582,13:10:43,65.86,125145,19,卖盘
2583,13:10:46,65.86,13173,2,卖盘
2584,13:10:50,65.86,428102,65,卖盘
2585,13:10:53,65.87,52696,8,买盘
2586,13:10:55,65.87,217354,33,买盘
2587,13:10:58,65.87,2647079,402,卖盘
2588,13:11:01,65.85,79028,12,中性盘
2589,13:11:04,65.85,59273,9,卖盘
2590,13:11:07,65.86,39512,6,买盘
2591,13:11:10,65.85,19755,3,卖盘
2592,13:11:13,65.85,72435,11,卖盘
2593,13:11:16,65.85,118533,18,卖盘
2594,13:11:19,65.85,223890,34,卖盘
2595,13:11:22,65.84,204136,31,卖盘
2596,13:11:25,65.85,381877,58,买盘
2597,13:11:28,65.85,237053,36,买盘
2598,13:11:31,65.85,322644,49,买盘
2599,13:11:34,65.85,79020,12,卖盘
2600,13:11:41,65.86,65860,10,买盘
2601,13:11:44,65.86,79032,12,买盘
2602,13:11:46,65.86,98790,15,买盘
2603,13:11:49,65.86,144892,22,买盘
2604,13:11:52,65.86,309532,47,买盘
2605,13:11:58,65.86,164650,25,卖盘
2606,13:12:01,65.87,428146,65,买盘
2607,13:12:04,65.86,32930,5,卖盘
2608,13:12:07,65.86,171236,26,卖盘
2609,13:12:10,65.86,85618,13,买盘
2610,13:12:13,65.85,65851,10,卖盘
2611,13:12:16,65.85,164643,25,卖盘
2612,13:12:19,65.86,65854,10,买盘
2613,13:12:22,65.85,118544,18,卖盘
2614,13:12:26,65.85,118540,18,卖盘
2615,13:12:28,65.85,39511,6,卖盘
2616,13:12:31,65.85,85608,13,卖盘
2617,13:12:34,65.85,6585,1,卖盘
2618,13:12:38,65.85,171213,26,卖盘
2619,13:12:40,65.85,52682,8,卖盘
2620,13:12:43,65.86,72439,11,买盘
2621,13:12:46,65.85,46098,7,卖盘
2622,13:12:49,65.85,26341,4,卖盘
2623,13:12:53,65.85,981167,149,卖盘
2624,13:12:55,65.85,513600,78,买盘
2625,13:12:58,65.85,59265,9,买盘
2626,13:13:01,65.84,72429,11,卖盘
2627,13:13:05,65.85,13170,2,买盘
2628,13:13:07,65.84,171184,26,卖盘
2629,13:13:11,65.85,204106,31,买盘
2630,13:13:14,65.85,895557,136,买盘
2631,13:13:17,65.86,1343538,204,买盘
2632,13:13:19,65.86,217338,33,买盘
2633,13:13:22,65.87,250269,38,买盘
2634,13:13:25,65.85,79031,12,卖盘
2635,13:13:28,65.87,92208,14,买盘
2636,13:13:31,65.87,98809,15,买盘
2637,13:13:34,65.87,79044,12,卖盘
2638,13:13:38,65.87,250300,38,卖盘
2639,13:13:41,65.86,65866,10,卖盘
2640,13:13:46,65.87,92216,14,买盘
2641,13:13:49,65.87,13174,2,买盘
2642,13:13:52,65.86,98800,15,卖盘
2643,13:13:55,65.87,164658,25,买盘
2644,13:13:58,65.87,32935,5,买盘
2645,13:14:02,65.87,184412,28,买盘
2646,13:14:04,65.87,197595,30,买盘
2647,13:14:07,65.86,65860,10,卖盘
2648,13:14:10,65.86,487326,74,买盘
2649,13:14:13,65.85,289740,44,卖盘
2650,13:14:16,65.85,493885,75,卖盘
2651,13:14:19,65.85,296328,45,卖盘
2652,13:14:22,65.85,1982040,301,买盘
2653,13:14:25,65.85,65837,10,买盘
2654,13:14:28,65.85,177790,27,买盘
2655,13:14:31,65.85,46095,7,卖盘
2656,13:14:34,65.85,111945,17,卖盘
2657,13:14:37,65.85,171210,26,卖盘
2658,13:14:40,65.85,111942,17,买盘
2659,13:14:43,65.85,59265,9,买盘
2660,13:14:46,65.84,210715,32,卖盘
2661,13:14:50,65.84,289736,44,卖盘
2662,13:14:53,65.84,171204,26,卖盘
2663,13:14:55,65.84,243632,37,卖盘
2664,13:14:59,65.84,210689,32,卖盘
2665,13:15:01,65.84,98761,15,卖盘
2666,13:15:04,65.84,276533,42,卖盘
2667,13:15:07,65.85,223865,34,买盘
2668,13:15:10,65.84,125098,19,卖盘
2669,13:15:13,65.83,678120,103,卖盘
2670,13:15:16,65.84,355488,54,买盘
2671,13:15:19,65.85,355528,54,买盘
2672,13:15:23,65.84,46088,7,卖盘
2673,13:15:25,65.85,342414,52,买盘
2674,13:15:28,65.84,177792,27,卖盘
2675,13:15:32,65.84,26339,4,卖盘
2676,13:15:34,65.84,131681,20,卖盘
2677,13:15:37,65.85,98770,15,买盘
2678,13:15:40,65.85,98766,15,买盘
2679,13:15:43,65.84,6584,1,卖盘
2680,13:15:46,65.85,250209,38,买盘
2681,13:15:49,65.84,92176,14,卖盘
2682,13:15:53,65.85,447717,68,买盘
2683,13:15:55,65.84,335784,51,卖盘
2684,13:15:58,65.84,151437,23,卖盘
2685,13:16:01,65.84,500385,76,卖盘
2686,13:16:05,65.84,118512,18,买盘
2687,13:16:08,65.84,171184,26,买盘
2688,13:16:11,65.83,151422,23,卖盘
2689,13:16:13,65.84,276500,42,买盘
2690,13:16:16,65.84,381823,58,买盘
2691,13:16:19,65.84,151430,23,买盘
2692,13:16:23,65.83,65833,10,卖盘
2693,13:16:25,65.84,131666,20,买盘
2694,13:16:28,65.83,78996,12,卖盘
2695,13:16:32,65.83,717538,109,卖盘
2696,13:16:35,65.83,434427,66,买盘
2697,13:16:38,65.82,263280,40,卖盘
2698,13:16:40,65.83,39498,6,买盘
2699,13:16:44,65.82,440995,67,卖盘
2700,13:16:46,65.83,487078,74,买盘
2701,13:16:49,65.82,131643,20,卖盘
2702,13:16:52,65.83,513474,78,买盘
2703,13:16:55,65.84,105330,16,买盘
2704,13:17:01,65.83,164575,25,卖盘
2705,13:17:04,65.82,684528,104,卖盘
2706,13:17:08,65.83,184319,28,买盘
2707,13:17:14,65.82,250119,38,卖盘
2708,13:17:16,65.82,32913,5,卖盘
2709,13:17:19,65.82,6582,1,卖盘
2710,13:17:22,65.82,151389,23,卖盘
2711,13:17:25,65.82,408084,62,卖盘
2712,13:17:28,65.81,260439,40,卖盘
2713,13:17:32,65.82,157955,24,买盘
2714,13:17:34,65.81,92134,14,卖盘
2715,13:17:37,65.81,92140,14,卖盘
2716,13:17:40,65.81,26324,4,卖盘
2717,13:17:43,65.81,447508,68,卖盘
2718,13:17:46,65.82,151368,23,买盘
2719,13:17:49,65.82,52649,8,买盘
2720,13:17:52,65.82,39491,6,买盘
2721,13:17:55,65.82,59238,9,买盘
2722,13:17:58,65.81,434346,66,卖盘
2723,13:18:01,65.81,1586023,241,卖盘
2724,13:18:05,65.81,184268,28,卖盘
2725,13:18:08,65.8,368483,56,卖盘
2726,13:18:10,65.8,190827,29,卖盘
2727,13:18:13,65.8,92123,14,卖盘
2728,13:18:16,65.81,190832,29,买盘
2729,13:18:19,65.8,302691,46,卖盘
2730,13:18:22,65.81,92121,14,买盘
2731,13:18:25,65.81,125027,19,买盘
2732,13:18:28,65.81,473827,72,买盘
2733,13:18:31,65.81,493570,75,买盘
2734,13:18:34,65.81,276396,42,买盘
2735,13:18:38,65.8,1289711,196,卖盘
2736,13:18:41,65.81,1000327,152,买盘
2737,13:18:43,65.81,197448,30,卖盘
2738,13:18:46,65.82,223775,34,买盘
2739,13:18:49,65.82,204040,31,买盘
2740,13:18:52,65.82,223788,34,卖盘
2741,13:18:55,65.82,19746,3,卖盘
2742,13:18:58,65.83,190881,29,买盘
2743,13:19:01,65.83,19747,3,买盘
2744,13:19:04,65.82,111899,17,卖盘
2745,13:19:07,65.82,65823,10,卖盘
2746,13:19:10,65.82,421250,64,卖盘
2747,13:19:13,65.82,210624,32,卖盘
2748,13:19:16,65.82,6582,1,卖盘
2749,13:19:19,65.82,447578,68,卖盘
2750,13:19:22,65.82,52651,8,买盘
2751,13:19:25,65.82,164545,25,买盘
2752,13:19:28,65.82,118463,18,买盘
2753,13:19:32,65.82,184277,28,买盘
2754,13:19:34,65.81,92139,14,卖盘
2755,13:19:37,65.82,1678176,255,买盘
2756,13:19:40,65.81,190853,29,卖盘
2757,13:19:43,65.82,98723,15,买盘
2758,13:19:46,65.82,408059,62,买盘
2759,13:19:49,65.82,329066,50,买盘
2760,13:19:52,65.81,193706,29,卖盘
2761,13:19:55,65.81,59234,9,卖盘
2762,13:19:58,65.81,204028,31,卖盘
2763,13:20:02,65.81,125046,19,卖盘
2764,13:20:05,65.81,138205,21,卖盘
2765,13:20:07,65.82,85557,13,买盘
2766,13:20:10,65.81,434357,66,卖盘
2767,13:20:13,65.81,510491,78,卖盘
2768,13:20:16,65.81,519896,79,买盘
2769,13:20:19,65.8,105290,16,卖盘
2770,13:20:23,65.8,52640,8,卖盘
2771,13:20:25,65.8,85549,13,卖盘
2772,13:20:29,65.81,881833,134,买盘
2773,13:20:31,65.82,651493,99,买盘
2774,13:20:34,65.81,375124,57,卖盘
2775,13:20:37,65.82,125058,19,买盘
2776,13:20:40,65.82,131635,20,买盘
2777,13:20:43,65.82,19746,3,买盘
2778,13:20:46,65.81,72395,11,卖盘
2779,13:20:49,65.81,394860,60,卖盘
2780,13:20:52,65.81,65810,10,卖盘
2781,13:20:55,65.82,98719,15,买盘
2782,13:20:58,65.81,2105931,320,卖盘
2783,13:21:02,65.8,289523,44,卖盘
2784,13:21:04,65.81,52645,8,买盘
2785,13:21:07,65.8,39485,6,卖盘
2786,13:21:10,65.81,6581,1,买盘
2787,13:21:13,65.81,164514,25,买盘
2788,13:21:17,65.81,78961,12,买盘
2789,13:21:20,65.81,315861,48,买盘
2790,13:21:22,65.81,157944,24,买盘
2791,13:21:25,65.81,460670,70,买盘
2792,13:21:28,65.81,157943,24,卖盘
2793,13:21:31,65.82,78974,12,买盘
2794,13:21:35,65.81,85553,13,卖盘
2795,13:21:37,65.81,72391,11,卖盘
2796,13:21:40,65.81,230345,35,卖盘
2797,13:21:43,65.82,289608,44,买盘
2798,13:21:46,65.82,480487,73,买盘
2799,13:21:49,65.82,427882,65,卖盘
2800,13:21:52,65.82,26329,4,买盘
2801,13:21:58,65.83,6583,1,买盘
2802,13:22:02,65.82,19747,3,卖盘
2803,13:22:04,65.82,131640,20,卖盘
2804,13:22:08,65.82,190878,29,卖盘
2805,13:22:10,65.82,177702,27,卖盘
2806,13:22:13,65.83,184314,28,买盘
2807,13:22:17,65.82,39492,6,买盘
2808,13:22:19,65.81,697597,106,卖盘
2809,13:22:22,65.81,486996,74,卖盘
2810,13:22:25,65.81,65809,10,买盘
2811,13:22:28,65.81,19743,3,买盘
2812,13:22:31,65.81,164521,25,买盘
2813,13:22:34,65.81,46073,7,卖盘
2814,13:22:38,65.82,131630,20,买盘
2815,13:22:40,65.83,98731,15,买盘
2816,13:22:43,65.82,6582,1,卖盘
2817,13:22:46,65.82,434406,66,卖盘
2818,13:22:49,65.82,65821,10,买盘
2819,13:22:52,65.82,6582,1,卖盘
2820,13:22:56,65.82,13164,2,卖盘
2821,13:22:58,65.83,6583,1,买盘
2822,13:23:01,65.82,131642,20,卖盘
2823,13:23:04,65.83,138224,21,买盘
2824,13:23:07,65.82,19746,3,卖盘
2825,13:23:10,65.83,6583,1,买盘
2826,13:23:13,65.83,605628,92,买盘
2827,13:23:16,65.84,171169,26,买盘
2828,13:23:19,65.83,105337,16,中性盘
2829,13:23:22,65.85,164605,25,买盘
2830,13:23:25,65.84,32921,5,卖盘
2831,13:23:28,65.85,1316993,200,买盘
2832,13:23:32,65.83,434558,66,卖盘
2833,13:23:34,65.84,184349,28,买盘
2834,13:23:37,65.84,118509,18,买盘
2835,13:23:40,65.83,111912,17,卖盘
2836,13:23:43,65.83,105340,16,卖盘
2837,13:23:46,65.84,52670,8,买盘
2838,13:23:49,65.84,59256,9,买盘
2839,13:23:52,65.83,1224606,186,卖盘
2840,13:23:55,65.83,605631,92,买盘
2841,13:23:59,65.83,302816,46,买盘
2842,13:24:01,65.83,151408,23,买盘
2843,13:24:04,65.83,552967,84,买盘
2844,13:24:07,65.83,98740,15,买盘
2845,13:24:10,65.83,118489,18,买盘
2846,13:24:13,65.83,32915,5,买盘
2847,13:24:16,65.82,92149,14,卖盘
2848,13:24:19,65.83,65822,10,买盘
2849,13:24:23,65.82,11140634,1693,卖盘
2850,13:24:26,65.82,72397,11,买盘
2851,13:24:29,65.81,19743,3,卖盘
2852,13:24:31,65.81,39486,6,买盘
2853,13:24:34,65.8,454020,69,卖盘
2854,13:24:37,65.79,197373,30,卖盘
2855,13:24:40,65.78,243418,37,卖盘
2856,13:24:44,65.78,256544,39,卖盘
2857,13:24:46,65.78,190772,29,卖盘
2858,13:24:49,65.78,888032,135,卖盘
2859,13:24:52,65.78,85509,13,买盘
2860,13:24:55,65.77,190737,29,卖盘
2861,13:24:58,65.78,440665,67,买盘
2862,13:25:01,65.78,164426,25,买盘
2863,13:25:04,65.77,131544,20,卖盘
2864,13:25:07,65.77,164444,25,卖盘
2865,13:25:10,65.78,374909,57,买盘
2866,13:25:13,65.79,26313,4,买盘
2867,13:25:16,65.79,328894,50,买盘
2868,13:25:20,65.78,32890,5,卖盘
2869,13:25:22,65.79,52625,8,买盘
2870,13:25:25,65.79,394727,60,买盘
2871,13:25:28,65.79,236821,36,买盘
2872,13:25:32,65.78,236830,36,卖盘
2873,13:25:34,65.78,335516,51,卖盘
2874,13:25:37,65.79,203945,31,买盘
2875,13:25:40,65.79,19735,3,中性盘
2876,13:25:44,65.79,105262,16,买盘
2877,13:25:47,65.78,98672,15,卖盘
2878,13:25:50,65.78,99985,15,买盘
2879,13:25:52,65.77,111829,17,卖盘
2880,13:25:56,65.78,52622,8,买盘
2881,13:25:59,65.77,124968,19,卖盘
2882,13:26:01,65.78,467029,71,买盘
2883,13:26:04,65.77,328851,50,卖盘
2884,13:26:08,65.77,65778,10,卖盘
2885,13:26:10,65.77,157849,24,卖盘
2886,13:26:13,65.78,544599,83,买盘
2887,13:26:16,65.77,92080,14,卖盘
2888,13:26:19,65.78,52621,8,买盘
2889,13:26:22,65.77,217039,33,卖盘
2890,13:26:25,65.77,138117,21,买盘
2891,13:26:28,65.77,72347,11,卖盘
2892,13:26:31,65.77,684008,104,卖盘
2893,13:26:35,65.77,170987,26,买盘
2894,13:26:37,65.76,105229,16,卖盘
2895,13:26:41,65.77,618192,94,买盘
2896,13:26:43,65.76,440645,67,卖盘
2897,13:26:46,65.77,407717,62,中性盘
2898,13:26:49,65.76,65766,10,卖盘
2899,13:26:52,65.77,19731,3,买盘
2900,13:26:55,65.77,170986,26,买盘
2901,13:26:59,65.76,32884,5,卖盘
2902,13:27:01,65.76,605012,92,卖盘
2903,13:27:05,65.76,72337,11,卖盘
2904,13:27:07,65.76,65760,10,买盘
2905,13:27:11,65.76,374819,57,买盘
2906,13:27:13,65.76,118368,18,买盘
2907,13:27:16,65.77,526033,80,买盘
2908,13:27:19,65.77,506374,77,买盘
2909,13:27:22,65.77,230191,35,卖盘
2910,13:27:25,65.76,164415,25,卖盘
2911,13:27:28,65.77,65766,10,买盘
2912,13:27:32,65.77,486698,74,买盘
2913,13:27:34,65.76,164422,25,卖盘
2914,13:27:38,65.77,637959,97,买盘
2915,13:27:41,65.77,46039,7,卖盘
2916,13:27:43,65.77,26308,4,卖盘
2917,13:27:46,65.77,32885,5,买盘
2918,13:27:50,65.77,559017,85,买盘
2919,13:27:52,65.77,144691,22,买盘
2920,13:27:56,65.77,19731,3,买盘
2921,13:27:58,65.77,170994,26,买盘
2922,13:28:01,65.77,460366,70,卖盘
2923,13:28:05,65.77,46039,7,卖盘
2924,13:28:07,65.77,177570,27,买盘
2925,13:28:11,65.76,65765,10,卖盘
2926,13:28:13,65.77,611661,93,买盘
2927,13:28:16,65.77,92078,14,卖盘
2928,13:28:19,65.77,6577,1,卖盘
2929,13:28:22,65.78,448620,68,买盘
2930,13:28:25,65.78,263128,40,卖盘
2931,13:28:28,65.79,39469,6,买盘
2932,13:28:31,65.78,414407,63,卖盘
2933,13:28:34,65.79,13158,2,买盘
2934,13:28:37,65.78,26314,4,卖盘
2935,13:28:40,65.79,46053,7,买盘
2936,13:28:43,65.79,52630,8,买盘
2937,13:28:46,65.78,124993,19,卖盘
2938,13:28:49,65.79,32895,5,买盘
2939,13:28:52,65.79,78948,12,买盘
2940,13:28:56,65.79,65790,10,卖盘
2941,13:28:58,65.79,32895,5,卖盘
2942,13:29:01,65.79,368429,56,卖盘
2943,13:29:04,65.8,32900,5,买盘
2944,13:29:07,65.8,1197550,182,买盘
2945,13:29:10,65.81,967277,147,买盘
2946,13:29:13,65.82,164522,25,买盘
2947,13:29:16,65.81,92134,14,卖盘
2948,13:29:19,65.82,46072,7,买盘
2949,13:29:25,65.82,32910,5,买盘
2950,13:29:28,65.82,13164,2,买盘
2951,13:29:31,65.82,230370,35,买盘
2952,13:29:34,65.82,204026,31,买盘
2953,13:29:37,65.82,322508,49,买盘
2954,13:29:41,65.82,78983,12,买盘
2955,13:29:43,65.82,32910,5,买盘
2956,13:29:46,65.81,342213,52,卖盘
2957,13:29:50,65.81,1052830,160,买盘
2958,13:29:52,65.8,263227,40,卖盘
2959,13:29:56,65.8,46060,7,买盘
2960,13:29:58,65.81,52647,8,买盘
2961,13:30:01,65.81,32905,5,买盘
2962,13:30:07,65.81,111877,17,买盘
2963,13:30:10,65.81,276402,42,买盘
2964,13:30:16,65.82,111891,17,买盘
2965,13:30:19,65.82,440974,67,买盘
2966,13:30:22,65.84,210662,32,买盘
2967,13:30:26,65.85,770129,117,买盘
2968,13:30:28,65.84,52679,8,卖盘
2969,13:30:31,65.85,118516,18,买盘
2970,13:30:34,65.85,92190,14,买盘
2971,13:30:37,65.85,13170,2,卖盘
2972,13:30:40,65.86,111959,17,买盘
2973,13:30:43,65.86,151477,23,买盘
2974,13:30:46,65.86,217347,33,买盘
2975,13:30:50,65.85,1343324,204,卖盘
2976,13:30:53,65.83,302844,46,卖盘
2977,13:30:56,65.83,164603,25,买盘
2978,13:30:58,65.85,39507,6,买盘
2979,13:31:02,65.84,26336,4,中性盘
2980,13:31:04,65.83,223830,34,卖盘
2981,13:31:07,65.83,19749,3,卖盘
2982,13:31:10,65.83,388414,59,卖盘
2983,13:31:13,65.83,164574,25,买盘
2984,13:31:16,65.83,59247,9,买盘
2985,13:31:19,65.82,92154,14,卖盘
2986,13:31:22,65.83,111909,17,买盘
2987,13:31:25,65.83,125074,19,买盘
2988,13:31:29,65.83,381814,58,买盘
2989,13:31:32,65.83,164575,25,买盘
2990,13:31:34,65.84,125080,19,买盘
2991,13:31:38,65.84,256750,39,买盘
2992,13:31:40,65.85,2765683,420,买盘
2993,13:31:43,65.85,144887,22,买盘
2994,13:31:46,65.85,85617,13,卖盘
2995,13:31:52,65.87,65870,10,买盘
2996,13:31:55,65.87,105387,16,买盘
2997,13:31:58,65.87,98804,15,买盘
2998,13:32:01,65.88,32937,5,买盘
2999,13:32:04,65.88,6588,1,买盘
3000,13:32:08,65.88,1073608,163,买盘
3001,13:32:10,65.91,665521,101,买盘
3002,13:32:13,65.91,112047,17,买盘
3003,13:32:16,65.93,85694,13,买盘
3004,13:32:19,65.9,632698,96,卖盘
3005,13:32:22,65.93,138400,21,买盘
3006,13:32:26,65.93,105488,16,卖盘
3007,13:32:28,65.92,52730,8,中性盘
3008,13:32:31,65.93,177970,27,买盘
3009,13:32:34,65.93,98891,15,买盘
3010,13:32:37,65.93,382393,58,买盘
3011,13:32:40,65.91,415243,63,卖盘
3012,13:32:43,65.91,138411,21,买盘
3013,13:32:47,65.91,26364,4,买盘
3014,13:32:50,65.91,52728,8,买盘
3015,13:32:52,65.91,32954,5,买盘
3016,13:32:55,65.91,32953,5,买盘
3017,13:32:58,65.91,566987,86,买盘
3018,13:33:01,65.91,191127,29,卖盘
3019,13:33:04,65.94,92291,14,买盘
3020,13:33:07,65.91,39554,6,卖盘
3021,13:33:10,65.91,19773,3,卖盘
3022,13:33:13,65.93,164804,25,买盘
3023,13:33:16,65.94,230725,35,买盘
3024,13:33:19,65.93,13186,2,卖盘
3025,13:33:22,65.94,85722,13,买盘
3026,13:33:25,65.95,309968,47,买盘
3027,13:33:28,65.94,39568,6,卖盘
3028,13:33:31,65.94,191232,29,卖盘
3029,13:33:35,65.93,692275,105,卖盘
3030,13:33:37,65.92,230727,35,卖盘
3031,13:33:40,65.92,92289,14,买盘
3032,13:33:43,65.93,26371,4,买盘
3033,13:33:46,65.91,59324,9,卖盘
3034,13:33:49,65.91,303200,46,卖盘
3035,13:33:52,65.93,19779,3,买盘
3036,13:33:55,65.93,26372,4,买盘
3037,13:33:58,65.92,13185,2,中性盘
3038,13:34:01,65.92,39552,6,卖盘
3039,13:34:04,65.93,191175,29,买盘
3040,13:34:07,65.93,39558,6,卖盘
3041,13:34:10,65.93,59337,9,卖盘
3042,13:34:13,65.93,59337,9,卖盘
3043,13:34:17,65.92,375727,57,卖盘
3044,13:34:20,65.9,296558,45,卖盘
3045,13:34:22,65.9,112048,17,卖盘
3046,13:34:26,65.91,32956,5,中性盘
3047,13:34:28,65.92,59327,9,买盘
3048,13:34:31,65.91,138429,21,卖盘
3049,13:34:35,65.91,224127,34,卖盘
3050,13:34:37,65.92,65918,10,买盘
3051,13:34:43,65.92,92288,14,买盘
3052,13:34:46,65.91,13182,2,卖盘
3053,13:34:50,65.92,158223,24,买盘
3054,13:34:53,65.92,65920,10,买盘
3055,13:34:55,65.91,171375,26,卖盘
3056,13:34:58,65.91,79101,12,卖盘
3057,13:35:01,65.93,151618,23,买盘
3058,13:35:04,65.93,52744,8,买盘
3059,13:35:08,65.93,105489,16,卖盘
3060,13:35:10,65.93,98904,15,买盘
3061,13:35:13,65.92,59335,9,卖盘
3062,13:35:17,65.92,52732,8,买盘
3063,13:35:19,65.92,85686,13,买盘
3064,13:35:22,65.92,131840,20,买盘
3065,13:35:26,65.92,46144,7,买盘
3066,13:35:29,65.91,487769,74,卖盘
3067,13:35:31,65.94,356050,54,买盘
3068,13:35:34,65.92,65930,10,卖盘
3069,13:35:37,65.94,13186,2,买盘
3070,13:35:40,65.92,98890,15,卖盘
3071,13:35:43,65.93,32966,5,中性盘
3072,13:35:46,65.93,65931,10,买盘
3073,13:35:49,65.94,178038,27,买盘
3074,13:35:52,65.94,112098,17,卖盘
3075,13:35:56,65.95,26377,4,买盘
3076,13:35:58,65.93,59341,9,卖盘
3077,13:36:01,65.93,32965,5,卖盘
3078,13:36:04,65.93,85711,13,卖盘
3079,13:36:07,65.94,19781,3,买盘
3080,13:36:10,65.93,230787,35,中性盘
3081,13:36:13,65.94,85713,13,买盘
3082,13:36:16,65.94,32972,5,卖盘
3083,13:36:20,65.94,32972,5,卖盘
3084,13:36:22,65.94,19782,3,卖盘
3085,13:36:25,65.94,112109,17,卖盘
3086,13:36:28,65.94,39564,6,卖盘
3087,13:36:31,65.95,613305,93,买盘
3088,13:36:34,65.95,92330,14,卖盘
3089,13:36:37,65.96,277026,42,买盘
3090,13:36:40,65.94,138481,21,卖盘
3091,13:36:43,65.95,46164,7,买盘
3092,13:36:46,65.95,112113,17,买盘
3093,13:36:50,65.95,72545,11,买盘
3094,13:36:52,65.96,316538,48,买盘
3095,13:36:56,65.95,72552,11,卖盘
3096,13:36:58,65.95,79150,12,卖盘
3097,13:37:01,65.95,19785,3,买盘
3098,13:37:04,65.94,39566,6,卖盘
3099,13:37:07,65.95,204439,31,买盘
3100,13:37:10,65.96,6596,1,买盘
3101,13:37:13,65.95,230825,35,卖盘
3102,13:37:16,65.96,118722,18,买盘
3103,13:37:19,65.95,217666,33,中性盘
3104,13:37:22,65.95,85739,13,卖盘
