,成交时间,成交价格,成交金额,成交量,性质
0,09:25:01,19.6,14625520,7462,卖盘
1,09:30:01,19.56,4568294,2334,卖盘
2,09:30:04,19.58,1859210,950,买盘
3,09:30:07,19.59,7112344,3633,买盘
4,09:30:10,19.6,10492248,5355,买盘
5,09:30:13,19.6,5842831,2981,买盘
6,09:30:16,19.61,5602601,2856,中性盘
7,09:30:19,19.6,6052174,3084,卖盘
8,09:30:22,19.6,3580817,1826,卖盘
9,09:30:25,19.59,6786647,3464,卖盘
10,09:30:28,19.58,3429673,1752,卖盘
11,09:30:31,19.59,4417554,2257,买盘
12,09:30:34,19.59,3713709,1897,买盘
13,09:30:37,19.58,4621828,2360,卖盘
14,09:30:40,19.6,2994784,1529,买盘
15,09:30:43,19.6,2831833,1445,买盘
16,09:30:46,19.59,1220882,623,卖盘
17,09:30:49,19.58,3083055,1574,卖盘
18,09:30:52,19.58,1519300,776,买盘
19,09:30:55,19.58,953485,487,买盘
20,09:30:58,19.58,530723,271,卖盘
21,09:31:01,19.59,1840378,940,买盘
22,09:31:04,19.58,1878630,959,卖盘
23,09:31:07,19.59,331027,169,买盘
24,09:31:10,19.59,1327740,678,买盘
25,09:31:13,19.59,4005838,2046,买盘
26,09:31:16,19.59,899236,459,买盘
27,09:31:19,19.58,3994578,2040,卖盘
28,09:31:22,19.59,1890431,965,买盘
29,09:31:25,19.6,1822329,930,买盘
30,09:31:28,19.61,693947,354,买盘
31,09:31:31,19.61,770351,393,买盘
32,09:31:34,19.6,750945,383,卖盘
33,09:31:37,19.62,839620,428,买盘
34,09:31:40,19.61,882416,450,卖盘
35,09:31:43,19.62,1562665,797,买盘
36,09:31:46,19.62,1235654,630,买盘
37,09:31:49,19.61,778654,397,卖盘
38,09:31:52,19.61,678550,346,买盘
39,09:31:55,19.61,121628,62,卖盘
40,09:31:58,19.61,215773,110,卖盘
41,09:32:01,19.62,433455,221,买盘
42,09:32:04,19.62,874778,446,买盘
43,09:32:07,19.62,1496820,763,买盘
44,09:32:10,19.62,1195006,609,买盘
45,09:32:13,19.62,831979,424,卖盘
46,09:32:16,19.63,665328,339,买盘
47,09:32:19,19.62,730081,372,卖盘
48,09:32:22,19.63,1642595,837,买盘
49,09:32:25,19.64,706888,360,买盘
50,09:32:28,19.65,1119904,570,买盘
51,09:32:31,19.66,222099,113,买盘
52,09:32:34,19.64,4769520,2428,卖盘
53,09:32:37,19.66,1754775,893,买盘
54,09:32:40,19.64,750775,382,卖盘
55,09:32:43,19.66,817616,416,买盘
56,09:32:46,19.65,1835611,934,卖盘
57,09:32:49,19.65,1291054,657,买盘
58,09:32:52,19.65,595358,303,买盘
59,09:32:55,19.65,567848,289,买盘
60,09:32:58,19.65,927280,472,买盘
61,09:33:01,19.65,673883,343,买盘
62,09:33:04,19.65,760326,387,买盘
63,09:33:07,19.66,2307771,1174,买盘
64,09:33:10,19.66,4030572,2051,买盘
65,09:33:13,19.66,745215,379,卖盘
66,09:33:16,19.66,432539,220,买盘
67,09:33:19,19.66,371512,189,卖盘
68,09:33:22,19.66,261429,133,买盘
69,09:33:25,19.66,1395440,710,买盘
70,09:33:28,19.66,625035,318,买盘
71,09:33:31,19.65,943654,480,卖盘
72,09:33:34,19.66,835298,425,卖盘
73,09:33:37,19.66,3108935,1582,卖盘
74,09:33:40,19.66,1199147,610,买盘
75,09:33:43,19.68,5966505,3033,买盘
76,09:33:46,19.68,1231640,626,卖盘
77,09:33:49,19.68,495840,252,买盘
78,09:33:52,19.69,151555,77,买盘
79,09:33:55,19.69,809033,411,买盘
80,09:33:58,19.68,940812,478,卖盘
81,09:34:01,19.68,720242,366,买盘
82,09:34:04,19.68,1101645,560,买盘
83,09:34:07,19.68,1139226,579,买盘
84,09:34:10,19.66,1091518,555,卖盘
85,09:34:13,19.67,491629,250,买盘
86,09:34:16,19.66,385424,196,卖盘
87,09:34:19,19.66,1928467,981,卖盘
88,09:34:22,19.64,536545,273,卖盘
89,09:34:25,19.65,1008187,513,卖盘
90,09:34:28,19.64,764197,389,卖盘
91,09:34:31,19.64,282866,144,卖盘
92,09:34:34,19.64,437998,223,卖盘
93,09:34:37,19.66,1143264,582,买盘
94,09:34:40,19.67,6901638,3510,买盘
95,09:34:43,19.68,484047,246,买盘
96,09:34:46,19.69,1243125,632,买盘
97,09:34:49,19.69,505830,257,买盘
98,09:34:52,19.67,468322,238,卖盘
99,09:34:55,19.68,428864,218,买盘
100,09:34:58,19.68,572359,291,买盘
101,09:35:01,19.68,698360,355,买盘
102,09:35:04,19.68,625646,318,买盘
103,09:35:07,19.67,2551211,1297,卖盘
104,09:35:10,19.67,667022,339,卖盘
105,09:35:13,19.68,539091,274,买盘
106,09:35:16,19.7,7858295,3990,买盘
107,09:35:19,19.68,2999135,1523,卖盘
108,09:35:22,19.68,346368,176,卖盘
109,09:35:25,19.69,297291,151,买盘
110,09:35:28,19.69,1466555,745,买盘
111,09:35:31,19.68,289443,147,卖盘
112,09:35:34,19.69,1013826,515,买盘
113,09:35:37,19.69,1236457,628,买盘
114,09:35:40,19.69,1018013,517,买盘
115,09:35:43,19.7,397736,202,买盘
116,09:35:46,19.7,921927,468,买盘
117,09:35:49,19.71,780249,396,买盘
118,09:35:52,19.7,733054,372,卖盘
119,09:35:55,19.71,238379,121,买盘
120,09:35:58,19.7,1122858,570,卖盘
121,09:36:01,19.7,405717,206,买盘
122,09:36:04,19.7,545543,277,买盘
123,09:36:07,19.7,2285010,1160,买盘
124,09:36:10,19.7,1284153,652,买盘
125,09:36:13,19.7,695284,353,卖盘
126,09:36:16,19.7,458898,233,买盘
127,09:36:19,19.69,1346605,684,卖盘
128,09:36:22,19.66,3579948,1820,卖盘
129,09:36:25,19.68,3165808,1610,买盘
130,09:36:28,19.68,1567066,797,买盘
131,09:36:31,19.67,849183,432,卖盘
132,09:36:34,19.67,1617263,822,买盘
133,09:36:37,19.67,2197798,1117,卖盘
134,09:36:40,19.67,920923,468,卖盘
135,09:36:43,19.67,1625571,826,卖盘
136,09:36:46,19.69,2783990,1414,买盘
137,09:36:49,19.69,309091,157,卖盘
138,09:36:52,19.69,468565,238,卖盘
139,09:36:55,19.69,368117,187,买盘
140,09:36:58,19.69,1326623,674,买盘
141,09:37:01,19.7,537402,273,买盘
142,09:37:04,19.7,679253,345,买盘
143,09:37:07,19.7,1491192,757,买盘
144,09:37:10,19.7,456289,232,买盘
145,09:37:13,19.71,650109,330,买盘
146,09:37:16,19.69,904189,459,卖盘
147,09:37:19,19.69,543568,276,卖盘
148,09:37:22,19.69,3041723,1545,卖盘
149,09:37:25,19.69,582499,296,买盘
150,09:37:28,19.69,1596409,811,买盘
151,09:37:31,19.69,527583,268,买盘
152,09:37:34,19.68,1602477,814,卖盘
153,09:37:37,19.68,860159,437,卖盘
154,09:37:40,19.68,371982,189,卖盘
155,09:37:43,19.7,3011760,1529,买盘
156,09:37:46,19.71,1715062,870,买盘
157,09:37:49,19.71,1070202,543,卖盘
158,09:37:52,19.72,859658,436,卖盘
159,09:37:55,19.71,404134,205,卖盘
160,09:37:58,19.72,899236,456,买盘
161,09:38:01,19.72,240561,122,卖盘
162,09:38:04,19.68,5481321,2783,卖盘
163,09:38:07,19.69,519972,264,卖盘
164,09:38:10,19.7,1151445,585,买盘
165,09:38:13,19.7,417380,212,买盘
166,09:38:16,19.7,842929,428,买盘
167,09:38:19,19.7,124084,63,买盘
168,09:38:22,19.7,720689,366,买盘
169,09:38:25,19.7,962921,489,买盘
170,09:38:28,19.69,354397,180,卖盘
171,09:38:31,19.7,580943,295,买盘
172,09:38:34,19.69,1008160,512,中性盘
173,09:38:37,19.7,2190178,1112,买盘
174,09:38:40,19.69,1220634,620,中性盘
175,09:38:43,19.68,106288,54,卖盘
176,09:38:46,19.68,277529,141,卖盘
177,09:38:49,19.69,1114063,566,买盘
178,09:38:52,19.68,257780,131,卖盘
179,09:38:55,19.67,3097988,1575,卖盘
180,09:38:58,19.66,259573,132,卖盘
181,09:39:01,19.66,3861270,1964,卖盘
182,09:39:04,19.68,1520428,773,买盘
183,09:39:07,19.67,428167,218,卖盘
184,09:39:10,19.68,314717,160,买盘
185,09:39:13,19.68,157361,80,买盘
186,09:39:16,19.67,369811,188,卖盘
187,09:39:19,19.68,1119248,569,买盘
188,09:39:22,19.69,2836354,1441,买盘
189,09:39:25,19.69,450875,229,卖盘
190,09:39:28,19.69,110266,56,卖盘
191,09:39:31,19.7,366360,186,买盘
192,09:39:34,19.7,1727687,877,买盘
193,09:39:37,19.7,98509,50,卖盘
194,09:39:40,19.7,244335,124,卖盘
195,09:39:43,19.71,165531,84,买盘
196,09:39:46,19.71,179337,91,买盘
197,09:39:49,19.7,581333,295,卖盘
198,09:39:52,19.7,1148844,583,卖盘
199,09:39:55,19.7,106346,54,买盘
200,09:39:58,19.7,1292521,656,买盘
201,09:40:01,19.7,687570,349,买盘
202,09:40:04,19.69,612388,311,卖盘
203,09:40:07,19.68,391725,199,卖盘
204,09:40:10,19.68,946627,481,卖盘
205,09:40:13,19.68,51168,26,买盘
206,09:40:16,19.68,362073,184,买盘
207,09:40:19,19.67,1052445,535,卖盘
208,09:40:22,19.67,281163,143,买盘
209,09:40:25,19.67,125858,64,买盘
210,09:40:28,19.68,965780,491,买盘
211,09:40:31,19.67,369796,188,卖盘
212,09:40:34,19.67,646999,329,卖盘
213,09:40:37,19.67,958055,487,卖盘
214,09:40:40,19.67,1193578,607,卖盘
215,09:40:43,19.68,173156,88,买盘
216,09:40:46,19.67,230206,117,卖盘
217,09:40:49,19.67,285239,145,卖盘
218,09:40:52,19.68,3651002,1855,买盘
219,09:40:55,19.68,515533,262,卖盘
220,09:40:58,19.67,204574,104,卖盘
221,09:41:01,19.67,678615,345,卖盘
222,09:41:04,19.67,426839,217,买盘
223,09:41:07,19.68,2046334,1040,买盘
224,09:41:10,19.69,283500,144,买盘
225,09:41:13,19.69,222443,113,买盘
226,09:41:16,19.68,155479,79,卖盘
227,09:41:19,19.68,173188,88,卖盘
228,09:41:22,19.68,289410,147,卖盘
229,09:41:25,19.7,1045787,531,买盘
230,09:41:28,19.69,449114,228,卖盘
231,09:41:31,19.69,252138,128,卖盘
232,09:41:34,19.69,492264,250,卖盘
233,09:41:37,19.68,484302,246,卖盘
234,09:41:40,19.68,299163,152,卖盘
235,09:41:43,19.68,1375760,699,卖盘
236,09:41:46,19.69,1342872,682,买盘
237,09:41:49,19.69,480436,244,卖盘
238,09:41:52,19.69,764033,388,卖盘
239,09:41:55,19.71,2177050,1105,买盘
240,09:41:58,19.7,841305,427,卖盘
241,09:42:01,19.7,799902,406,卖盘
242,09:42:04,19.7,435508,221,卖盘
243,09:42:07,19.7,250267,127,卖盘
244,09:42:10,19.71,559552,284,买盘
245,09:42:13,19.69,717036,364,卖盘
246,09:42:16,19.69,1431736,727,卖盘
247,09:42:19,19.7,425302,216,买盘
248,09:42:22,19.69,358394,182,卖盘
249,09:42:25,19.69,149712,76,卖盘
250,09:42:28,19.7,746127,379,买盘
251,09:42:31,19.69,456904,232,卖盘
252,09:42:34,19.69,610394,310,卖盘
253,09:42:37,19.68,2139355,1087,卖盘
254,09:42:40,19.68,1572613,799,买盘
255,09:42:43,19.68,1271060,646,买盘
256,09:42:46,19.68,564736,287,卖盘
257,09:42:49,19.67,1011113,514,卖盘
258,09:42:52,19.67,1376616,700,卖盘
259,09:42:55,19.66,336237,171,卖盘
260,09:42:58,19.66,658641,335,卖盘
261,09:43:01,19.66,259525,132,卖盘
262,09:43:04,19.67,515145,262,买盘
263,09:43:07,19.67,859466,437,买盘
264,09:43:10,19.68,550790,280,买盘
265,09:43:13,19.67,533171,271,卖盘
266,09:43:16,19.67,304898,155,卖盘
267,09:43:19,19.68,285350,145,买盘
268,09:43:22,19.68,299004,152,买盘
269,09:43:25,19.68,605977,308,买盘
270,09:43:28,19.68,1653019,840,买盘
271,09:43:31,19.68,590199,300,买盘
272,09:43:34,19.66,1923780,978,卖盘
273,09:43:37,19.67,3713851,1889,买盘
274,09:43:40,19.66,2122744,1080,卖盘
275,09:43:43,19.66,135666,69,卖盘
276,09:43:46,19.66,522786,266,卖盘
277,09:43:49,19.67,338144,172,买盘
278,09:43:52,19.66,743123,378,卖盘
279,09:43:55,19.66,923847,470,买盘
280,09:43:58,19.66,279151,142,卖盘
281,09:44:01,19.66,894496,455,卖盘
282,09:44:04,19.67,377529,192,买盘
283,09:44:07,19.66,454167,231,卖盘
284,09:44:10,19.67,536722,273,买盘
285,09:44:13,19.66,210378,107,卖盘
286,09:44:16,19.66,603557,307,卖盘
287,09:44:19,19.65,452116,230,卖盘
288,09:44:22,19.66,6597240,3357,买盘
289,09:44:25,19.65,1501376,764,卖盘
290,09:44:28,19.65,1416836,721,买盘
291,09:44:31,19.66,1075207,547,买盘
292,09:44:34,19.66,1805027,918,买盘
293,09:44:37,19.66,1250403,636,卖盘
294,09:44:40,19.66,576077,293,卖盘
295,09:44:43,19.66,1106870,563,卖盘
296,09:44:46,19.66,281212,143,卖盘
297,09:44:49,19.66,564423,287,卖盘
298,09:44:52,19.67,340159,173,买盘
299,09:44:55,19.67,253635,129,买盘
300,09:44:58,19.66,945835,481,卖盘
301,09:45:01,19.66,631087,321,卖盘
302,09:45:04,19.65,2071717,1054,卖盘
303,09:45:07,19.65,2132558,1085,卖盘
304,09:45:10,19.66,82570,42,中性盘
305,09:45:13,19.66,104222,53,卖盘
306,09:45:16,19.67,121919,62,买盘
307,09:45:19,19.67,178988,91,买盘
308,09:45:22,19.67,2695046,1370,买盘
309,09:45:25,19.67,76738,39,卖盘
310,09:45:28,19.7,5658115,2877,买盘
311,09:45:31,19.7,447158,227,买盘
312,09:45:34,19.69,334784,170,卖盘
313,09:45:37,19.69,244137,124,买盘
314,09:45:40,19.68,295246,150,卖盘
315,09:45:43,19.66,2343291,1191,卖盘
316,09:45:46,19.69,70862,36,买盘
317,09:45:49,19.69,813165,413,买盘
318,09:45:52,19.69,5907,3,卖盘
319,09:45:55,19.7,1930571,980,买盘
320,09:45:58,19.71,147747,75,买盘
321,09:46:01,19.7,1233696,626,卖盘
322,09:46:04,19.7,161560,82,卖盘
323,09:46:07,19.7,778319,395,卖盘
324,09:46:10,19.7,453111,230,卖盘
325,09:46:13,19.71,177333,90,买盘
326,09:46:16,19.7,275800,140,卖盘
327,09:46:19,19.7,297528,151,买盘
328,09:46:22,19.7,210802,107,卖盘
329,09:46:25,19.71,260140,132,买盘
330,09:46:28,19.71,664259,337,买盘
331,09:46:31,19.72,1549694,786,买盘
332,09:46:34,19.72,1969873,999,买盘
333,09:46:37,19.72,546300,277,买盘
334,09:46:40,19.72,343124,174,买盘
335,09:46:43,19.72,465443,236,买盘
336,09:46:46,19.72,74955,38,卖盘
337,09:46:49,19.72,447617,227,卖盘
338,09:46:52,19.72,195175,99,买盘
339,09:46:55,19.71,244429,124,卖盘
340,09:46:58,19.71,161649,82,卖盘
341,09:47:01,19.72,1115701,566,买盘
342,09:47:04,19.72,473157,240,买盘
343,09:47:07,19.71,415953,211,卖盘
344,09:47:10,19.72,179421,91,买盘
345,09:47:13,19.72,654661,332,买盘
346,09:47:16,19.72,648748,329,买盘
347,09:47:19,19.72,155791,79,买盘
348,09:47:22,19.72,487169,247,卖盘
349,09:47:25,19.73,516679,262,买盘
350,09:47:28,19.72,240588,122,卖盘
351,09:47:31,19.72,181376,92,买盘
352,09:47:34,19.71,329252,167,卖盘
353,09:47:37,19.72,1685211,855,买盘
354,09:47:40,19.72,201112,102,买盘
355,09:47:43,19.72,82820,42,买盘
356,09:47:46,19.71,274051,139,卖盘
357,09:47:49,19.72,51258,26,买盘
358,09:47:52,19.71,429749,218,卖盘
359,09:47:55,19.72,1899011,963,买盘
360,09:47:58,19.72,2111027,1070,卖盘
361,09:48:01,19.72,1003640,509,卖盘
362,09:48:04,19.72,185367,94,买盘
363,09:48:07,19.71,699780,355,卖盘
364,09:48:10,19.71,244391,124,买盘
365,09:48:13,19.72,220762,112,买盘
366,09:48:16,19.72,149818,76,买盘
367,09:48:19,19.71,130121,66,卖盘
368,09:48:22,19.71,739204,375,卖盘
369,09:48:25,19.72,889281,451,买盘
370,09:48:28,19.72,323330,164,买盘
371,09:48:31,19.71,427750,217,卖盘
372,09:48:34,19.71,218723,111,卖盘
373,09:48:37,19.71,90666,46,买盘
374,09:48:40,19.7,262042,133,卖盘
375,09:48:43,19.7,524040,266,卖盘
376,09:48:46,19.71,254235,129,买盘
377,09:48:49,19.71,293567,149,买盘
378,09:48:52,19.7,510465,259,卖盘
379,09:48:55,19.71,467105,237,买盘
380,09:48:58,19.71,214821,109,买盘
381,09:49:01,19.71,362657,184,卖盘
382,09:49:04,19.72,104475,53,买盘
383,09:49:07,19.71,307476,156,卖盘
384,09:49:10,19.72,478950,243,买盘
385,09:49:13,19.7,358555,182,卖盘
386,09:49:16,19.7,1252823,636,卖盘
387,09:49:19,19.69,1426277,724,卖盘
388,09:49:22,19.69,324896,165,卖盘
389,09:49:25,19.69,141790,72,卖盘
390,09:49:28,19.69,468823,238,卖盘
391,09:49:31,19.69,309220,157,卖盘
392,09:49:34,19.69,102401,52,卖盘
393,09:49:37,19.68,464682,236,卖盘
394,09:49:40,19.69,88583,45,买盘
395,09:49:43,19.68,167293,85,卖盘
396,09:49:46,19.69,120068,61,买盘
397,09:49:49,19.68,684849,348,卖盘
398,09:49:52,19.68,108240,55,买盘
399,09:49:55,19.67,647230,329,卖盘
400,09:49:58,19.67,576467,293,卖盘
401,09:50:01,19.68,501696,255,买盘
402,09:50:04,19.67,1445764,735,卖盘
403,09:50:07,19.68,448506,228,买盘
404,09:50:10,19.67,338374,172,卖盘
405,09:50:13,19.68,90513,46,买盘
406,09:50:16,19.67,224256,114,卖盘
407,09:50:19,19.67,153482,78,卖盘
408,09:50:22,19.67,552738,281,卖盘
409,09:50:25,19.68,708152,360,买盘
410,09:50:28,19.67,597970,304,卖盘
411,09:50:31,19.68,568576,289,买盘
412,09:50:34,19.68,363941,185,买盘
413,09:50:37,19.67,424898,216,卖盘
414,09:50:40,19.67,163283,83,卖盘
415,09:50:43,19.67,293140,149,卖盘
416,09:50:46,19.67,182932,93,卖盘
417,09:50:49,19.67,232031,118,买盘
418,09:50:52,19.67,45232,23,买盘
419,09:50:55,19.67,660866,336,买盘
420,09:50:58,19.66,615554,313,卖盘
421,09:51:01,19.67,554692,282,买盘
422,09:51:04,19.67,133693,68,买盘
423,09:51:07,19.67,365711,186,买盘
424,09:51:10,19.66,353935,180,卖盘
425,09:51:13,19.67,102239,52,买盘
426,09:51:16,19.66,522961,266,卖盘
427,09:51:19,19.66,1102966,561,卖盘
428,09:51:22,19.67,2084016,1060,买盘
429,09:51:25,19.65,8040133,4092,卖盘
430,09:51:28,19.65,573532,292,买盘
431,09:51:31,19.65,536445,273,买盘
432,09:51:34,19.65,986309,502,买盘
433,09:51:37,19.65,2227972,1134,买盘
434,09:51:40,19.66,920070,468,买盘
435,09:51:43,19.66,80606,41,卖盘
436,09:51:46,19.66,98312,50,卖盘
437,09:51:49,19.67,186856,95,买盘
438,09:51:52,19.67,218241,111,买盘
439,09:51:55,19.67,133733,68,买盘
440,09:51:58,19.66,222243,113,卖盘
441,09:52:01,19.67,261553,133,买盘
442,09:52:04,19.67,19664,10,买盘
443,09:52:07,19.67,259536,132,买盘
444,09:52:10,19.67,1119132,569,买盘
445,09:52:13,19.68,682786,347,买盘
446,09:52:16,19.67,283198,144,买盘
447,09:52:19,19.67,147538,75,卖盘
448,09:52:22,19.67,460340,234,卖盘
449,09:52:25,19.66,961456,489,卖盘
450,09:52:28,19.66,115994,59,卖盘
451,09:52:31,19.66,507069,258,买盘
452,09:52:34,19.65,634759,323,卖盘
453,09:52:37,19.65,345853,176,卖盘
454,09:52:40,19.65,247691,126,卖盘
455,09:52:43,19.65,265350,135,卖盘
456,09:52:46,19.65,127745,65,卖盘
457,09:52:49,19.65,198476,101,卖盘
458,09:52:52,19.65,188641,96,卖盘
459,09:52:55,19.65,186655,95,买盘
460,09:52:58,19.65,328155,167,买盘
461,09:53:01,19.65,21615,11,卖盘
462,09:53:04,19.65,43231,22,卖盘
463,09:53:07,19.65,444176,226,卖盘
464,09:53:10,19.67,1978181,1006,买盘
465,09:53:13,19.68,871730,443,买盘
466,09:53:16,19.67,661252,336,卖盘
467,09:53:19,19.67,161322,82,卖盘
468,09:53:22,19.67,143594,73,卖盘
469,09:53:25,19.67,383563,195,卖盘
470,09:53:28,19.67,564529,287,买盘
471,09:53:31,19.67,647076,329,买盘
472,09:53:34,19.67,446560,227,卖盘
473,09:53:37,19.67,426795,217,中性盘
474,09:53:40,19.66,454171,231,卖盘
475,09:53:43,19.67,692368,352,买盘
476,09:53:46,19.67,273349,139,卖盘
477,09:53:49,19.67,273424,139,卖盘
478,09:53:52,19.68,1204416,612,买盘
479,09:53:55,19.68,399502,203,卖盘
480,09:53:58,19.68,377788,192,买盘
481,09:54:01,19.68,503776,256,卖盘
482,09:54:04,19.67,1196045,608,卖盘
483,09:54:07,19.67,314733,160,买盘
484,09:54:10,19.68,336398,171,买盘
485,09:54:13,19.68,39363,20,卖盘
486,09:54:16,19.69,129900,66,买盘
487,09:54:19,19.68,74787,38,卖盘
488,09:54:22,19.68,582590,296,卖盘
489,09:54:25,19.67,336444,171,卖盘
490,09:54:28,19.68,131829,67,买盘
491,09:54:31,19.68,399323,203,买盘
492,09:54:34,19.67,416998,212,卖盘
493,09:54:37,19.66,302798,154,卖盘
494,09:54:40,19.66,501336,255,卖盘
495,09:54:43,19.66,320480,163,卖盘
496,09:54:46,19.66,196600,100,卖盘
497,09:54:49,19.66,58976,30,买盘
498,09:54:52,19.66,174910,89,买盘
499,09:54:55,19.66,568033,289,买盘
500,09:54:58,19.65,19653,10,卖盘
501,09:55:01,19.65,249606,127,卖盘
502,09:55:04,19.65,288873,147,卖盘
503,09:55:07,19.65,1676204,853,卖盘
504,09:55:10,19.66,768318,391,买盘
505,09:55:13,19.65,915770,466,卖盘
506,09:55:16,19.66,259451,132,买盘
507,09:55:19,19.65,119878,61,卖盘
508,09:55:22,19.66,361711,184,买盘
509,09:55:25,19.65,318385,162,卖盘
510,09:55:28,19.65,375391,191,卖盘
511,09:55:31,19.65,1340165,682,卖盘
512,09:55:34,19.65,1174940,598,买盘
513,09:55:37,19.65,939141,478,买盘
514,09:55:40,19.64,168933,86,卖盘
515,09:55:43,19.64,377115,192,卖盘
516,09:55:46,19.64,840729,428,卖盘
517,09:55:49,19.64,500952,255,卖盘
518,09:55:52,19.65,434119,221,买盘
519,09:55:55,19.65,371226,189,买盘
520,09:55:58,19.64,526373,268,卖盘
521,09:56:01,19.64,310312,158,卖盘
522,09:56:04,19.64,522473,266,卖盘
523,09:56:07,19.64,608873,310,卖盘
524,09:56:10,19.64,335859,171,卖盘
525,09:56:13,19.64,439936,224,卖盘
526,09:56:16,19.63,545729,278,卖盘
527,09:56:19,19.63,223808,114,卖盘
528,09:56:22,19.63,541964,276,卖盘
529,09:56:25,19.63,508474,259,卖盘
530,09:56:28,19.63,744084,379,卖盘
531,09:56:31,19.63,435786,222,卖盘
532,09:56:34,19.64,341627,174,买盘
533,09:56:37,19.63,359232,183,卖盘
534,09:56:40,19.64,614577,313,买盘
535,09:56:43,19.63,785335,400,卖盘
536,09:56:46,19.63,425956,217,买盘
537,09:56:49,19.63,2246780,1145,卖盘
538,09:56:52,19.63,578803,295,买盘
539,09:56:55,19.63,769205,392,买盘
540,09:56:58,19.63,241339,123,买盘
541,09:57:01,19.62,580795,296,卖盘
542,09:57:04,19.62,1043263,532,买盘
543,09:57:07,19.61,704025,359,卖盘
544,09:57:10,19.61,247089,126,卖盘
545,09:57:13,19.61,400136,204,卖盘
546,09:57:16,19.61,339266,173,卖盘
547,09:57:19,19.62,725662,370,买盘
548,09:57:22,19.61,292221,149,卖盘
549,09:57:25,19.61,651101,332,卖盘
550,09:57:28,19.62,949194,484,买盘
551,09:57:31,19.62,253066,129,买盘
552,09:57:34,19.61,990696,505,卖盘
553,09:57:37,19.61,1282552,654,卖盘
554,09:57:40,19.61,100032,51,卖盘
555,09:57:43,19.62,774873,395,买盘
556,09:57:46,19.62,484561,247,买盘
557,09:57:49,19.63,1416862,722,买盘
558,09:57:52,19.63,107921,55,买盘
559,09:57:55,19.62,58878,30,卖盘
560,09:57:58,19.63,145262,74,买盘
561,09:58:01,19.63,634108,323,卖盘
562,09:58:04,19.63,182642,93,卖盘
563,09:58:07,19.64,170787,87,买盘
564,09:58:10,19.63,822515,419,卖盘
565,09:58:13,19.64,1894304,965,买盘
566,09:58:16,19.64,376912,192,买盘
567,09:58:19,19.64,329838,168,买盘
568,09:58:22,19.63,946342,482,卖盘
569,09:58:25,19.63,51039,26,卖盘
570,09:58:28,19.63,72655,37,卖盘
571,09:58:31,19.63,70673,36,卖盘
572,09:58:34,19.64,45160,23,买盘
573,09:58:37,19.64,212035,108,买盘
574,09:58:40,19.64,1327643,676,买盘
575,09:58:43,19.64,714831,364,买盘
576,09:58:46,19.64,612638,312,买盘
577,09:58:49,19.64,687401,350,卖盘
578,09:58:52,19.64,239630,122,卖盘
579,09:58:55,19.65,449804,229,买盘
580,09:58:58,19.64,241623,123,卖盘
581,09:59:01,19.64,422395,215,卖盘
582,09:59:04,19.64,322103,164,卖盘
583,09:59:07,19.64,444003,226,卖盘
584,09:59:10,19.64,363252,185,中性盘
585,09:59:13,19.63,704775,359,卖盘
586,09:59:16,19.63,3095988,1577,卖盘
587,09:59:19,19.63,524113,267,卖盘
588,09:59:22,19.62,510161,260,卖盘
589,09:59:25,19.62,1234303,629,卖盘
590,09:59:28,19.63,392417,200,买盘
591,09:59:31,19.62,208065,106,卖盘
592,09:59:34,19.62,192279,98,卖盘
593,09:59:37,19.62,80457,41,卖盘
594,09:59:40,19.62,253113,129,卖盘
595,09:59:43,19.63,90265,46,买盘
596,09:59:46,19.62,351223,179,卖盘
597,09:59:49,19.63,54964,28,买盘
598,09:59:52,19.62,313948,160,卖盘
599,09:59:55,19.63,255070,130,买盘
600,09:59:58,19.63,33371,17,买盘
601,10:00:01,19.62,313949,160,卖盘
602,10:00:04,19.61,1365315,696,卖盘
603,10:00:07,19.61,2368937,1208,卖盘
604,10:00:10,19.61,1788432,912,卖盘
605,10:00:13,19.61,270532,138,买盘
606,10:00:16,19.61,337137,172,买盘
607,10:00:19,19.6,635134,324,卖盘
608,10:00:22,19.6,701756,358,卖盘
609,10:00:25,19.61,141158,72,买盘
610,10:00:28,19.6,172480,88,卖盘
611,10:00:31,19.6,13892394,7088,卖盘
612,10:00:34,19.59,1479297,755,卖盘
613,10:00:37,19.59,601427,307,卖盘
614,10:00:40,19.6,656359,335,买盘
615,10:00:43,19.59,1010875,516,卖盘
616,10:00:46,19.6,385954,197,买盘
617,10:00:49,19.59,2361816,1206,卖盘
618,10:00:52,19.59,568202,290,卖盘
619,10:00:55,19.59,483984,247,卖盘
620,10:00:58,19.6,472163,241,买盘
621,10:01:01,19.59,446680,228,卖盘
622,10:01:04,19.58,1278910,653,卖盘
623,10:01:07,19.59,287880,147,卖盘
624,10:01:10,19.6,717003,366,买盘
625,10:01:13,19.59,3497930,1786,卖盘
626,10:01:16,19.59,393639,201,卖盘
627,10:01:19,19.59,8532685,4354,买盘
628,10:01:22,19.59,571900,292,卖盘
629,10:01:25,19.59,1046106,534,卖盘
630,10:01:28,19.59,80314,41,买盘
631,10:01:31,19.59,903099,461,买盘
632,10:01:34,19.59,521144,266,卖盘
633,10:01:37,19.6,86209,44,买盘
634,10:01:40,19.6,887648,453,买盘
635,10:01:43,19.6,1643625,839,买盘
636,10:01:46,19.6,470210,240,买盘
637,10:01:49,19.6,229243,117,买盘
638,10:01:52,19.59,858073,438,卖盘
639,10:01:55,19.59,197853,101,中性盘
640,10:01:58,19.59,630573,322,卖盘
641,10:02:01,19.59,1153882,589,买盘
642,10:02:04,19.6,331127,169,买盘
643,10:02:07,19.59,250772,128,卖盘
644,10:02:10,19.6,292040,149,买盘
645,10:02:13,19.6,135228,69,买盘
646,10:02:16,19.6,313563,160,买盘
647,10:02:19,19.59,444905,227,卖盘
648,10:02:22,19.6,344943,176,买盘
649,10:02:25,19.6,487990,249,买盘
650,10:02:28,19.6,154840,79,卖盘
651,10:02:31,19.6,113680,58,卖盘
652,10:02:34,19.6,74480,38,卖盘
653,10:02:37,19.6,292052,149,卖盘
654,10:02:40,19.6,999620,510,卖盘
655,10:02:43,19.6,266573,136,卖盘
656,10:02:46,19.6,1054385,538,卖盘
657,10:02:49,19.6,452687,231,买盘
658,10:02:52,19.6,235185,120,买盘
659,10:02:55,19.6,689920,352,买盘
660,10:02:58,19.6,411602,210,卖盘
661,10:03:01,19.6,152882,78,卖盘
662,10:03:04,19.59,572329,292,卖盘
663,10:03:07,19.6,325360,166,买盘
664,10:03:10,19.6,784089,400,卖盘
665,10:03:13,19.61,350846,179,买盘
666,10:03:16,19.61,115669,59,买盘
667,10:03:19,19.61,333210,170,买盘
668,10:03:22,19.59,452615,231,卖盘
669,10:03:25,19.61,199940,102,买盘
670,10:03:28,19.61,229377,117,买盘
671,10:03:31,19.61,84309,43,买盘
672,10:03:34,19.61,90184,46,买盘
673,10:03:37,19.61,121539,62,买盘
674,10:03:40,19.6,486107,248,卖盘
675,10:03:43,19.62,3584866,1828,买盘
676,10:03:46,19.62,606168,309,买盘
677,10:03:49,19.62,133397,68,买盘
678,10:03:52,19.62,361008,184,卖盘
679,10:03:55,19.63,233483,119,买盘
680,10:03:58,19.62,196201,100,卖盘
681,10:04:01,19.62,433497,221,买盘
682,10:04:04,19.61,1551094,791,卖盘
683,10:04:07,19.6,472392,241,卖盘
684,10:04:10,19.61,847049,432,买盘
685,10:04:13,19.61,864404,441,买盘
686,10:04:16,19.61,558871,285,买盘
687,10:04:19,19.61,1123902,573,买盘
688,10:04:22,19.62,70632,36,买盘
689,10:04:25,19.62,47082,24,买盘
690,10:04:28,19.62,304060,155,买盘
691,10:04:31,19.62,49038,25,买盘
692,10:04:34,19.62,302052,154,买盘
693,10:04:37,19.62,284407,145,买盘
694,10:04:40,19.62,1202230,613,买盘
695,10:04:43,19.62,178524,91,买盘
696,10:04:46,19.62,17658,9,买盘
697,10:04:49,19.62,606007,309,买盘
698,10:04:52,19.62,162836,83,买盘
699,10:04:55,19.61,370810,189,卖盘
700,10:04:58,19.62,153010,78,买盘
701,10:05:01,19.62,674838,344,买盘
702,10:05:04,19.62,2578108,1314,买盘
703,10:05:07,19.62,241379,123,卖盘
704,10:05:10,19.62,102025,52,卖盘
705,10:05:13,19.63,286462,146,买盘
706,10:05:16,19.62,204061,104,卖盘
707,10:05:19,19.64,2541725,1295,买盘
708,10:05:22,19.64,206195,105,买盘
709,10:05:25,19.63,168898,86,卖盘
710,10:05:28,19.63,345519,176,卖盘
711,10:05:31,19.63,726431,370,卖盘
712,10:05:34,19.63,539854,275,卖盘
713,10:05:37,19.62,109907,56,卖盘
714,10:05:40,19.63,461256,235,买盘
715,10:05:43,19.63,37296,19,买盘
716,10:05:46,19.62,239375,122,卖盘
717,10:05:49,19.63,535664,273,买盘
718,10:05:52,19.62,223698,114,卖盘
719,10:05:55,19.63,624007,318,买盘
720,10:05:58,19.63,58878,30,买盘
721,10:06:01,19.62,347365,177,卖盘
722,10:06:04,19.62,70654,36,卖盘
723,10:06:07,19.63,1576163,803,买盘
724,10:06:10,19.63,950564,484,卖盘
725,10:06:13,19.64,182597,93,买盘
726,10:06:16,19.64,748167,381,买盘
727,10:06:19,19.63,237537,121,卖盘
728,10:06:22,19.64,90305,46,买盘
729,10:06:25,19.64,217896,111,买盘
730,10:06:28,19.64,51064,26,买盘
731,10:06:31,19.63,290536,148,卖盘
732,10:06:34,19.64,791374,403,买盘
733,10:06:37,19.63,1034508,527,卖盘
734,10:06:40,19.63,115817,59,买盘
735,10:06:43,19.63,53001,27,买盘
736,10:06:46,19.63,991314,505,买盘
737,10:06:49,19.63,704940,359,卖盘
738,10:06:52,19.63,23563,12,卖盘
739,10:06:55,19.64,31412,16,买盘
740,10:06:58,19.64,11779,6,买盘
741,10:07:01,19.64,378991,193,买盘
742,10:07:04,19.64,866142,441,买盘
743,10:07:07,19.65,911725,464,买盘
744,10:07:10,19.65,70738,36,买盘
745,10:07:13,19.65,255432,130,买盘
746,10:07:16,19.65,216143,110,买盘
747,10:07:19,19.65,277003,141,买盘
748,10:07:22,19.65,188640,96,买盘
749,10:07:25,19.65,593409,302,买盘
750,10:07:28,19.65,45196,23,买盘
751,10:07:31,19.65,161130,82,买盘
752,10:07:34,19.65,135585,69,买盘
753,10:07:37,19.65,691380,352,买盘
754,10:07:40,19.65,298680,152,买盘
755,10:07:43,19.64,206320,105,卖盘
756,10:07:46,19.66,37339,19,买盘
757,10:07:49,19.65,8810648,4486,卖盘
758,10:07:52,19.66,255521,130,买盘
759,10:07:55,19.66,108122,55,买盘
760,10:07:58,19.66,448232,228,买盘
761,10:08:01,19.65,1811435,922,卖盘
762,10:08:04,19.65,1533142,780,买盘
763,10:08:07,19.65,149352,76,卖盘
764,10:08:10,19.65,216210,110,卖盘
765,10:08:13,19.65,202466,103,卖盘
766,10:08:16,19.66,171002,87,买盘
767,10:08:19,19.66,86491,44,买盘
768,10:08:22,19.66,21626,11,买盘
769,10:08:25,19.66,64878,33,买盘
770,10:08:28,19.66,157279,80,买盘
771,10:08:31,19.65,206332,105,卖盘
772,10:08:34,19.66,174969,89,买盘
773,10:08:37,19.66,72730,37,买盘
774,10:08:40,19.65,658580,335,卖盘
775,10:08:43,19.65,281117,143,卖盘
776,10:08:46,19.65,477686,243,卖盘
777,10:08:49,19.66,801115,408,买盘
778,10:08:52,19.67,167195,85,买盘
779,10:08:55,19.66,1726149,878,卖盘
780,10:08:58,19.66,94384,48,卖盘
781,10:09:01,19.67,228079,116,买盘
782,10:09:04,19.66,64889,33,卖盘
783,10:09:07,19.66,401144,204,卖盘
784,10:09:10,19.66,505270,257,卖盘
785,10:09:13,19.66,283114,144,卖盘
786,10:09:16,19.66,281142,143,卖盘
787,10:09:19,19.66,456124,232,卖盘
788,10:09:22,19.66,234023,119,卖盘
789,10:09:25,19.66,21628,11,卖盘
790,10:09:28,19.67,479784,244,买盘
791,10:09:31,19.66,469958,239,卖盘
792,10:09:34,19.67,119971,61,买盘
793,10:09:37,19.66,72756,37,卖盘
794,10:09:40,19.67,121946,62,买盘
795,10:09:43,19.66,1034168,526,卖盘
796,10:09:46,19.67,1545406,786,买盘
797,10:09:49,19.67,98340,50,买盘
798,10:09:52,19.66,1966,1,卖盘
799,10:09:55,19.67,1500816,763,买盘
800,10:09:58,19.67,391469,199,卖盘
801,10:10:01,19.67,182919,93,卖盘
802,10:10:04,19.67,507447,258,买盘
803,10:10:07,19.67,727712,370,买盘
804,10:10:10,19.67,90491,46,卖盘
805,10:10:13,19.67,428994,218,卖盘
806,10:10:16,19.67,981771,499,卖盘
807,10:10:19,19.68,308969,157,买盘
808,10:10:22,19.68,261713,133,买盘
809,10:10:25,19.67,106220,54,卖盘
810,10:10:28,19.68,27552,14,买盘
811,10:10:31,19.67,47227,24,卖盘
812,10:10:34,19.68,3936,2,买盘
813,10:10:37,19.68,224251,114,买盘
814,10:10:40,19.68,43276,22,买盘
815,10:10:43,19.68,157435,80,买盘
816,10:10:46,19.68,210479,107,买盘
817,10:10:49,19.67,141675,72,卖盘
818,10:10:52,19.67,259753,132,卖盘
819,10:10:55,19.68,110207,56,买盘
820,10:10:58,19.68,141696,72,买盘
821,10:11:01,19.68,173122,88,买盘
822,10:11:04,19.68,125946,64,买盘
823,10:11:07,19.68,137710,70,买盘
824,10:11:10,19.68,993798,505,买盘
825,10:11:13,19.68,147605,75,卖盘
826,10:11:16,19.69,277621,141,买盘
827,10:11:19,19.68,194870,99,卖盘
828,10:11:22,19.68,2125443,1080,卖盘
829,10:11:25,19.68,2668403,1356,卖盘
830,10:11:28,19.68,283317,144,买盘
831,10:11:31,19.67,139668,71,卖盘
832,10:11:34,19.67,114049,58,买盘
833,10:11:37,19.66,149431,76,卖盘
834,10:11:40,19.66,90438,46,卖盘
835,10:11:43,19.67,265413,135,买盘
836,10:11:46,19.66,894534,455,卖盘
837,10:11:49,19.66,161167,82,买盘
838,10:11:52,19.66,13762,7,买盘
839,10:11:55,19.66,446251,227,买盘
840,10:11:58,19.65,104197,53,卖盘
841,10:12:01,19.65,768327,391,卖盘
842,10:12:04,19.65,10073173,5121,卖盘
843,10:12:07,19.66,534650,272,买盘
844,10:12:10,19.66,239759,122,买盘
845,10:12:13,19.66,703583,358,买盘
846,10:12:16,19.66,245732,125,买盘
847,10:12:19,19.66,102236,52,卖盘
848,10:12:22,19.66,123860,63,卖盘
849,10:12:25,19.66,261456,133,买盘
850,10:12:28,19.66,178960,91,中性盘
851,10:12:31,19.66,474025,241,卖盘
852,10:12:34,19.67,184896,94,买盘
853,10:12:37,19.67,25565,13,买盘
854,10:12:40,19.67,1172331,596,买盘
855,10:12:43,19.67,230106,117,卖盘
856,10:12:46,19.66,212424,108,卖盘
857,10:12:49,19.67,70811,36,买盘
858,10:12:52,19.67,31479,16,卖盘
859,10:12:55,19.68,17712,9,买盘
860,10:12:58,19.67,100323,51,卖盘
861,10:13:01,19.66,155388,79,卖盘
862,10:13:04,19.67,133758,68,买盘
863,10:13:07,19.67,84586,43,卖盘
864,10:13:10,19.67,200638,102,卖盘
865,10:13:13,19.66,1303521,663,卖盘
866,10:13:16,19.67,108185,55,买盘
867,10:13:19,19.67,102240,52,买盘
868,10:13:22,19.66,267504,136,卖盘
869,10:13:25,19.67,17698,9,买盘
870,10:13:28,19.67,58984,30,买盘
871,10:13:31,19.67,31460,16,买盘
872,10:13:34,19.67,58983,30,买盘
873,10:13:37,19.66,515095,262,卖盘
874,10:13:40,19.66,235877,120,买盘
875,10:13:43,19.66,153298,78,买盘
876,10:13:46,19.65,82571,42,卖盘
877,10:13:49,19.66,469868,239,买盘
878,10:13:52,19.65,192588,98,卖盘
879,10:13:55,19.66,157310,80,买盘
880,10:13:58,19.66,29492,15,卖盘
881,10:14:01,19.66,320420,163,卖盘
882,10:14:04,19.66,823536,419,买盘
883,10:14:07,19.66,104229,53,卖盘
884,10:14:10,19.66,2318948,1179,卖盘
885,10:14:13,19.67,92446,47,买盘
886,10:14:16,19.67,251759,128,买盘
887,10:14:19,19.67,106191,54,买盘
888,10:14:22,19.67,241890,123,买盘
889,10:14:25,19.67,377651,192,买盘
890,10:14:28,19.67,15738,8,买盘
891,10:14:31,19.67,72779,37,卖盘
892,10:14:34,19.67,53110,27,卖盘
893,10:14:37,19.68,159373,81,买盘
894,10:14:40,19.67,53111,27,卖盘
895,10:14:43,19.67,53125,27,卖盘
896,10:14:46,19.67,76726,39,卖盘
897,10:14:49,19.67,47209,24,卖盘
898,10:14:52,19.67,220304,112,买盘
899,10:14:55,19.67,139657,71,买盘
900,10:14:58,19.67,261612,133,卖盘
901,10:15:01,19.68,21641,11,买盘
902,10:15:04,19.67,72783,37,卖盘
903,10:15:07,19.67,670855,341,卖盘
904,10:15:10,19.66,137674,70,卖盘
905,10:15:13,19.66,62916,32,卖盘
906,10:15:16,19.67,49174,25,买盘
907,10:15:19,19.66,60960,31,卖盘
908,10:15:22,19.66,82597,42,卖盘
909,10:15:25,19.66,137656,70,卖盘
910,10:15:28,19.66,96361,49,卖盘
911,10:15:31,19.66,80618,41,卖盘
912,10:15:34,19.67,151450,77,买盘
913,10:15:37,19.67,41306,21,买盘
914,10:15:40,19.67,70801,36,买盘
915,10:15:43,19.67,60977,31,买盘
916,10:15:46,19.67,167185,85,买盘
917,10:15:49,19.67,169119,86,买盘
918,10:15:52,19.67,196690,100,买盘
919,10:15:55,19.67,267470,136,买盘
920,10:15:58,19.66,218329,111,卖盘
921,10:16:01,19.66,90477,46,卖盘
922,10:16:04,19.67,49173,25,买盘
923,10:16:07,19.67,80646,41,买盘
924,10:16:10,19.67,151449,77,买盘
925,10:16:13,19.67,544670,277,买盘
926,10:16:16,19.67,603818,307,买盘
927,10:16:19,19.67,603868,307,买盘
928,10:16:22,19.67,165295,84,卖盘
929,10:16:25,19.67,391435,199,卖盘
930,10:16:28,19.67,177034,90,卖盘
931,10:16:31,19.68,90506,46,买盘
932,10:16:34,19.67,51148,26,卖盘
933,10:16:37,19.68,403239,205,买盘
934,10:16:40,19.67,2271051,1155,卖盘
935,10:16:43,19.67,690751,351,卖盘
936,10:16:46,19.68,116095,59,买盘
937,10:16:49,19.67,98384,50,卖盘
938,10:16:52,19.67,192858,98,卖盘
939,10:16:55,19.67,354189,180,卖盘
940,10:16:58,19.67,114120,58,卖盘
941,10:17:01,19.68,220328,112,买盘
942,10:17:04,19.67,100350,51,卖盘
943,10:17:07,19.68,104304,53,买盘
944,10:17:10,19.67,399369,203,卖盘
945,10:17:13,19.68,120046,61,买盘
946,10:17:16,19.67,33446,17,卖盘
947,10:17:19,19.68,133762,68,买盘
948,10:17:22,19.68,74781,38,买盘
949,10:17:25,19.68,92452,47,买盘
950,10:17:28,19.67,108201,55,卖盘
951,10:17:31,19.67,912703,464,卖盘
952,10:17:34,19.68,104300,53,买盘
953,10:17:37,19.67,365878,186,卖盘
954,10:17:40,19.67,904699,460,卖盘
955,10:17:43,19.67,478077,243,卖盘
956,10:17:46,19.67,377798,192,卖盘
957,10:17:49,19.67,381642,194,卖盘
958,10:17:52,19.67,548709,279,买盘
959,10:17:55,19.67,167195,85,买盘
960,10:17:58,19.66,171128,87,卖盘
961,10:18:01,19.66,74740,38,卖盘
962,10:18:04,19.66,285198,145,卖盘
963,10:18:07,19.66,175031,89,卖盘
964,10:18:10,19.67,1278129,650,买盘
965,10:18:13,19.67,391412,199,买盘
966,10:18:16,19.66,369761,188,卖盘
967,10:18:19,19.67,86509,44,买盘
968,10:18:22,19.66,21627,11,卖盘
969,10:18:25,19.66,153405,78,卖盘
970,10:18:28,19.67,53100,27,买盘
971,10:18:31,19.67,147483,75,买盘
972,10:18:34,19.66,340266,173,卖盘
973,10:18:37,19.65,6438698,3275,卖盘
974,10:18:40,19.66,361740,184,买盘
975,10:18:43,19.66,169064,86,买盘
976,10:18:46,19.66,410870,209,买盘
977,10:18:49,19.66,129809,66,卖盘
978,10:18:52,19.66,739008,376,卖盘
979,10:18:55,19.66,277185,141,买盘
980,10:18:58,19.66,66844,34,买盘
981,10:19:01,19.65,106137,54,卖盘
982,10:19:04,19.65,125791,64,卖盘
983,10:19:07,19.66,110053,56,买盘
984,10:19:10,19.65,298794,152,卖盘
985,10:19:13,19.65,231928,118,卖盘
986,10:19:16,19.65,2307507,1174,卖盘
987,10:19:19,19.66,226079,115,买盘
988,10:19:22,19.65,570107,290,卖盘
989,10:19:25,19.66,117929,60,买盘
990,10:19:28,19.65,224101,114,卖盘
991,10:19:31,19.66,74694,38,买盘
992,10:19:34,19.65,133678,68,卖盘
993,10:19:37,19.66,78607,40,买盘
994,10:19:40,19.66,35384,18,买盘
995,10:19:43,19.66,86495,44,买盘
996,10:19:46,19.65,725102,369,卖盘
997,10:19:49,19.65,1023774,521,卖盘
998,10:19:52,19.66,155312,79,买盘
999,10:19:55,19.65,1499301,763,卖盘
1000,10:19:58,19.65,243660,124,买盘
1001,10:20:01,19.62,7625707,3884,卖盘
1002,10:20:04,19.61,966896,493,卖盘
1003,10:20:07,19.61,286443,146,卖盘
1004,10:20:10,19.61,170679,87,卖盘
1005,10:20:13,19.62,1929815,984,买盘
1006,10:20:16,19.61,468772,239,卖盘
1007,10:20:19,19.61,137313,70,卖盘
1008,10:20:22,19.61,3923,2,卖盘
1009,10:20:25,19.62,286447,146,买盘
1010,10:20:28,19.62,484609,247,买盘
1011,10:20:31,19.62,98066,50,买盘
1012,10:20:34,19.62,231471,118,买盘
1013,10:20:37,19.62,1245323,635,买盘
1014,10:20:40,19.61,321722,164,卖盘
1015,10:20:43,19.62,90252,46,买盘
1016,10:20:46,19.62,745582,380,买盘
1017,10:20:49,19.62,449306,229,卖盘
1018,10:20:52,19.62,21587,11,卖盘
1019,10:20:55,19.62,7848,4,卖盘
1020,10:20:58,19.62,100063,51,卖盘
1021,10:21:01,19.62,202114,103,卖盘
1022,10:21:04,19.62,62794,32,卖盘
1023,10:21:07,19.62,30768,16,卖盘
1024,10:21:10,19.63,239367,122,买盘
1025,10:21:13,19.63,149122,76,买盘
1026,10:21:16,19.63,88326,45,买盘
1027,10:21:19,19.63,133421,68,买盘
1028,10:21:22,19.63,70658,36,买盘
1029,10:21:25,19.63,221785,113,买盘
1030,10:21:28,19.63,160913,82,买盘
1031,10:21:31,19.63,304192,155,买盘
1032,10:21:34,19.63,96183,49,买盘
1033,10:21:37,19.62,49056,25,卖盘
1034,10:21:40,19.62,192301,98,卖盘
1035,10:21:43,19.62,174690,89,卖盘
1036,10:21:46,19.62,117756,60,卖盘
1037,10:21:49,19.62,488551,249,卖盘
1038,10:21:52,19.62,64751,33,卖盘
1039,10:21:55,19.63,94178,48,买盘
1040,10:21:58,19.62,308035,157,卖盘
1041,10:22:01,19.62,278638,142,卖盘
1042,10:22:04,19.62,249229,127,卖盘
1043,10:22:07,19.62,2271925,1158,卖盘
1044,10:22:10,19.62,749419,382,买盘
1045,10:22:13,19.62,135374,69,买盘
1046,10:22:16,19.62,17658,9,买盘
1047,10:22:19,19.62,145182,74,买盘
1048,10:22:22,19.61,194155,99,卖盘
1049,10:22:25,19.61,92169,47,卖盘
1050,10:22:28,19.62,23543,12,买盘
1051,10:22:31,19.61,147076,75,卖盘
1052,10:22:34,19.62,406134,207,买盘
1053,10:22:37,19.62,1225659,625,买盘
1054,10:22:40,19.62,778598,397,买盘
1055,10:22:43,19.62,396217,202,买盘
1056,10:22:46,19.62,143223,73,买盘
1057,10:22:49,19.62,192209,98,买盘
1058,10:22:52,19.61,115726,59,卖盘
1059,10:22:55,19.62,625647,319,买盘
1060,10:22:58,19.62,29430,15,买盘
1061,10:23:01,19.62,539403,275,买盘
1062,10:23:04,19.62,172602,88,买盘
1063,10:23:07,19.62,262856,134,买盘
1064,10:23:10,19.61,231474,118,卖盘
1065,10:23:13,19.62,590561,301,买盘
1066,10:23:16,19.62,217706,111,买盘
1067,10:23:19,19.62,5886,3,买盘
1068,10:23:22,19.62,139252,71,买盘
1069,10:23:25,19.61,58844,30,卖盘
1070,10:23:28,19.62,370818,189,买盘
1071,10:23:31,19.63,686722,350,买盘
1072,10:23:34,19.62,19627,10,卖盘
1073,10:23:37,19.63,153057,78,买盘
1074,10:23:40,19.62,11777,6,卖盘
1075,10:23:43,19.63,212004,108,买盘
1076,10:23:46,19.63,2142584,1092,买盘
1077,10:23:49,19.63,345484,176,买盘
1078,10:23:52,19.63,380821,194,买盘
1079,10:23:55,19.62,56907,29,卖盘
1080,10:23:58,19.63,43181,22,买盘
1081,10:24:01,19.62,100103,51,卖盘
1082,10:24:04,19.62,3925,2,卖盘
1083,10:24:07,19.63,51038,26,买盘
1084,10:24:10,19.63,235456,120,买盘
1085,10:24:13,19.62,11774,6,卖盘
1086,10:24:16,19.63,11778,6,买盘
1087,10:24:19,19.62,29435,15,卖盘
1088,10:24:22,19.62,494445,252,卖盘
1089,10:24:25,19.63,62794,32,买盘
1090,10:24:28,19.63,92251,47,买盘
1091,10:24:31,19.63,1456021,742,买盘
1092,10:24:34,19.63,854288,435,买盘
1093,10:24:37,19.63,102116,52,卖盘
1094,10:24:40,19.64,9816,5,买盘
1095,10:24:46,19.64,504748,257,买盘
1096,10:24:49,19.64,245500,125,买盘
1097,10:24:52,19.63,216024,110,卖盘
1098,10:24:55,19.64,141348,72,买盘
1099,10:24:58,19.64,233696,119,买盘
1100,10:25:01,19.65,1150470,586,买盘
1101,10:25:04,19.64,70716,36,卖盘
1102,10:25:07,19.64,49084,25,买盘
1103,10:25:10,19.64,60884,31,买盘
1104,10:25:13,19.64,724352,369,买盘
1105,10:25:16,19.63,47127,24,卖盘
1106,10:25:19,19.64,104091,53,买盘
1107,10:25:22,19.64,54976,28,买盘
1108,10:25:25,19.64,274958,140,买盘
1109,10:25:28,19.64,221931,113,买盘
1110,10:25:31,19.64,133554,68,卖盘
1111,10:25:34,19.64,94262,48,卖盘
1112,10:25:37,19.64,9821,5,卖盘
1113,10:25:40,19.64,5892,3,卖盘
1114,10:25:43,19.64,172832,88,卖盘
1115,10:25:46,19.64,168904,86,买盘
1116,10:25:49,19.63,19638,10,卖盘
1117,10:25:52,19.64,23558,12,买盘
1118,10:25:55,19.63,15710,8,卖盘
1119,10:25:58,19.63,129568,66,卖盘
1120,10:26:01,19.63,318010,162,卖盘
1121,10:26:04,19.64,78543,40,买盘
1122,10:26:07,19.64,53018,27,买盘
1123,10:26:10,19.64,88370,45,买盘
1124,10:26:13,19.64,11784,6,买盘
1125,10:26:16,19.63,1356433,691,卖盘
1126,10:26:19,19.63,278736,142,买盘
1127,10:26:22,19.62,366926,187,卖盘
1128,10:26:25,19.62,86334,44,卖盘
1129,10:26:28,19.63,170751,87,买盘
1130,10:26:31,19.62,129511,66,卖盘
1131,10:26:34,19.62,186392,95,卖盘
1132,10:26:37,19.62,105971,54,卖盘
1133,10:26:40,19.63,133425,68,买盘
1134,10:26:43,19.62,174666,89,卖盘
1135,10:26:46,19.63,243294,124,买盘
1136,10:26:49,19.62,68698,35,卖盘
1137,10:26:52,19.62,223678,114,卖盘
1138,10:26:55,19.62,404279,206,卖盘
1139,10:26:58,19.63,66724,34,买盘
1140,10:27:01,19.62,1583351,807,卖盘
1141,10:27:04,19.62,990830,505,卖盘
1142,10:27:07,19.62,370843,189,卖盘
1143,10:27:10,19.62,317789,162,买盘
1144,10:27:13,19.62,103961,53,买盘
1145,10:27:16,19.62,129489,66,买盘
1146,10:27:19,19.62,115758,59,买盘
1147,10:27:22,19.61,407981,208,卖盘
1148,10:27:25,19.61,282418,144,卖盘
1149,10:27:28,19.62,49029,25,买盘
1150,10:27:31,19.61,3922,2,卖盘
1151,10:27:34,19.62,192197,98,买盘
1152,10:27:37,19.61,37266,19,卖盘
1153,10:27:40,19.61,23543,12,卖盘
1154,10:27:43,19.62,1259583,642,买盘
1155,10:27:46,19.61,156923,80,卖盘
1156,10:27:49,19.62,353160,180,买盘
1157,10:27:52,19.62,137334,70,买盘
1158,10:27:55,19.62,76494,39,买盘
1159,10:27:58,19.62,127531,65,卖盘
1160,10:28:01,19.63,47106,24,买盘
1161,10:28:04,19.62,70633,36,卖盘
1162,10:28:07,19.62,19621,10,卖盘
1163,10:28:10,19.62,104037,53,卖盘
1164,10:28:13,19.62,117725,60,卖盘
1165,10:28:16,19.63,1963,1,买盘
1166,10:28:19,19.62,29430,15,卖盘
1167,10:28:22,19.62,149113,76,卖盘
1168,10:28:25,19.62,131476,67,卖盘
1169,10:28:28,19.63,17663,9,买盘
1170,10:28:31,19.63,82432,42,买盘
1171,10:28:34,19.62,160889,82,卖盘
1172,10:28:37,19.63,72621,37,买盘
1173,10:28:40,19.63,23556,12,买盘
1174,10:28:43,19.62,219745,112,卖盘
1175,10:28:46,19.63,5889,3,买盘
1176,10:28:49,19.63,106002,54,买盘
1177,10:28:52,19.62,62805,32,卖盘
1178,10:28:55,19.62,745563,380,卖盘
1179,10:28:58,19.62,859038,438,买盘
1180,10:29:01,19.61,484381,247,卖盘
1181,10:29:04,19.62,482460,246,买盘
1182,10:29:07,19.61,109832,56,卖盘
1183,10:29:10,19.62,911950,465,买盘
1184,10:29:13,19.61,76492,39,卖盘
1185,10:29:16,19.61,31380,16,卖盘
1186,10:29:19,19.62,149040,76,买盘
1187,10:29:22,19.62,29429,15,买盘
1188,10:29:25,19.62,5886,3,买盘
1189,10:29:28,19.62,35304,18,买盘
1190,10:29:31,19.61,329470,168,卖盘
1191,10:29:34,19.62,54914,28,买盘
1192,10:29:37,19.62,149074,76,买盘
1193,10:29:40,19.62,345177,176,买盘
1194,10:29:43,19.61,115707,59,卖盘
1195,10:29:46,19.62,1604134,818,买盘
1196,10:29:49,19.61,264839,135,卖盘
1197,10:29:52,19.61,111832,57,卖盘
1198,10:29:55,19.62,19613,10,买盘
1199,10:29:58,19.62,154926,79,买盘
1200,10:30:01,19.62,186389,95,买盘
1201,10:30:04,19.62,41196,21,买盘
1202,10:30:07,19.62,166753,85,买盘
1203,10:30:10,19.62,547384,279,买盘
1204,10:30:13,19.62,355076,181,买盘
1205,10:30:16,19.61,107878,55,卖盘
1206,10:30:19,19.61,884842,451,卖盘
1207,10:30:22,19.62,306060,156,买盘
1208,10:30:25,19.63,11776,6,买盘
1209,10:30:28,19.63,25509,13,买盘
1210,10:30:31,19.62,5886,3,卖盘
1211,10:30:34,19.62,11773,6,卖盘
1212,10:30:37,19.62,127541,65,卖盘
1213,10:30:40,19.63,76520,39,买盘
1214,10:30:43,19.62,170695,87,卖盘
1215,10:30:46,19.62,739673,377,卖盘
1216,10:30:49,19.61,160811,82,卖盘
1217,10:30:52,19.61,121605,62,卖盘
1218,10:30:55,19.61,1313880,670,卖盘
1219,10:30:58,19.61,96106,49,卖盘
1220,10:31:01,19.61,376513,192,卖盘
1221,10:31:04,19.62,100014,51,买盘
1222,10:31:07,19.62,72594,37,买盘
1223,10:31:10,19.61,149077,76,卖盘
1224,10:31:13,19.62,113740,58,买盘
1225,10:31:16,19.61,472604,241,卖盘
1226,10:31:19,19.61,2171529,1107,卖盘
1227,10:31:22,19.61,1035085,528,买盘
1228,10:31:25,19.61,1251024,638,买盘
1229,10:31:28,19.61,229437,117,买盘
1230,10:31:31,19.61,158841,81,买盘
1231,10:31:34,19.61,90181,46,买盘
1232,10:31:37,19.6,464556,237,卖盘
1233,10:31:40,19.61,99990,51,买盘
1234,10:31:43,19.6,107818,55,卖盘
1235,10:31:46,19.61,443066,226,买盘
1236,10:31:49,19.61,637216,325,买盘
1237,10:31:52,19.61,317595,162,买盘
1238,10:31:55,19.6,274415,140,卖盘
1239,10:31:58,19.61,149006,76,买盘
1240,10:32:01,19.6,4343374,2216,卖盘
1241,10:32:04,19.6,80384,41,卖盘
1242,10:32:07,19.6,19604,10,卖盘
1243,10:32:10,19.6,119571,61,卖盘
1244,10:32:13,19.6,254901,130,卖盘
1245,10:32:16,19.6,256839,131,卖盘
1246,10:32:19,19.6,1025589,523,卖盘
1247,10:32:22,19.61,113708,58,买盘
1248,10:32:25,19.6,215654,110,卖盘
1249,10:32:28,19.61,49026,25,买盘
1250,10:32:31,19.61,21571,11,卖盘
1251,10:32:34,19.62,17650,9,买盘
1252,10:32:37,19.61,41201,21,卖盘
1253,10:32:40,19.61,270619,138,卖盘
1254,10:32:43,19.61,168648,86,卖盘
1255,10:32:46,19.61,23534,12,卖盘
1256,10:32:49,19.6,839261,428,卖盘
1257,10:32:52,19.61,66664,34,买盘
1258,10:32:55,19.6,284215,145,卖盘
1259,10:32:58,19.6,109766,56,卖盘
1260,10:33:01,19.6,41171,21,卖盘
1261,10:33:04,19.61,78434,40,买盘
1262,10:33:07,19.6,43131,22,卖盘
1263,10:33:10,19.61,39217,20,买盘
1264,10:33:13,19.61,139171,71,买盘
1265,10:33:16,19.61,611530,312,买盘
1266,10:33:19,19.6,50979,26,卖盘
1267,10:33:22,19.6,276462,141,卖盘
1268,10:33:25,19.6,243116,124,卖盘
1269,10:33:28,19.6,2365723,1207,卖盘
1270,10:33:31,19.6,109774,56,卖盘
1271,10:33:34,19.6,4837394,2468,卖盘
1272,10:33:37,19.6,80390,41,卖盘
1273,10:33:40,19.6,1160320,592,卖盘
1274,10:33:43,19.6,1273408,650,买盘
1275,10:33:46,19.59,76439,39,卖盘
1276,10:33:49,19.6,50955,26,买盘
1277,10:33:52,19.59,70549,36,卖盘
1278,10:33:55,19.6,70558,36,买盘
1279,10:33:58,19.6,78380,40,买盘
1280,10:34:01,19.59,229253,117,卖盘
1281,10:34:04,19.6,56818,29,买盘
1282,10:34:07,19.59,76405,39,卖盘
1283,10:34:10,19.6,141093,72,买盘
1284,10:34:13,19.6,105830,54,买盘
1285,10:34:16,19.59,380082,194,卖盘
1286,10:34:19,19.59,135180,69,卖盘
1287,10:34:22,19.6,48988,25,买盘
1288,10:34:25,19.59,329117,168,卖盘
1289,10:34:28,19.6,3920,2,买盘
1290,10:34:31,19.6,211599,108,买盘
1291,10:34:34,19.6,88161,45,买盘
1292,10:34:37,19.6,205710,105,买盘
1293,10:34:40,19.6,111670,57,买盘
1294,10:34:43,19.59,43119,22,卖盘
1295,10:34:46,19.6,188160,96,买盘
1296,10:34:49,19.59,2015821,1029,卖盘
1297,10:34:52,19.6,66628,34,买盘
1298,10:34:55,19.6,80357,41,买盘
1299,10:34:58,19.6,13720,7,买盘
1300,10:35:01,19.59,143007,73,卖盘
1301,10:35:04,19.6,477998,244,买盘
1302,10:35:07,19.6,144981,74,买盘
1303,10:35:10,19.6,411427,210,买盘
1304,10:35:13,19.59,4125660,2106,卖盘
1305,10:35:16,19.59,260498,133,买盘
1306,10:35:19,19.59,209602,107,买盘
1307,10:35:22,19.59,1435832,733,买盘
1308,10:35:25,19.59,66613,34,卖盘
1309,10:35:28,19.59,19591,10,卖盘
1310,10:35:31,19.59,64648,33,卖盘
1311,10:35:34,19.6,491741,251,买盘
1312,10:35:37,19.59,166525,85,卖盘
1313,10:35:40,19.59,35265,18,卖盘
1314,10:35:43,19.59,103854,53,卖盘
1315,10:35:46,19.59,260547,133,卖盘
1316,10:35:49,19.6,591623,302,买盘
1317,10:35:52,19.59,215479,110,卖盘
1318,10:35:55,19.59,268353,137,买盘
1319,10:35:58,19.59,528886,270,买盘
1320,10:36:01,19.6,47035,24,买盘
1321,10:36:04,19.6,280152,143,买盘
1322,10:36:07,19.59,139119,71,卖盘
1323,10:36:10,19.59,48977,25,卖盘
1324,10:36:13,19.6,150890,77,买盘
1325,10:36:16,19.59,109707,56,卖盘
1326,10:36:19,19.59,315494,161,卖盘
1327,10:36:22,19.6,682031,348,买盘
1328,10:36:25,19.6,2406261,1228,买盘
1329,10:36:28,19.6,648772,331,卖盘
1330,10:36:31,19.6,41163,21,卖盘
1331,10:36:34,19.6,229321,117,卖盘
1332,10:36:37,19.6,123506,63,卖盘
1333,10:36:40,19.6,5880,3,卖盘
1334,10:36:43,19.61,1242646,634,买盘
1335,10:36:46,19.59,1181824,603,卖盘
1336,10:36:49,19.6,623006,318,买盘
1337,10:36:52,19.59,60754,31,卖盘
1338,10:36:55,19.6,43118,22,买盘
1339,10:36:58,19.59,258707,132,卖盘
1340,10:37:01,19.6,70558,36,买盘
1341,10:37:04,19.59,111714,57,卖盘
1342,10:37:07,19.6,597538,305,买盘
1343,10:37:10,19.59,1197185,611,卖盘
1344,10:37:13,19.6,342930,175,买盘
1345,10:37:16,19.59,1986527,1014,卖盘
1346,10:37:19,19.6,43120,22,买盘
1347,10:37:22,19.58,1302723,665,卖盘
1348,10:37:25,19.58,364283,186,卖盘
1349,10:37:28,19.58,90106,46,卖盘
1350,10:37:31,19.59,738174,377,买盘
1351,10:37:34,19.58,362235,185,卖盘
1352,10:37:37,19.59,119480,61,买盘
1353,10:37:40,19.58,97930,50,卖盘
1354,10:37:43,19.59,168419,86,买盘
1355,10:37:46,19.59,231141,118,买盘
1356,10:37:49,19.59,135171,69,买盘
1357,10:37:52,19.59,867607,443,买盘
1358,10:37:55,19.59,168479,86,买盘
1359,10:37:58,19.59,94033,48,卖盘
1360,10:38:01,19.6,652673,333,买盘
1361,10:38:04,19.6,5880,3,买盘
1362,10:38:07,19.6,1960,1,买盘
1363,10:38:10,19.6,64654,33,买盘
1364,10:38:13,19.59,94068,48,卖盘
1365,10:38:16,19.6,7839,4,买盘
1366,10:38:19,19.6,276299,141,买盘
1367,10:38:22,19.6,121520,62,买盘
1368,10:38:25,19.6,97980,50,买盘
1369,10:38:28,19.6,137189,70,买盘
1370,10:38:31,19.6,444920,227,买盘
1371,10:38:34,19.59,350801,179,卖盘
1372,10:38:37,19.59,634922,324,卖盘
1373,10:38:40,19.59,260564,133,卖盘
1374,10:38:43,19.6,58790,30,买盘
1375,10:38:46,19.59,123439,63,卖盘
1376,10:38:49,19.6,129353,66,买盘
1377,10:38:52,19.6,84279,43,买盘
1378,10:38:55,19.59,188070,96,卖盘
1379,10:38:58,19.59,1955084,998,卖盘
1380,10:39:01,19.58,454383,232,卖盘
1381,10:39:04,19.58,129278,66,卖盘
1382,10:39:07,19.58,29380,15,卖盘
1383,10:39:10,19.59,25463,13,买盘
1384,10:39:13,19.58,117500,60,卖盘
1385,10:39:16,19.59,182134,93,买盘
1386,10:39:19,19.58,164478,84,卖盘
1387,10:39:22,19.59,3918,2,买盘
1388,10:39:25,19.59,60716,31,买盘
1389,10:39:28,19.59,80319,41,买盘
1390,10:39:31,19.59,129294,66,买盘
1391,10:39:34,19.59,383964,196,买盘
1392,10:39:37,19.59,3181287,1624,买盘
1393,10:39:40,19.6,3188664,1628,买盘
1394,10:39:43,19.59,86229,44,卖盘
1395,10:39:46,19.59,383982,196,卖盘
1396,10:39:49,19.6,48986,25,买盘
1397,10:39:52,19.6,135220,69,买盘
1398,10:39:55,19.6,9800,5,买盘
1399,10:39:58,19.6,172422,88,买盘
1400,10:40:01,19.6,15680,8,买盘
1401,10:40:04,19.6,1912960,976,买盘
1402,10:40:07,19.59,168507,86,卖盘
1403,10:40:10,19.59,103864,53,卖盘
1404,10:40:13,19.59,195915,100,卖盘
1405,10:40:16,19.6,21559,11,买盘
1406,10:40:19,19.59,76419,39,卖盘
1407,10:40:22,19.6,1960,1,买盘
1408,10:40:25,19.6,43120,22,买盘
1409,10:40:28,19.6,5511926,2814,买盘
1410,10:40:31,19.6,231235,118,买盘
1411,10:40:34,19.59,495625,253,卖盘
1412,10:40:37,19.59,190045,97,买盘
1413,10:40:40,19.59,84249,43,卖盘
1414,10:40:43,19.59,19593,10,卖盘
1415,10:40:46,19.6,342925,175,买盘
1416,10:40:49,19.59,166543,85,卖盘
1417,10:40:52,19.6,441007,225,买盘
1418,10:40:55,19.6,260587,133,买盘
1419,10:40:58,19.6,84267,43,买盘
1420,10:41:01,19.59,186172,95,卖盘
1421,10:41:04,19.59,3238438,1653,卖盘
1422,10:41:07,19.59,307460,157,买盘
1423,10:41:10,19.58,23500,12,卖盘
1424,10:41:13,19.59,99908,51,买盘
1425,10:41:16,19.59,190011,97,买盘
1426,10:41:19,19.59,215490,110,买盘
1427,10:41:22,19.59,280135,143,买盘
1428,10:41:25,19.59,37210,19,买盘
1429,10:41:28,19.58,767660,392,卖盘
1430,10:41:31,19.59,199793,102,买盘
1431,10:41:34,19.59,360531,184,买盘
1432,10:41:37,19.58,323128,165,卖盘
1433,10:41:40,19.59,11754,6,买盘
1434,10:41:43,19.58,117490,60,卖盘
1435,10:41:46,19.59,23508,12,买盘
1436,10:41:49,19.59,62688,32,买盘
1437,10:41:52,19.59,15668,8,买盘
1438,10:41:55,19.59,427037,218,买盘
1439,10:41:58,19.59,336932,172,买盘
1440,10:42:01,19.58,158623,81,卖盘
1441,10:42:04,19.59,1368674,699,买盘
1442,10:42:07,19.58,154730,79,卖盘
1443,10:42:10,19.59,60705,31,买盘
1444,10:42:13,19.58,68563,35,卖盘
1445,10:42:16,19.59,95972,49,买盘
1446,10:42:19,19.59,280116,143,买盘
1447,10:42:22,19.59,1081331,552,买盘
1448,10:42:25,19.59,644242,329,买盘
1449,10:42:28,19.59,62688,32,买盘
1450,10:42:31,19.59,121452,62,买盘
1451,10:42:34,19.58,66603,34,卖盘
1452,10:42:37,19.59,103812,53,买盘
1453,10:42:40,19.59,552162,282,买盘
1454,10:42:43,19.59,775711,396,买盘
1455,10:42:46,19.58,72458,37,卖盘
1456,10:42:49,19.59,46997,24,买盘
1457,10:42:52,19.58,95961,49,卖盘
1458,10:42:55,19.58,285888,146,卖盘
1459,10:42:58,19.59,47016,24,买盘
1460,10:43:01,19.58,19580,10,卖盘
1461,10:43:04,19.59,33297,17,买盘
1462,10:43:07,19.58,297641,152,卖盘
1463,10:43:10,19.58,45052,23,卖盘
1464,10:43:13,19.59,68555,35,买盘
1465,10:43:16,19.58,655931,335,卖盘
1466,10:43:19,19.59,323180,165,买盘
1467,10:43:22,19.59,432725,221,买盘
1468,10:43:25,19.59,720553,368,买盘
1469,10:43:28,19.58,45048,23,卖盘
1470,10:43:31,19.59,90083,46,买盘
1471,10:43:34,19.58,5875,3,卖盘
1472,10:43:37,19.58,68548,35,卖盘
1473,10:43:40,19.59,456422,233,买盘
1474,10:43:43,19.58,258484,132,卖盘
1475,10:43:46,19.59,17626,9,买盘
1476,10:43:49,19.59,2094134,1069,买盘
1477,10:43:52,19.59,240876,123,买盘
1478,10:43:55,19.59,693486,354,买盘
1479,10:43:58,19.59,239076,122,卖盘
1480,10:44:01,19.59,215573,110,卖盘
1481,10:44:04,19.6,458428,234,买盘
1482,10:44:07,19.59,78370,40,卖盘
1483,10:44:10,19.59,558451,285,卖盘
1484,10:44:13,19.6,231185,118,买盘
1485,10:44:16,19.59,82294,42,卖盘
1486,10:44:19,19.6,201861,103,买盘
1487,10:44:22,19.6,287980,147,买盘
1488,10:44:25,19.59,386057,197,卖盘
1489,10:44:28,19.6,2720422,1388,买盘
1490,10:44:31,19.6,993894,507,买盘
1491,10:44:34,19.6,603690,308,卖盘
1492,10:44:37,19.6,123456,63,买盘
1493,10:44:40,19.59,686001,350,卖盘
1494,10:44:43,19.6,92120,47,卖盘
1495,10:44:46,19.61,74501,38,买盘
1496,10:44:49,19.61,56869,29,买盘
1497,10:44:52,19.61,72538,37,买盘
1498,10:44:55,19.6,64707,33,卖盘
1499,10:44:58,19.61,135309,69,买盘
1500,10:45:01,19.61,41167,21,买盘
1501,10:45:04,19.6,156831,80,卖盘
1502,10:45:07,19.6,282245,144,卖盘
1503,10:45:10,19.61,354870,181,买盘
1504,10:45:13,19.61,141153,72,买盘
1505,10:45:16,19.61,131328,67,买盘
1506,10:45:19,19.6,125493,64,卖盘
1507,10:45:22,19.6,172494,88,卖盘
1508,10:45:25,19.6,147024,75,卖盘
1509,10:45:28,19.6,158788,81,卖盘
1510,10:45:31,19.61,623592,318,买盘
1511,10:45:34,19.6,166658,85,卖盘
1512,10:45:37,19.61,101956,52,买盘
1513,10:45:40,19.61,115657,59,买盘
1514,10:45:43,19.61,19602,10,买盘
1515,10:45:46,19.61,125475,64,买盘
1516,10:45:49,19.6,117646,60,卖盘
1517,10:45:52,19.61,15688,8,买盘
1518,10:45:55,19.6,243057,124,卖盘
1519,10:45:58,19.61,35294,18,买盘
1520,10:46:01,19.61,219605,112,买盘
1521,10:46:04,19.6,43120,22,卖盘
1522,10:46:07,19.6,603693,308,卖盘
1523,10:46:10,19.6,376320,192,卖盘
1524,10:46:13,19.6,98000,50,卖盘
1525,10:46:16,19.61,374376,191,买盘
1526,10:46:19,19.61,156863,80,买盘
1527,10:46:22,19.61,129420,66,买盘
1528,10:46:25,19.6,15680,8,卖盘
1529,10:46:28,19.6,213687,109,卖盘
1530,10:46:31,19.6,150980,77,卖盘
1531,10:46:34,19.6,166606,85,卖盘
1532,10:46:37,19.6,25480,13,卖盘
1533,10:46:40,19.61,574293,293,买盘
1534,10:46:43,19.61,213711,109,买盘
1535,10:46:46,19.6,96046,49,卖盘
1536,10:46:49,19.6,23522,12,卖盘
1537,10:46:52,19.6,221502,113,卖盘
1538,10:46:55,19.6,11760,6,卖盘
1539,10:46:58,19.6,125440,64,卖盘
1540,10:47:01,19.6,1254377,640,卖盘
1541,10:47:04,19.59,293867,150,卖盘
1542,10:47:07,19.59,4617409,2357,卖盘
1543,10:47:10,19.58,700965,358,卖盘
1544,10:47:13,19.57,5770289,2947,卖盘
1545,10:47:16,19.57,471648,241,卖盘
1546,10:47:19,19.57,150695,77,卖盘
1547,10:47:22,19.57,1747601,893,卖盘
1548,10:47:25,19.57,591018,302,卖盘
1549,10:47:28,19.57,1039201,531,卖盘
1550,10:47:31,19.57,93938,48,卖盘
1551,10:47:34,19.57,204076,104,卖盘
1552,10:47:37,19.57,342500,175,卖盘
1553,10:47:40,19.57,487336,249,卖盘
1554,10:47:43,19.57,448156,229,卖盘
1555,10:47:46,19.57,415007,212,卖盘
1556,10:47:49,19.57,1100354,562,卖盘
1557,10:47:52,19.57,769273,393,卖盘
1558,10:47:55,19.58,90057,46,买盘
1559,10:47:58,19.58,90055,46,买盘
1560,10:48:01,19.58,2289806,1170,买盘
1561,10:48:04,19.58,313199,160,买盘
1562,10:48:07,19.58,178128,91,买盘
1563,10:48:10,19.58,35232,18,买盘
1564,10:48:13,19.58,1270138,649,买盘
1565,10:48:16,19.58,103733,53,买盘
1566,10:48:19,19.58,160541,82,买盘
1567,10:48:22,19.57,397285,203,卖盘
1568,10:48:25,19.57,93983,48,卖盘
1569,10:48:28,19.58,483417,247,买盘
1570,10:48:31,19.57,236798,121,卖盘
1571,10:48:34,19.58,174209,89,买盘
1572,10:48:37,19.57,812155,415,卖盘
1573,10:48:40,19.57,577434,295,卖盘
1574,10:48:43,19.57,227038,116,卖盘
1575,10:48:46,19.57,925661,473,卖盘
1576,10:48:49,19.58,561670,287,买盘
1577,10:48:52,19.57,322365,165,卖盘
1578,10:48:55,19.57,156526,80,买盘
1579,10:48:58,19.57,52823,27,买盘
1580,10:49:01,19.57,144785,74,买盘
1581,10:49:04,19.56,226915,116,卖盘
1582,10:49:07,19.57,119328,61,买盘
1583,10:49:10,19.56,46955,24,卖盘
1584,10:49:13,19.56,154530,79,卖盘
1585,10:49:16,19.56,2004916,1025,卖盘
1586,10:49:19,19.57,1011269,517,买盘
1587,10:49:22,19.56,15737608,8046,卖盘
1588,10:49:25,19.55,1530786,783,卖盘
1589,10:49:28,19.55,1485868,760,卖盘
1590,10:49:31,19.55,322575,165,卖盘
1591,10:49:34,19.56,103645,53,买盘
1592,10:49:37,19.55,316738,162,卖盘
1593,10:49:40,19.56,477030,244,买盘
1594,10:49:43,19.55,537750,275,卖盘
1595,10:49:46,19.55,113423,58,卖盘
1596,10:49:49,19.55,158364,81,卖盘
1597,10:49:52,19.56,2817235,1441,买盘
1598,10:49:55,19.55,350004,179,卖盘
1599,10:49:58,19.55,500582,256,卖盘
1600,10:50:01,19.55,3996035,2044,卖盘
1601,10:50:04,19.55,3708670,1897,卖盘
1602,10:50:07,19.54,8252017,4221,卖盘
1603,10:50:10,19.55,2249094,1151,买盘
1604,10:50:13,19.55,502308,257,买盘
1605,10:50:16,19.55,711326,364,买盘
1606,10:50:19,19.56,4687270,2397,买盘
1607,10:50:22,19.56,414471,212,买盘
1608,10:50:25,19.55,41060,21,卖盘
1609,10:50:28,19.55,510232,261,卖盘
1610,10:50:31,19.55,416494,213,买盘
1611,10:50:34,19.55,242423,124,买盘
1612,10:50:37,19.55,334278,171,买盘
1613,10:50:40,19.55,197445,101,买盘
1614,10:50:43,19.54,189633,97,卖盘
1615,10:50:46,19.55,107496,55,买盘
1616,10:50:49,19.55,187600,96,买盘
1617,10:50:52,19.54,336256,172,卖盘
1618,10:50:55,19.55,1036132,530,买盘
1619,10:50:58,19.55,214966,110,中性盘
1620,10:51:01,19.54,222795,114,卖盘
1621,10:51:04,19.55,553053,283,买盘
1622,10:51:07,19.55,140727,72,买盘
1623,10:51:10,19.55,89923,46,买盘
1624,10:51:13,19.55,252155,129,买盘
1625,10:51:16,19.55,265808,136,买盘
1626,10:51:19,19.54,457461,234,卖盘
1627,10:51:22,19.55,259972,133,买盘
1628,10:51:25,19.55,127064,65,买盘
1629,10:51:28,19.55,387090,198,买盘
1630,10:51:31,19.55,158357,81,卖盘
1631,10:51:34,19.55,357777,183,卖盘
1632,10:51:37,19.56,379414,194,买盘
1633,10:51:40,19.55,95814,49,卖盘
1634,10:51:43,19.56,70411,36,买盘
1635,10:51:46,19.55,72352,37,卖盘
1636,10:51:49,19.55,97765,50,卖盘
1637,10:51:52,19.55,140771,72,卖盘
1638,10:51:55,19.56,46933,24,买盘
1639,10:51:58,19.55,97753,50,卖盘
1640,10:52:01,19.56,181849,93,买盘
1641,10:52:04,19.56,99711,51,买盘
1642,10:52:07,19.56,267968,137,买盘
1643,10:52:10,19.56,3387757,1732,买盘
1644,10:52:13,19.56,1956,1,卖盘
1645,10:52:16,19.57,68469,35,买盘
1646,10:52:19,19.57,221109,113,买盘
1647,10:52:22,19.56,123235,63,卖盘
1648,10:52:25,19.57,54796,28,买盘
1649,10:52:28,19.56,91951,47,卖盘
1650,10:52:31,19.57,43043,22,买盘
1651,10:52:34,19.56,97816,50,卖盘
1652,10:52:37,19.57,534261,273,买盘
1653,10:52:40,19.57,60664,31,买盘
1654,10:52:43,19.57,1107662,566,买盘
1655,10:52:46,19.57,315022,161,卖盘
1656,10:52:49,19.57,297500,152,买盘
1657,10:52:52,19.57,39142,20,卖盘
1658,10:52:55,19.58,225067,115,买盘
1659,10:52:58,19.58,191836,98,买盘
1660,10:53:01,19.57,1121364,573,卖盘
1661,10:53:04,19.57,109615,56,卖盘
1662,10:53:07,19.58,80277,41,买盘
1663,10:53:10,19.57,234850,120,卖盘
1664,10:53:13,19.58,105704,54,买盘
1665,10:53:16,19.57,117448,60,卖盘
1666,10:53:19,19.58,50908,26,买盘
1667,10:53:22,19.57,27398,14,卖盘
1668,10:53:25,19.58,232909,119,买盘
1669,10:53:28,19.57,170272,87,卖盘
1670,10:53:31,19.57,207486,106,卖盘
1671,10:53:34,19.58,307267,157,买盘
1672,10:53:37,19.57,1465804,749,卖盘
1673,10:53:40,19.58,1009834,516,买盘
1674,10:53:43,19.58,182016,93,买盘
1675,10:53:46,19.57,2108725,1077,卖盘
1676,10:53:49,19.57,336615,172,卖盘
1677,10:53:52,19.58,158528,81,买盘
1678,10:53:55,19.58,105711,54,买盘
1679,10:53:58,19.58,953461,487,买盘
1680,10:54:01,19.58,707204,361,买盘
1681,10:54:04,19.58,115493,59,买盘
1682,10:54:07,19.58,231018,118,买盘
1683,10:54:10,19.58,107685,55,买盘
1684,10:54:13,19.58,187968,96,买盘
1685,10:54:16,19.57,700632,358,卖盘
1686,10:54:19,19.57,133089,68,卖盘
1687,10:54:22,19.57,203534,104,卖盘
1688,10:54:25,19.57,172268,88,卖盘
1689,10:54:28,19.57,105678,54,卖盘
1690,10:54:31,19.58,195758,100,买盘
1691,10:54:34,19.58,97860,50,买盘
1692,10:54:37,19.57,254411,130,卖盘
1693,10:54:40,19.58,48938,25,买盘
1694,10:54:43,19.57,230926,118,卖盘
1695,10:54:46,19.58,52847,27,买盘
1696,10:54:49,19.58,68507,35,买盘
1697,10:54:52,19.58,64606,33,买盘
1698,10:54:55,19.57,3235719,1654,卖盘
1699,10:54:58,19.57,252378,129,买盘
1700,10:55:01,19.57,29355,15,买盘
1701,10:55:04,19.57,121330,62,买盘
1702,10:55:07,19.57,43054,22,买盘
1703,10:55:10,19.57,135033,69,买盘
1704,10:55:13,19.57,272005,139,买盘
1705,10:55:16,19.57,58710,30,卖盘
1706,10:55:19,19.59,653973,334,买盘
1707,10:55:22,19.58,48928,25,买盘
1708,10:55:25,19.57,46970,24,卖盘
1709,10:55:28,19.57,432499,221,卖盘
1710,10:55:31,19.57,148762,76,卖盘
1711,10:55:34,19.58,152724,78,买盘
1712,10:55:37,19.58,254426,130,买盘
1713,10:55:40,19.56,422535,216,卖盘
1714,10:55:43,19.58,939775,480,买盘
1715,10:55:46,19.58,877547,448,买盘
1716,10:55:49,19.58,184008,94,卖盘
1717,10:55:52,19.59,1041694,532,买盘
1718,10:55:55,19.57,211383,108,卖盘
1719,10:55:58,19.59,72423,37,买盘
1720,10:56:01,19.58,137005,70,中性盘
1721,10:56:04,19.59,272106,139,买盘
1722,10:56:07,19.58,23499,12,中性盘
1723,10:56:10,19.58,252497,129,买盘
1724,10:56:13,19.59,270189,138,买盘
1725,10:56:16,19.58,469838,240,中性盘
1726,10:56:19,19.58,675510,345,买盘
1727,10:56:22,19.58,227097,116,卖盘
1728,10:56:25,19.58,156580,80,买盘
1729,10:56:28,19.58,115504,59,买盘
1730,10:56:31,19.58,806324,412,买盘
1731,10:56:34,19.58,156625,80,买盘
1732,10:56:37,19.57,293552,150,卖盘
1733,10:56:40,19.57,92009,47,卖盘
1734,10:56:43,19.57,142861,73,卖盘
1735,10:56:46,19.57,283765,145,买盘
1736,10:56:49,19.58,82203,42,买盘
1737,10:56:52,19.57,86108,44,卖盘
1738,10:56:55,19.58,385679,197,买盘
1739,10:56:58,19.58,225026,115,买盘
1740,10:57:01,19.57,195703,100,卖盘
1741,10:57:04,19.58,223123,114,买盘
1742,10:57:07,19.57,195685,100,卖盘
1743,10:57:10,19.57,645525,330,中性盘
1744,10:57:13,19.57,694776,355,买盘
1745,10:57:16,19.57,154530,79,买盘
1746,10:57:19,19.57,209323,107,买盘
1747,10:57:22,19.56,254318,130,卖盘
1748,10:57:25,19.57,56745,29,买盘
1749,10:57:28,19.57,201479,103,买盘
1750,10:57:31,19.56,27385,14,卖盘
1751,10:57:34,19.56,148666,76,卖盘
1752,10:57:37,19.57,258202,132,买盘
1753,10:57:40,19.56,41087,21,卖盘
1754,10:57:43,19.57,158449,81,买盘
1755,10:57:46,19.56,23473,12,卖盘
1756,10:57:49,19.57,614187,314,买盘
1757,10:57:52,19.56,203435,104,卖盘
1758,10:57:55,19.57,127177,65,买盘
1759,10:57:58,19.56,183870,94,卖盘
1760,10:58:01,19.57,759306,388,买盘
1761,10:58:04,19.56,170178,87,卖盘
1762,10:58:07,19.57,663096,339,买盘
1763,10:58:10,19.56,134990,69,卖盘
1764,10:58:13,19.57,250381,128,买盘
1765,10:58:16,19.57,82189,42,买盘
1766,10:58:19,19.57,193669,99,买盘
1767,10:58:22,19.56,537900,275,卖盘
1768,10:58:25,19.57,3913,2,买盘
1769,10:58:28,19.57,262178,134,买盘
1770,10:58:31,19.57,178067,91,买盘
1771,10:58:34,19.57,632057,323,买盘
1772,10:58:37,19.57,340403,174,买盘
1773,10:58:40,19.56,41076,21,卖盘
1774,10:58:43,19.56,876298,448,卖盘
1775,10:58:46,19.57,154603,79,买盘
1776,10:58:49,19.56,138876,71,卖盘
1777,10:58:52,19.57,618321,316,买盘
1778,10:58:55,19.56,3912,2,卖盘
1779,10:58:58,19.56,238636,122,卖盘
1780,10:59:01,19.57,62614,32,买盘
1781,10:59:04,19.57,121278,62,买盘
1782,10:59:07,19.56,299270,153,卖盘
1783,10:59:10,19.56,176066,90,卖盘
1784,10:59:13,19.57,156483,80,买盘
1785,10:59:16,19.56,62593,32,卖盘
1786,10:59:19,19.56,467536,239,卖盘
1787,10:59:22,19.56,824829,422,卖盘
1788,10:59:25,19.56,956462,489,买盘
1789,10:59:28,19.56,537839,275,买盘
1790,10:59:31,19.55,512926,262,卖盘
1791,10:59:34,19.56,383286,196,中性盘
1792,10:59:37,19.55,193649,99,卖盘
1793,10:59:40,19.55,389112,199,卖盘
1794,10:59:43,19.55,267892,137,卖盘
1795,10:59:46,19.55,80203,41,卖盘
1796,10:59:49,19.57,416487,213,买盘
1797,10:59:52,19.55,582650,298,卖盘
1798,10:59:55,19.56,142787,73,中性盘
1799,10:59:58,19.56,238637,122,卖盘
1800,11:00:01,19.56,125189,64,卖盘
1801,11:00:04,19.57,367744,188,买盘
1802,11:00:07,19.56,248443,127,卖盘
1803,11:00:10,19.56,451858,231,卖盘
1804,11:00:13,19.56,334452,171,卖盘
1805,11:00:16,19.57,1465217,749,买盘
1806,11:00:19,19.56,330564,169,卖盘
1807,11:00:22,19.56,496827,254,卖盘
1808,11:00:25,19.57,784524,401,买盘
1809,11:00:28,19.56,870436,445,卖盘
1810,11:00:31,19.56,1240149,634,卖盘
1811,11:00:34,19.55,788027,403,卖盘
1812,11:00:37,19.55,596348,305,卖盘
1813,11:00:40,19.56,127102,65,买盘
1814,11:00:43,19.56,348035,178,买盘
1815,11:00:46,19.55,230780,118,卖盘
1816,11:00:49,19.55,889528,455,卖盘
1817,11:00:52,19.56,109501,56,买盘
1818,11:00:55,19.55,328447,168,卖盘
1819,11:00:58,19.55,258095,132,卖盘
1820,11:01:01,19.55,387099,198,卖盘
1821,11:01:04,19.55,695980,356,卖盘
1822,11:01:07,19.55,310846,159,卖盘
1823,11:01:10,19.54,5137557,2628,卖盘
1824,11:01:13,19.54,1446030,740,卖盘
1825,11:01:16,19.54,314630,161,卖盘
1826,11:01:19,19.55,537358,275,买盘
1827,11:01:22,19.54,451472,231,卖盘
1828,11:01:25,19.54,1360112,696,卖盘
1829,11:01:28,19.54,793396,406,卖盘
1830,11:01:31,19.54,1496218,766,卖盘
1831,11:01:34,19.53,1165958,597,卖盘
1832,11:01:37,19.54,570333,292,买盘
1833,11:01:40,19.54,269618,138,买盘
1834,11:01:43,19.54,1753925,898,买盘
1835,11:01:46,19.54,626954,321,买盘
1836,11:01:49,19.53,1027355,526,卖盘
1837,11:01:52,19.53,1432666,733,卖盘
1838,11:01:55,19.55,349639,179,买盘
1839,11:01:58,19.55,1091817,559,买盘
1840,11:02:01,19.54,580093,297,中性盘
1841,11:02:04,19.54,1646910,843,卖盘
1842,11:02:07,19.54,609505,312,卖盘
1843,11:02:10,19.54,359370,184,买盘
1844,11:02:13,19.54,1001967,513,买盘
1845,11:02:16,19.54,382806,196,买盘
1846,11:02:19,19.54,456980,234,买盘
1847,11:02:22,19.53,591771,303,卖盘
1848,11:02:25,19.53,82050,42,卖盘
1849,11:02:28,19.53,234382,120,卖盘
1850,11:02:31,19.53,97663,50,卖盘
1851,11:02:34,19.53,281243,144,卖盘
1852,11:02:37,19.53,412109,211,卖盘
1853,11:02:40,19.54,78128,40,买盘
1854,11:02:43,19.54,294908,151,买盘
1855,11:02:46,19.54,17585,9,买盘
1856,11:02:49,19.54,193382,99,买盘
1857,11:02:52,19.53,85933,44,卖盘
1858,11:02:55,19.54,468839,240,买盘
1859,11:02:58,19.54,668101,342,买盘
1860,11:03:01,19.54,212896,109,买盘
1861,11:03:04,19.53,361305,185,卖盘
1862,11:03:07,19.53,683564,350,卖盘
1863,11:03:10,19.53,232417,119,卖盘
1864,11:03:13,19.53,1777125,910,卖盘
1865,11:03:16,19.53,316386,162,中性盘
1866,11:03:19,19.54,1081768,554,买盘
1867,11:03:22,19.52,745987,382,卖盘
1868,11:03:25,19.53,185539,95,中性盘
1869,11:03:28,19.54,484136,248,买盘
1870,11:03:31,19.52,191386,98,卖盘
1871,11:03:34,19.53,371070,190,卖盘
1872,11:03:37,19.54,2659329,1361,买盘
1873,11:03:40,19.54,671985,344,买盘
1874,11:03:43,19.53,992351,508,卖盘
1875,11:03:46,19.54,52758,27,卖盘
1876,11:03:49,19.54,404338,207,卖盘
1877,11:03:52,19.54,1002332,513,卖盘
1878,11:03:55,19.54,365325,187,卖盘
1879,11:03:58,19.54,562752,288,卖盘
1880,11:04:01,19.54,476766,244,卖盘
1881,11:04:04,19.54,259771,133,卖盘
1882,11:04:07,19.53,310562,159,卖盘
1883,11:04:10,19.54,445393,228,买盘
1884,11:04:13,19.53,292951,150,卖盘
1885,11:04:16,19.54,105492,54,买盘
1886,11:04:19,19.54,171889,88,买盘
1887,11:04:22,19.54,1975458,1011,买盘
1888,11:04:25,19.54,945864,484,卖盘
1889,11:04:28,19.54,734704,376,卖盘
1890,11:04:31,19.54,371270,190,卖盘
1891,11:04:34,19.55,681813,349,买盘
1892,11:04:37,19.54,322391,165,卖盘
1893,11:04:40,19.53,181719,93,卖盘
1894,11:04:43,19.54,439654,225,卖盘
1895,11:04:46,19.55,1153304,590,买盘
1896,11:04:49,19.55,809236,414,中性盘
1897,11:04:52,19.54,322582,165,卖盘
1898,11:04:55,19.58,6380772,3262,买盘
1899,11:04:58,19.57,1345995,688,卖盘
1900,11:05:01,19.57,535948,274,买盘
1901,11:05:04,19.55,745053,381,卖盘
1902,11:05:07,19.54,854009,437,卖盘
1903,11:05:10,19.56,113405,58,买盘
1904,11:05:13,19.56,815267,417,买盘
1905,11:05:16,19.56,68457,35,买盘
1906,11:05:19,19.55,934160,478,卖盘
1907,11:05:22,19.55,340201,174,卖盘
1908,11:05:25,19.55,301071,154,卖盘
1909,11:05:28,19.55,283447,145,卖盘
1910,11:05:31,19.54,398765,204,卖盘
1911,11:05:34,19.56,281471,144,买盘
1912,11:05:37,19.55,844582,432,卖盘
1913,11:05:40,19.56,301147,154,买盘
1914,11:05:43,19.56,1935481,990,买盘
1915,11:05:46,19.56,487100,249,买盘
1916,11:05:49,19.57,1032399,528,买盘
1917,11:05:52,19.55,1085446,555,卖盘
1918,11:05:55,19.56,641554,328,卖盘
1919,11:05:58,19.56,1003108,513,买盘
1920,11:06:01,19.56,262155,134,买盘
1921,11:06:04,19.56,600224,307,买盘
1922,11:06:07,19.55,694142,355,卖盘
1923,11:06:10,19.56,183903,94,买盘
1924,11:06:13,19.55,191610,98,卖盘
1925,11:06:16,19.56,352052,180,买盘
1926,11:06:19,19.56,962537,492,卖盘
1927,11:06:22,19.58,461795,236,买盘
1928,11:06:25,19.57,403195,206,卖盘
1929,11:06:28,19.57,579505,296,卖盘
1930,11:06:31,19.58,342669,175,买盘
1931,11:06:34,19.58,56782,29,买盘
1932,11:06:37,19.58,93984,48,买盘
1933,11:06:40,19.57,135051,69,卖盘
1934,11:06:43,19.58,76362,39,买盘
1935,11:06:46,19.57,518677,265,卖盘
1936,11:06:49,19.58,123339,63,买盘
1937,11:06:52,19.58,50903,26,买盘
1938,11:06:55,19.58,428802,219,买盘
1939,11:06:58,19.58,86142,44,买盘
1940,11:07:01,19.58,139018,71,买盘
1941,11:07:04,19.58,422928,216,买盘
1942,11:07:07,19.59,174295,89,买盘
1943,11:07:10,19.59,76401,39,买盘
1944,11:07:13,19.59,45045,23,买盘
1945,11:07:16,19.58,107695,55,卖盘
1946,11:07:19,19.58,86160,44,卖盘
1947,11:07:22,19.58,217416,111,卖盘
1948,11:07:25,19.58,144918,74,卖盘
1949,11:07:28,19.58,2104861,1075,卖盘
1950,11:07:31,19.58,638470,326,卖盘
1951,11:07:34,19.58,311339,159,卖盘
1952,11:07:37,19.58,319102,163,买盘
1953,11:07:40,19.58,86152,44,买盘
1954,11:07:43,19.58,197701,101,买盘
1955,11:07:46,19.57,497106,254,卖盘
1956,11:07:49,19.57,115501,59,卖盘
1957,11:07:52,19.58,348446,178,买盘
1958,11:07:55,19.57,287714,147,卖盘
1959,11:07:58,19.57,227034,116,卖盘
1960,11:08:01,19.57,281846,144,卖盘
1961,11:08:04,19.57,205508,105,卖盘
1962,11:08:07,19.57,211399,108,卖盘
1963,11:08:10,19.57,183976,94,卖盘
1964,11:08:13,19.57,1056900,540,卖盘
1965,11:08:16,19.57,504975,258,卖盘
1966,11:08:19,19.56,469495,240,卖盘
1967,11:08:22,19.56,332560,170,卖盘
1968,11:08:25,19.56,355919,182,卖盘
1969,11:08:28,19.57,539893,276,买盘
1970,11:08:31,19.56,289558,148,卖盘
1971,11:08:34,19.56,340278,174,卖盘
1972,11:08:37,19.56,295503,151,卖盘
1973,11:08:40,19.58,538056,275,买盘
1974,11:08:43,19.56,649536,332,卖盘
1975,11:08:46,19.57,491097,251,中性盘
1976,11:08:49,19.57,281769,144,买盘
1977,11:08:52,19.56,264088,135,卖盘
1978,11:08:55,19.56,696436,356,卖盘
1979,11:08:58,19.57,407026,208,买盘
1980,11:09:01,19.56,696514,356,卖盘
1981,11:09:04,19.57,254370,130,买盘
1982,11:09:07,19.57,406948,208,中性盘
1983,11:09:10,19.56,240683,123,卖盘
1984,11:09:13,19.57,289518,148,买盘
1985,11:09:16,19.56,266095,136,卖盘
1986,11:09:19,19.57,285720,146,买盘
1987,11:09:22,19.56,117424,60,卖盘
1988,11:09:25,19.57,494953,253,中性盘
1989,11:09:28,19.57,365978,187,卖盘
1990,11:09:31,19.57,1234409,631,卖盘
1991,11:09:34,19.56,461729,236,卖盘
1992,11:09:37,19.56,1539440,787,卖盘
1993,11:09:40,19.55,3097419,1584,卖盘
1994,11:09:43,19.56,970265,496,买盘
1995,11:09:46,19.56,1880893,962,买盘
1996,11:09:49,19.55,743215,380,卖盘
1997,11:09:52,19.55,1049826,537,卖盘
1998,11:09:55,19.55,483064,247,卖盘
1999,11:09:58,19.55,404690,207,卖盘
2000,11:10:01,19.55,396913,203,买盘
2001,11:10:04,19.55,230721,118,卖盘
2002,11:10:07,19.55,355914,182,卖盘
2003,11:10:10,19.55,852493,436,卖盘
2004,11:10:13,19.56,1536944,786,买盘
2005,11:10:16,19.56,925170,473,卖盘
2006,11:10:19,19.56,536127,274,卖盘
2007,11:10:22,19.56,977943,500,卖盘
2008,11:10:25,19.55,737673,377,卖盘
2009,11:10:28,19.56,254419,130,中性盘
2010,11:10:31,19.56,250380,128,卖盘
2011,11:10:34,19.56,623938,319,卖盘
2012,11:10:37,19.56,332632,170,卖盘
2013,11:10:40,19.57,195680,100,买盘
2014,11:10:43,19.56,281745,144,卖盘
2015,11:10:46,19.56,506770,259,卖盘
2016,11:10:49,19.59,589203,301,买盘
2017,11:10:52,19.56,358266,183,卖盘
2018,11:10:55,19.57,246662,126,中性盘
2019,11:10:58,19.58,60713,31,买盘
2020,11:11:01,19.57,209401,107,卖盘
2021,11:11:04,19.57,170294,87,卖盘
2022,11:11:07,19.57,180091,92,卖盘
2023,11:11:10,19.58,123352,63,买盘
2024,11:11:13,19.57,62646,32,卖盘
2025,11:11:16,19.57,266157,136,卖盘
2026,11:11:19,19.58,2822442,1442,买盘
2027,11:11:22,19.59,1686713,861,买盘
2028,11:11:25,19.59,983702,502,卖盘
2029,11:11:28,19.59,348778,178,卖盘
2030,11:11:31,19.58,440686,225,卖盘
2031,11:11:34,19.58,847939,433,卖盘
2032,11:11:37,19.58,799156,408,卖盘
2033,11:11:40,19.59,1043861,533,买盘
2034,11:11:43,19.59,875364,447,买盘
2035,11:11:46,19.57,791057,404,卖盘
2036,11:11:49,19.59,370196,189,买盘
2037,11:11:52,19.59,191929,98,买盘
2038,11:11:55,19.59,125343,64,买盘
2039,11:11:58,19.58,52878,27,卖盘
2040,11:12:01,19.58,48960,25,卖盘
2041,11:12:04,19.58,424839,217,买盘
2042,11:12:07,19.57,1602830,819,卖盘
2043,11:12:10,19.57,1101783,563,买盘
2044,11:12:13,19.57,495268,253,卖盘
2045,11:12:16,19.56,189868,97,卖盘
2046,11:12:19,19.57,559488,286,卖盘
2047,11:12:22,19.58,1142491,584,买盘
2048,11:12:25,19.58,450207,230,买盘
2049,11:12:28,19.56,358145,183,卖盘
2050,11:12:31,19.58,505075,258,买盘
2051,11:12:34,19.57,168356,86,卖盘
2052,11:12:37,19.58,74380,38,买盘
2053,11:12:40,19.57,342391,175,卖盘
2054,11:12:43,19.56,240728,123,卖盘
2055,11:12:46,19.57,414873,212,买盘
2056,11:12:49,19.58,931976,476,买盘
2057,11:12:52,19.56,321036,164,卖盘
2058,11:12:55,19.56,295438,151,卖盘
2059,11:12:58,19.56,320810,164,卖盘
2060,11:13:01,19.56,224974,115,卖盘
2061,11:13:04,19.57,215206,110,买盘
2062,11:13:07,19.56,230827,118,卖盘
2063,11:13:10,19.56,275814,141,卖盘
2064,11:13:13,19.56,199548,102,卖盘
2065,11:13:16,19.56,31311,16,卖盘
2066,11:13:19,19.56,209295,107,卖盘
2067,11:13:22,19.56,2045231,1046,卖盘
2068,11:13:25,19.56,788333,403,买盘
2069,11:13:28,19.56,135027,69,卖盘
2070,11:13:31,19.56,97813,50,卖盘
2071,11:13:34,19.56,698345,357,卖盘
2072,11:13:37,19.56,203485,104,卖盘
2073,11:13:40,19.55,395073,202,卖盘
2074,11:13:43,19.56,172168,88,卖盘
2075,11:13:46,19.56,551615,282,卖盘
2076,11:13:49,19.55,291458,149,卖盘
2077,11:13:52,19.56,133008,68,卖盘
2078,11:13:55,19.56,371638,190,买盘
2079,11:13:58,19.55,361822,185,卖盘
2080,11:14:01,19.56,305055,156,中性盘
2081,11:14:04,19.56,101751,52,卖盘
2082,11:14:07,19.56,156488,80,卖盘
2083,11:14:10,19.56,154536,79,卖盘
2084,11:14:13,19.56,164305,84,卖盘
2085,11:14:16,19.56,107592,55,卖盘
2086,11:14:19,19.56,84117,43,卖盘
2087,11:14:22,19.57,48925,25,买盘
2088,11:14:25,19.57,97809,50,买盘
2089,11:14:28,19.56,528129,270,卖盘
2090,11:14:31,19.56,113489,58,卖盘
2091,11:14:34,19.56,140854,72,卖盘
2092,11:14:37,19.57,170251,87,买盘
2093,11:14:40,19.56,31309,16,卖盘
2094,11:14:43,19.56,54772,28,卖盘
2095,11:14:46,19.57,84117,43,买盘
2096,11:14:49,19.57,11742,6,买盘
2097,11:14:52,19.56,313084,160,卖盘
2098,11:14:55,19.57,70446,36,买盘
2099,11:14:58,19.57,2602816,1330,买盘
2100,11:15:01,19.58,446395,228,买盘
2101,11:15:04,19.58,70488,36,买盘
2102,11:15:07,19.57,497330,254,卖盘
2103,11:15:10,19.58,99858,51,买盘
2104,11:15:13,19.57,518841,265,卖盘
2105,11:15:16,19.58,1820950,930,买盘
2106,11:15:19,19.59,348748,178,买盘
2107,11:15:22,19.59,354583,181,买盘
2108,11:15:25,19.59,123444,63,卖盘
2109,11:15:28,19.59,90129,46,卖盘
2110,11:15:31,19.59,48982,25,卖盘
2111,11:15:34,19.59,250815,128,卖盘
2112,11:15:37,19.6,113661,58,买盘
2113,11:15:40,19.6,111681,57,买盘
2114,11:15:43,19.6,94071,48,买盘
2115,11:15:46,19.6,76409,39,买盘
2116,11:15:49,19.59,82284,42,卖盘
2117,11:15:52,19.6,109748,56,买盘
2118,11:15:55,19.6,164579,84,买盘
2119,11:15:58,19.58,107714,55,卖盘
2120,11:16:01,19.59,68554,35,中性盘
2121,11:16:04,19.59,74424,38,买盘
2122,11:16:07,19.59,446635,228,买盘
2123,11:16:10,19.6,146988,75,买盘
2124,11:16:13,19.6,233225,119,买盘
2125,11:16:16,19.59,43118,22,卖盘
2126,11:16:19,19.6,31359,16,买盘
2127,11:16:22,19.6,78375,40,买盘
2128,11:16:25,19.6,21560,11,买盘
2129,11:16:28,19.6,82294,42,买盘
2130,11:16:31,19.59,62696,32,卖盘
2131,11:16:34,19.59,45073,23,卖盘
2132,11:16:37,19.6,97977,50,买盘
2133,11:16:40,19.59,158752,81,卖盘
2134,11:16:43,19.59,52894,27,卖盘
2135,11:16:46,19.6,168525,86,买盘
2136,11:16:49,19.6,56839,29,买盘
2137,11:16:52,19.59,2340284,1195,卖盘
2138,11:16:55,19.59,560478,286,卖盘
2139,11:16:58,19.59,248841,127,买盘
2140,11:17:01,19.59,282120,144,卖盘
2141,11:17:04,19.6,54880,28,买盘
2142,11:17:07,19.59,25472,13,卖盘
2143,11:17:10,19.59,90125,46,卖盘
2144,11:17:13,19.59,41159,21,卖盘
2145,11:17:16,19.59,72487,37,卖盘
2146,11:17:19,19.6,109745,56,买盘
2147,11:17:22,19.59,213557,109,卖盘
2148,11:17:25,19.59,125396,64,卖盘
2149,11:17:28,19.6,29400,15,买盘
2150,11:17:31,19.59,319445,163,卖盘
2151,11:17:34,19.6,807494,412,买盘
2152,11:17:37,19.6,352745,180,买盘
2153,11:17:40,19.59,211646,108,卖盘
2154,11:17:43,19.6,193999,99,买盘
2155,11:17:46,19.6,239102,122,买盘
2156,11:17:49,19.6,297914,152,买盘
2157,11:17:52,19.59,274389,140,卖盘
2158,11:17:55,19.6,196000,100,买盘
2159,11:17:58,19.61,562576,287,买盘
2160,11:18:01,19.6,180368,92,卖盘
2161,11:18:04,19.59,401802,205,卖盘
2162,11:18:07,19.6,325340,166,中性盘
2163,11:18:10,19.6,209740,107,买盘
2164,11:18:13,19.6,143063,73,卖盘
2165,11:18:16,19.6,72543,37,卖盘
2166,11:18:19,19.6,96046,49,卖盘
2167,11:18:22,19.6,158753,81,买盘
2168,11:18:25,19.6,409778,209,买盘
2169,11:18:28,19.6,184276,94,卖盘
2170,11:18:31,19.6,164666,84,卖盘
2171,11:18:34,19.61,2255055,1150,买盘
2172,11:18:37,19.61,537517,274,卖盘
2173,11:18:40,19.62,158898,81,买盘
2174,11:18:43,19.61,33351,17,卖盘
2175,11:18:46,19.61,400035,204,卖盘
2176,11:18:49,19.61,137270,70,买盘
2177,11:18:52,19.61,84294,43,买盘
2178,11:18:55,19.6,199972,102,卖盘
2179,11:18:58,19.61,43142,22,买盘
2180,11:19:01,19.6,141162,72,卖盘
2181,11:19:04,19.6,223473,114,卖盘
2182,11:19:07,19.61,131345,67,买盘
2183,11:19:10,19.6,274431,140,卖盘
2184,11:19:13,19.6,94104,48,卖盘
2185,11:19:16,19.6,170528,87,卖盘
2186,11:19:19,19.6,154855,79,卖盘
2187,11:19:22,19.6,184254,94,卖盘
2188,11:19:25,19.61,115659,59,买盘
2189,11:19:28,19.6,47056,24,卖盘
2190,11:19:31,19.61,196064,100,买盘
2191,11:19:34,19.61,33337,17,买盘
2192,11:19:37,19.61,66674,34,买盘
2193,11:19:40,19.61,133320,68,买盘
2194,11:19:43,19.6,366607,187,卖盘
2195,11:19:46,19.6,123518,63,卖盘
2196,11:19:49,19.6,96080,49,卖盘
2197,11:19:52,19.6,113710,58,卖盘
2198,11:19:55,19.61,76453,39,买盘
2199,11:19:58,19.61,62738,32,买盘
2200,11:20:01,19.6,60766,31,卖盘
2201,11:20:04,19.6,976086,498,卖盘
2202,11:20:07,19.6,388155,198,买盘
2203,11:20:10,19.61,160787,82,买盘
2204,11:20:13,19.61,25493,13,买盘
2205,11:20:16,19.6,47050,24,卖盘
2206,11:20:19,19.61,41181,21,买盘
2207,11:20:22,19.61,5883,3,买盘
2208,11:20:25,19.6,54880,28,卖盘
2209,11:20:28,19.6,68606,35,卖盘
2210,11:20:31,19.61,43127,22,买盘
2211,11:20:34,19.6,235213,120,卖盘
2212,11:20:37,19.6,121555,62,卖盘
2213,11:20:40,19.61,68635,35,买盘
2214,11:20:43,19.6,119568,61,卖盘
2215,11:20:46,19.61,25493,13,买盘
2216,11:20:49,19.6,123482,63,卖盘
2217,11:20:52,19.61,47063,24,买盘
2218,11:20:55,19.61,166606,85,买盘
2219,11:20:58,19.6,166616,85,卖盘
2220,11:21:01,19.6,333324,170,卖盘
2221,11:21:04,19.61,74518,38,买盘
2222,11:21:07,19.6,172486,88,卖盘
2223,11:21:10,19.6,162707,83,卖盘
2224,11:21:13,19.61,176455,90,买盘
2225,11:21:16,19.61,56869,29,买盘
2226,11:21:19,19.61,186275,95,买盘
2227,11:21:22,19.61,50986,26,买盘
2228,11:21:25,19.61,45101,23,买盘
2229,11:21:28,19.61,262742,134,买盘
2230,11:21:31,19.6,207833,106,卖盘
2231,11:21:34,19.61,127443,65,买盘
2232,11:21:37,19.61,88216,45,买盘
2233,11:21:40,19.6,84289,43,卖盘
2234,11:21:43,19.6,17648,9,卖盘
2235,11:21:46,19.6,70563,36,卖盘
2236,11:21:49,19.6,23531,12,卖盘
2237,11:21:52,19.6,64682,33,卖盘
2238,11:21:55,19.6,168576,86,卖盘
2239,11:21:58,19.6,50975,26,卖盘
2240,11:22:01,19.6,403767,206,卖盘
2241,11:22:04,19.6,182340,93,卖盘
2242,11:22:07,19.6,127417,65,卖盘
2243,11:22:10,19.6,145079,74,卖盘
2244,11:22:13,19.6,250834,128,卖盘
2245,11:22:16,19.6,303800,155,买盘
2246,11:22:19,19.6,129360,66,买盘
2247,11:22:22,19.6,407680,208,买盘
2248,11:22:25,19.59,84279,43,卖盘
2249,11:22:28,19.6,27439,14,买盘
2250,11:22:31,19.6,86239,44,买盘
2251,11:22:34,19.59,103859,53,卖盘
2252,11:22:37,19.6,162633,83,买盘
2253,11:22:40,19.59,1072118,547,卖盘
2254,11:22:43,19.6,313647,160,买盘
2255,11:22:46,19.6,96064,49,买盘
2256,11:22:49,19.6,143089,73,买盘
2257,11:22:52,19.6,49012,25,中性盘
2258,11:22:55,19.6,137200,70,买盘
2259,11:22:58,19.61,21571,11,买盘
2260,11:23:01,19.6,13722,7,卖盘
2261,11:23:04,19.61,1961,1,买盘
2262,11:23:07,19.6,362656,185,卖盘
2263,11:23:10,19.61,149002,76,买盘
2264,11:23:13,19.6,139173,71,卖盘
2265,11:23:16,19.61,49023,25,买盘
2266,11:23:19,19.6,107810,55,卖盘
2267,11:23:22,19.6,27450,14,卖盘
2268,11:23:25,19.6,468542,239,卖盘
2269,11:23:28,19.6,262707,134,卖盘
2270,11:23:31,19.6,47062,24,卖盘
2271,11:23:34,19.6,264607,135,卖盘
2272,11:23:37,19.6,227434,116,卖盘
2273,11:23:40,19.6,192146,98,卖盘
2274,11:23:43,19.6,147017,75,卖盘
2275,11:23:46,19.6,121537,62,卖盘
2276,11:23:49,19.6,47062,24,卖盘
2277,11:23:52,19.61,129376,66,买盘
2278,11:23:55,19.6,131336,67,卖盘
2279,11:23:58,19.6,156822,80,卖盘
2280,11:24:01,19.6,444955,227,卖盘
2281,11:24:04,19.6,454698,232,卖盘
2282,11:24:07,19.6,997456,509,买盘
2283,11:24:10,19.6,239120,122,买盘
2284,11:24:13,19.6,109760,56,买盘
2285,11:24:16,19.6,407680,208,买盘
2286,11:24:19,19.6,870240,444,买盘
2287,11:24:22,19.61,160798,82,买盘
2288,11:24:25,19.61,129410,66,买盘
2289,11:24:28,19.6,172505,88,卖盘
2290,11:24:31,19.61,29415,15,买盘
2291,11:24:34,19.61,276399,141,买盘
2292,11:24:37,19.6,211723,108,卖盘
2293,11:24:40,19.6,2090492,1067,卖盘
2294,11:24:43,19.6,791919,404,买盘
2295,11:24:46,19.6,360640,184,买盘
2296,11:24:49,19.6,145040,74,买盘
2297,11:24:52,19.59,276262,141,卖盘
2298,11:24:55,19.59,168500,86,卖盘
2299,11:24:58,19.59,209641,107,卖盘
2300,11:25:01,19.6,395768,202,买盘
2301,11:25:04,19.59,101913,52,卖盘
2302,11:25:07,19.59,611419,312,卖盘
2303,11:25:10,19.59,154815,79,卖盘
2304,11:25:13,19.59,31357,16,卖盘
2305,11:25:16,19.6,101886,52,买盘
2306,11:25:19,19.59,47038,24,卖盘
2307,11:25:22,19.6,213541,109,买盘
2308,11:25:25,19.6,203771,104,买盘
2309,11:25:28,19.6,184189,94,买盘
2310,11:25:31,19.59,135202,69,卖盘
2311,11:25:34,19.59,164568,84,卖盘
2312,11:25:37,19.6,289964,148,买盘
2313,11:25:40,19.59,258665,132,卖盘
2314,11:25:43,19.59,707222,361,卖盘
2315,11:25:46,19.6,219484,112,买盘
2316,11:25:49,19.6,68590,35,买盘
2317,11:25:52,19.58,231149,118,卖盘
2318,11:25:55,19.59,78381,40,卖盘
2319,11:25:58,19.59,193876,99,中性盘
2320,11:26:01,19.59,268421,137,卖盘
2321,11:26:04,19.58,186081,95,卖盘
2322,11:26:07,19.58,1529215,781,卖盘
2323,11:26:10,19.58,914318,467,买盘
2324,11:26:13,19.58,700706,358,买盘
2325,11:26:16,19.57,346476,177,卖盘
2326,11:26:19,19.57,559733,286,卖盘
2327,11:26:22,19.57,377646,193,买盘
2328,11:26:25,19.56,172174,88,卖盘
2329,11:26:28,19.56,268029,137,卖盘
2330,11:26:31,19.56,1187349,607,卖盘
2331,11:26:34,19.56,483237,247,卖盘
2332,11:26:37,19.57,287679,147,买盘
2333,11:26:40,19.56,86090,44,卖盘
2334,11:26:43,19.56,2482177,1269,卖盘
2335,11:26:46,19.57,1097828,561,买盘
2336,11:26:49,19.57,847269,433,买盘
2337,11:26:52,19.57,1160440,593,买盘
2338,11:26:55,19.58,3744087,1914,买盘
2339,11:26:58,19.58,681904,348,买盘
2340,11:27:01,19.58,268252,137,买盘
2341,11:27:04,19.57,643889,329,卖盘
2342,11:27:07,19.56,536055,274,卖盘
2343,11:27:10,19.56,162395,83,卖盘
2344,11:27:13,19.55,995284,509,卖盘
2345,11:27:16,19.56,1005102,514,中性盘
2346,11:27:19,19.56,180039,92,卖盘
2347,11:27:22,19.56,768794,393,卖盘
2348,11:27:25,19.56,804108,411,买盘
2349,11:27:28,19.56,993836,508,买盘
2350,11:27:31,19.56,289567,148,卖盘
2351,11:27:34,19.56,82180,42,卖盘
2352,11:27:37,19.56,365779,187,卖盘
2353,11:27:40,19.55,430222,220,卖盘
2354,11:27:43,19.56,172164,88,中性盘
2355,11:27:46,19.56,154579,79,卖盘
2356,11:27:49,19.56,103684,53,卖盘
2357,11:27:52,19.57,285686,146,买盘
2358,11:27:55,19.56,115431,59,卖盘
2359,11:27:58,19.56,43043,22,卖盘
2360,11:28:01,19.56,103686,53,卖盘
2361,11:28:04,19.56,109545,56,卖盘
2362,11:28:07,19.56,134983,69,卖盘
2363,11:28:10,19.56,101727,52,卖盘
2364,11:28:13,19.56,35216,18,卖盘
2365,11:28:16,19.56,535948,274,卖盘
2366,11:28:19,19.56,367774,188,卖盘
2367,11:28:22,19.56,207397,106,卖盘
2368,11:28:25,19.56,221054,113,卖盘
2369,11:28:28,19.56,389405,199,卖盘
2370,11:28:31,19.57,275939,141,买盘
2371,11:28:34,19.57,201574,103,卖盘
2372,11:28:37,19.57,287699,147,卖盘
2373,11:28:40,19.57,553858,283,卖盘
2374,11:28:43,19.56,663390,339,卖盘
2375,11:28:46,19.57,319021,163,买盘
2376,11:28:49,19.57,174214,89,买盘
2377,11:28:52,19.56,358019,183,卖盘
2378,11:28:55,19.56,449920,230,卖盘
2379,11:28:58,19.57,313143,160,中性盘
2380,11:29:01,19.56,416684,213,卖盘
2381,11:29:04,19.56,244610,125,卖盘
2382,11:29:07,19.56,279798,143,卖盘
2383,11:29:10,19.59,254439,130,买盘
2384,11:29:13,19.57,395360,202,卖盘
2385,11:29:16,19.58,137039,70,买盘
2386,11:29:19,19.57,105706,54,卖盘
2387,11:29:22,19.57,119394,61,卖盘
2388,11:29:25,19.57,170334,87,卖盘
2389,11:29:28,19.57,270142,138,卖盘
2390,11:29:31,19.58,140991,72,中性盘
2391,11:29:34,19.59,66585,34,买盘
2392,11:29:37,19.58,54835,28,中性盘
2393,11:29:40,19.59,74395,38,买盘
2394,11:29:43,19.59,426835,218,买盘
2395,11:29:46,19.58,250662,128,卖盘
2396,11:29:49,19.57,371989,190,卖盘
2397,11:29:52,19.59,127304,65,买盘
2398,11:29:55,19.58,60709,31,卖盘
2399,11:29:58,19.57,140944,72,卖盘
2400,11:30:01,19.58,125300,64,买盘
2401,13:00:01,19.59,189914,97,买盘
2402,13:00:04,19.59,3619820,1849,买盘
2403,13:00:07,19.58,1970177,1006,卖盘
2404,13:00:10,19.59,1741501,889,买盘
2405,13:00:13,19.58,2264285,1156,卖盘
2406,13:00:16,19.59,2232832,1140,买盘
2407,13:00:19,19.58,1037934,530,卖盘
2408,13:00:22,19.58,199716,102,买盘
2409,13:00:25,19.57,107674,55,卖盘
2410,13:00:28,19.57,1152687,589,卖盘
2411,13:00:31,19.57,1379787,705,卖盘
2412,13:00:34,19.56,332779,170,卖盘
2413,13:00:37,19.57,549703,281,买盘
2414,13:00:40,19.57,138987,71,买盘
2415,13:00:43,19.56,29351,15,卖盘
2416,13:00:46,19.56,82159,42,卖盘
2417,13:00:49,19.56,97818,50,卖盘
2418,13:00:52,19.56,1206862,617,卖盘
2419,13:00:55,19.55,1120326,573,卖盘
2420,13:00:58,19.55,721492,369,卖盘
2421,13:01:01,19.56,234720,120,买盘
2422,13:01:04,19.55,2152492,1101,卖盘
2423,13:01:07,19.56,1171415,599,买盘
2424,13:01:10,19.55,997411,510,卖盘
2425,13:01:13,19.56,653156,334,中性盘
2426,13:01:16,19.56,313054,160,卖盘
2427,13:01:19,19.56,1071750,548,卖盘
2428,13:01:22,19.57,782743,400,买盘
2429,13:01:25,19.56,768842,393,卖盘
2430,13:01:28,19.57,491099,251,买盘
2431,13:01:31,19.57,675344,345,卖盘
2432,13:01:34,19.58,781107,399,买盘
2433,13:01:37,19.59,505410,258,买盘
2434,13:01:40,19.59,720853,368,买盘
2435,13:01:43,19.58,426942,218,卖盘
2436,13:01:46,19.59,434761,222,买盘
2437,13:01:49,19.59,397679,203,卖盘
2438,13:01:52,19.6,348733,178,买盘
2439,13:01:55,19.59,137160,70,中性盘
2440,13:01:58,19.61,2538162,1295,买盘
2441,13:02:01,19.61,1504351,767,买盘
2442,13:02:04,19.6,821655,419,卖盘
2443,13:02:07,19.61,237352,121,中性盘
2444,13:02:10,19.6,570582,291,卖盘
2445,13:02:13,19.6,145040,74,买盘
2446,13:02:16,19.6,105809,54,买盘
2447,13:02:19,19.59,264536,135,卖盘
2448,13:02:22,19.59,239041,122,卖盘
2449,13:02:25,19.6,813013,415,买盘
2450,13:02:28,19.59,301726,154,中性盘
2451,13:02:31,19.59,150810,77,买盘
2452,13:02:34,19.58,1333427,681,卖盘
2453,13:02:37,19.59,871693,445,买盘
2454,13:02:40,19.58,425032,217,卖盘
2455,13:02:43,19.58,276147,141,卖盘
2456,13:02:46,19.57,327144,167,卖盘
2457,13:02:49,19.57,250737,128,卖盘
2458,13:02:52,19.57,344605,176,卖盘
2459,13:02:55,19.57,309321,158,卖盘
2460,13:02:58,19.58,148853,76,卖盘
2461,13:03:01,19.59,58759,30,买盘
2462,13:03:04,19.59,56807,29,买盘
2463,13:03:07,19.59,86174,44,中性盘
2464,13:03:10,19.59,11754,6,买盘
2465,13:03:13,19.59,9793,5,买盘
2466,13:03:16,19.59,360440,184,买盘
2467,13:03:19,19.58,229117,117,卖盘
2468,13:03:22,19.59,97949,50,买盘
2469,13:03:25,19.59,82271,42,买盘
2470,13:03:28,19.59,90121,46,卖盘
2471,13:03:31,19.58,493768,252,卖盘
2472,13:03:34,19.59,240973,123,买盘
2473,13:03:37,19.59,156718,80,卖盘
2474,13:03:40,19.59,152778,78,中性盘
2475,13:03:43,19.59,520921,266,买盘
2476,13:03:46,19.58,205690,105,卖盘
2477,13:03:49,19.59,274290,140,卖盘
2478,13:03:52,19.6,94058,48,买盘
2479,13:03:55,19.6,58798,30,买盘
2480,13:03:58,19.58,444677,227,卖盘
2481,13:04:01,19.59,311433,159,买盘
2482,13:04:04,19.59,3502832,1789,买盘
2483,13:04:07,19.58,624901,319,买盘
2484,13:04:10,19.57,397333,203,卖盘
2485,13:04:13,19.58,522567,267,买盘
2486,13:04:16,19.58,473675,242,买盘
2487,13:04:19,19.57,117469,60,卖盘
2488,13:04:22,19.58,1011783,517,买盘
2489,13:04:25,19.58,405194,207,买盘
2490,13:04:28,19.57,334780,171,卖盘
2491,13:04:31,19.57,252514,129,卖盘
2492,13:04:34,19.57,322958,165,卖盘
2493,13:04:37,19.57,258353,132,卖盘
2494,13:04:40,19.58,92005,47,买盘
2495,13:04:43,19.57,111558,57,卖盘
2496,13:04:46,19.56,706163,361,卖盘
2497,13:04:49,19.57,272033,139,买盘
2498,13:04:52,19.57,258286,132,卖盘
2499,13:04:55,19.56,209319,107,卖盘
2500,13:04:58,19.57,506828,259,买盘
2501,13:05:01,19.57,221237,113,卖盘
2502,13:05:04,19.57,211436,108,卖盘
2503,13:05:07,19.57,164406,84,卖盘
2504,13:05:10,19.56,207410,106,卖盘
2505,13:05:13,19.57,307249,157,买盘
2506,13:05:16,19.58,1000311,511,买盘
2507,13:05:19,19.58,250711,128,卖盘
2508,13:05:22,19.57,528790,270,卖盘
2509,13:05:25,19.59,141019,72,买盘
2510,13:05:28,19.58,152680,78,卖盘
2511,13:05:31,19.57,326888,167,卖盘
2512,13:05:34,19.57,428639,219,卖盘
2513,13:05:37,19.58,338587,173,买盘
2514,13:05:40,19.58,213326,109,买盘
2515,13:05:43,19.57,279897,143,卖盘
2516,13:05:46,19.58,428776,219,买盘
2517,13:05:49,19.57,97918,50,卖盘
2518,13:05:52,19.58,184001,94,买盘
2519,13:05:55,19.57,413105,211,卖盘
2520,13:05:58,19.57,399284,204,卖盘
2521,13:06:01,19.58,810720,414,买盘
2522,13:06:04,19.58,238959,122,买盘
2523,13:06:07,19.59,41139,21,买盘
2524,13:06:10,19.59,121455,62,买盘
2525,13:06:13,19.58,129256,66,卖盘
2526,13:06:16,19.58,352453,180,卖盘
2527,13:06:19,19.58,109648,56,买盘
2528,13:06:22,19.58,299574,153,买盘
2529,13:06:25,19.58,109651,56,买盘
2530,13:06:28,19.57,653925,334,卖盘
2531,13:06:31,19.57,322975,165,卖盘
2532,13:06:34,19.57,215299,110,卖盘
2533,13:06:37,19.58,244670,125,买盘
2534,13:06:40,19.58,2028487,1036,买盘
2535,13:06:43,19.58,566002,289,买盘
2536,13:06:46,19.58,168437,86,卖盘
2537,13:06:49,19.58,43094,22,卖盘
2538,13:06:52,19.58,41122,21,卖盘
2539,13:06:55,19.58,54832,28,卖盘
2540,13:06:58,19.58,35250,18,卖盘
2541,13:07:01,19.59,432923,221,买盘
2542,13:07:04,19.58,203695,104,卖盘
2543,13:07:07,19.58,131214,67,卖盘
2544,13:07:10,19.59,117528,60,买盘
2545,13:07:13,19.59,176256,90,买盘
2546,13:07:16,19.59,133180,68,买盘
2547,13:07:19,19.59,141009,72,买盘
2548,13:07:22,19.59,109673,56,买盘
2549,13:07:25,19.59,60716,31,买盘
2550,13:07:28,19.59,92052,47,买盘
2551,13:07:31,19.58,660155,337,卖盘
2552,13:07:34,19.58,229199,117,卖盘
2553,13:07:37,19.59,84237,43,买盘
2554,13:07:40,19.59,37221,19,买盘
2555,13:07:43,19.58,199726,102,卖盘
2556,13:07:46,19.58,172334,88,卖盘
2557,13:07:49,19.59,95991,49,买盘
2558,13:07:52,19.58,125374,64,卖盘
2559,13:07:55,19.59,74429,38,买盘
2560,13:07:58,19.58,35260,18,卖盘
2561,13:08:01,19.59,472119,241,买盘
2562,13:08:04,19.58,88151,45,卖盘
2563,13:08:07,19.59,115577,59,买盘
2564,13:08:10,19.58,39170,20,卖盘
2565,13:08:13,19.58,119496,61,卖盘
2566,13:08:16,19.58,201742,103,卖盘
2567,13:08:19,19.58,105761,54,卖盘
2568,13:08:22,19.59,117490,60,买盘
2569,13:08:25,19.59,223232,114,买盘
2570,13:08:28,19.59,58770,30,买盘
2571,13:08:31,19.59,56798,29,买盘
2572,13:08:34,19.59,19590,10,买盘
2573,13:08:37,19.59,58758,30,买盘
2574,13:08:40,19.59,13713,7,买盘
2575,13:08:43,19.58,50911,26,卖盘
2576,13:08:46,19.59,60714,31,买盘
2577,13:08:49,19.59,211470,108,买盘
2578,13:08:52,19.58,60717,31,卖盘
2579,13:08:55,19.58,213508,109,卖盘
2580,13:08:58,19.59,327153,167,买盘
2581,13:09:01,19.59,697236,356,买盘
2582,13:09:04,19.59,227210,116,买盘
2583,13:09:07,19.58,88134,45,卖盘
2584,13:09:10,19.59,497380,254,买盘
2585,13:09:13,19.59,115578,59,买盘
2586,13:09:16,19.58,170356,87,卖盘
2587,13:09:19,19.58,64629,33,卖盘
2588,13:09:22,19.58,50915,26,卖盘
2589,13:09:25,19.59,11754,6,买盘
2590,13:09:28,19.58,248773,127,卖盘
2591,13:09:31,19.59,176296,90,买盘
2592,13:09:34,19.59,133194,68,买盘
2593,13:09:37,19.59,101853,52,买盘
2594,13:09:40,19.58,170393,87,卖盘
2595,13:09:43,19.59,86183,44,买盘
2596,13:09:46,19.58,90087,46,卖盘
2597,13:09:49,19.59,82246,42,买盘
2598,13:09:52,19.59,92059,47,买盘
2599,13:09:55,19.58,182109,93,卖盘
2600,13:09:58,19.58,50924,26,卖盘
2601,13:10:01,19.6,2161282,1103,买盘
2602,13:10:04,19.59,3563718,1818,卖盘
2603,13:10:07,19.6,1179960,602,买盘
2604,13:10:10,19.61,276462,141,买盘
2605,13:10:13,19.6,309768,158,卖盘
2606,13:10:16,19.61,127455,65,买盘
2607,13:10:19,19.6,62732,32,卖盘
2608,13:10:22,19.61,45103,23,买盘
2609,13:10:25,19.6,207777,106,卖盘
2610,13:10:28,19.6,94099,48,卖盘
2611,13:10:31,19.6,348890,178,卖盘
2612,13:10:34,19.6,256760,131,买盘
2613,13:10:37,19.6,186170,95,买盘
2614,13:10:40,19.6,170506,87,买盘
2615,13:10:43,19.6,96039,49,买盘
2616,13:10:46,19.6,90139,46,买盘
2617,13:10:49,19.6,192073,98,买盘
2618,13:10:52,19.59,43119,22,卖盘
2619,13:10:55,19.59,37239,19,卖盘
2620,13:10:58,19.6,58790,30,买盘
2621,13:11:01,19.6,43120,22,买盘
2622,13:11:04,19.59,33319,17,卖盘
2623,13:11:07,19.6,139141,71,买盘
2624,13:11:10,19.6,430994,220,买盘
2625,13:11:13,19.59,94068,48,卖盘
2626,13:11:16,19.6,125434,64,买盘
2627,13:11:19,19.59,605348,309,卖盘
2628,13:11:22,19.59,1611929,823,卖盘
2629,13:11:25,19.58,350617,179,卖盘
2630,13:11:28,19.59,107745,55,买盘
2631,13:11:31,19.58,21548,11,卖盘
2632,13:11:34,19.59,1001039,511,买盘
2633,13:11:37,19.58,188061,96,卖盘
2634,13:11:40,19.58,45056,23,卖盘
2635,13:11:43,19.58,1217899,622,卖盘
2636,13:11:46,19.59,262501,134,买盘
2637,13:11:49,19.58,164503,84,卖盘
2638,13:11:52,19.58,47007,24,卖盘
2639,13:11:55,19.58,35247,18,卖盘
2640,13:11:58,19.58,170349,87,卖盘
2641,13:12:01,19.58,452312,231,卖盘
2642,13:12:04,19.57,109645,56,卖盘
2643,13:12:07,19.58,90043,46,买盘
2644,13:12:10,19.57,46977,24,卖盘
2645,13:12:13,19.58,41106,21,买盘
2646,13:12:16,19.58,25454,13,买盘
2647,13:12:19,19.57,11747,6,卖盘
2648,13:12:22,19.58,56759,29,买盘
2649,13:12:25,19.58,9790,5,买盘
2650,13:12:28,19.57,33270,17,卖盘
2651,13:12:31,19.58,58724,30,买盘
2652,13:12:34,19.57,70457,36,卖盘
2653,13:12:37,19.57,27408,14,卖盘
2654,13:12:40,19.58,275955,141,买盘
2655,13:12:43,19.58,178135,91,买盘
2656,13:12:46,19.58,229054,117,买盘
2657,13:12:49,19.57,70473,36,卖盘
2658,13:12:52,19.58,86136,44,买盘
2659,13:12:55,19.58,66572,34,买盘
2660,13:12:58,19.58,88082,45,买盘
2661,13:13:01,19.58,46978,24,买盘
2662,13:13:04,19.58,714470,365,买盘
2663,13:13:07,19.58,871310,445,买盘
2664,13:13:10,19.58,477751,244,买盘
2665,13:13:13,19.58,95980,49,卖盘
2666,13:13:16,19.59,207646,106,买盘
2667,13:13:19,19.59,37221,19,买盘
2668,13:13:22,19.59,9795,5,买盘
2669,13:13:25,19.59,33289,17,买盘
2670,13:13:28,19.58,305458,156,卖盘
2671,13:13:31,19.58,103799,53,卖盘
2672,13:13:34,19.58,561954,287,卖盘
2673,13:13:37,19.58,477575,244,买盘
2674,13:13:40,19.57,137035,70,卖盘
2675,13:13:43,19.58,19580,10,买盘
2676,13:13:46,19.58,84178,43,买盘
2677,13:13:49,19.57,125286,64,卖盘
2678,13:13:52,19.58,66571,34,买盘
2679,13:13:55,19.58,368089,188,买盘
2680,13:13:58,19.57,223198,114,卖盘
2681,13:14:01,19.58,187949,96,买盘
2682,13:14:04,19.58,910434,465,买盘
2683,13:14:07,19.58,188043,96,卖盘
2684,13:14:10,19.58,109649,56,卖盘
2685,13:14:13,19.57,56761,29,卖盘
2686,13:14:16,19.58,23496,12,买盘
2687,13:14:19,19.57,268212,137,卖盘
2688,13:14:22,19.58,54824,28,买盘
2689,13:14:25,19.58,58717,30,买盘
2690,13:14:28,19.58,58740,30,买盘
2691,13:14:31,19.58,115522,59,买盘
2692,13:14:34,19.58,82217,42,买盘
2693,13:14:37,19.57,164413,84,卖盘
2694,13:14:40,19.58,39159,20,买盘
2695,13:14:43,19.58,107676,55,买盘
2696,13:14:46,19.57,95936,49,卖盘
2697,13:14:49,19.58,60684,31,买盘
2698,13:14:52,19.58,68503,35,买盘
2699,13:14:55,19.57,101791,52,卖盘
2700,13:14:58,19.57,29368,15,卖盘
2701,13:15:01,19.57,405101,207,卖盘
2702,13:15:04,19.57,418861,214,卖盘
2703,13:15:07,19.57,596941,305,卖盘
2704,13:15:10,19.57,463879,237,卖盘
2705,13:15:13,19.57,436450,223,卖盘
2706,13:15:16,19.57,1115321,570,卖盘
2707,13:15:19,19.57,385523,197,买盘
2708,13:15:22,19.57,125219,64,买盘
2709,13:15:25,19.57,152616,78,买盘
2710,13:15:28,19.57,538122,275,买盘
2711,13:15:31,19.58,172267,88,买盘
2712,13:15:34,19.58,78320,40,买盘
2713,13:15:37,19.57,35232,18,卖盘
2714,13:15:40,19.58,37202,19,买盘
2715,13:15:43,19.57,48929,25,卖盘
2716,13:15:46,19.57,64585,33,卖盘
2717,13:15:49,19.57,60682,31,卖盘
2718,13:15:52,19.58,117450,60,买盘
2719,13:15:55,19.57,99817,51,卖盘
2720,13:15:58,19.57,283778,145,卖盘
2721,13:16:01,19.57,596761,305,卖盘
2722,13:16:04,19.57,334655,171,卖盘
2723,13:16:07,19.57,123319,63,卖盘
2724,13:16:10,19.58,84161,43,买盘
2725,13:16:13,19.57,66552,34,卖盘
2726,13:16:16,19.57,82203,42,卖盘
2727,13:16:19,19.57,60674,31,卖盘
2728,13:16:22,19.57,142869,73,卖盘
2729,13:16:25,19.56,150674,77,卖盘
2730,13:16:28,19.57,156602,80,卖盘
2731,13:16:31,19.56,86103,44,卖盘
2732,13:16:34,19.57,50881,26,买盘
2733,13:16:37,19.57,248537,127,买盘
2734,13:16:40,19.56,469482,240,卖盘
2735,13:16:43,19.57,86108,44,买盘
2736,13:16:46,19.56,13698,7,卖盘
2737,13:16:49,19.57,88034,45,买盘
2738,13:16:52,19.56,172198,88,卖盘
2739,13:16:55,19.57,25441,13,买盘
2740,13:16:58,19.56,326657,167,卖盘
2741,13:17:01,19.57,101750,52,买盘
2742,13:17:04,19.56,41085,21,卖盘
2743,13:17:07,19.56,690471,353,卖盘
2744,13:17:10,19.57,195696,100,买盘
2745,13:17:13,19.56,181924,93,卖盘
2746,13:17:16,19.56,279836,143,卖盘
2747,13:17:19,19.57,68492,35,买盘
2748,13:17:22,19.56,222989,114,卖盘
2749,13:17:25,19.57,113483,58,买盘
2750,13:17:28,19.57,74349,38,买盘
2751,13:17:31,19.56,48911,25,卖盘
2752,13:17:34,19.57,19569,10,买盘
2753,13:17:37,19.56,119323,61,卖盘
2754,13:17:40,19.56,74340,38,卖盘
2755,13:17:43,19.57,58709,30,买盘
2756,13:17:46,19.56,111524,57,卖盘
2757,13:17:49,19.57,19570,10,买盘
2758,13:17:52,19.56,33255,17,卖盘
2759,13:17:55,19.56,99781,51,卖盘
2760,13:17:58,19.56,54782,28,卖盘
2761,13:18:01,19.56,39125,20,卖盘
2762,13:18:04,19.57,5871,3,买盘
2763,13:18:07,19.56,207384,106,卖盘
2764,13:18:10,19.57,56744,29,买盘
2765,13:18:13,19.57,7828,4,买盘
2766,13:18:16,19.57,185862,95,买盘
2767,13:18:19,19.57,181929,93,买盘
2768,13:18:22,19.56,60657,31,卖盘
2769,13:18:25,19.57,303318,155,买盘
2770,13:18:28,19.57,144793,74,买盘
2771,13:18:31,19.57,136990,70,买盘
2772,13:18:34,19.57,82173,42,买盘
2773,13:18:37,19.57,142831,73,买盘
2774,13:18:40,19.57,89993,46,买盘
2775,13:18:43,19.57,62607,32,买盘
2776,13:18:46,19.56,29345,15,卖盘
2777,13:18:49,19.57,475464,243,买盘
2778,13:18:52,19.56,117403,60,卖盘
2779,13:18:55,19.57,17613,9,买盘
2780,13:18:58,19.56,64550,33,卖盘
2781,13:19:01,19.56,99793,51,卖盘
2782,13:19:04,19.56,46966,24,卖盘
2783,13:19:07,19.57,377529,193,买盘
2784,13:19:10,19.56,103699,53,卖盘
2785,13:19:13,19.56,97833,50,卖盘
2786,13:19:16,19.57,56742,29,买盘
2787,13:19:19,19.56,62613,32,卖盘
2788,13:19:22,19.56,316998,162,卖盘
2789,13:19:25,19.57,72408,37,买盘
2790,13:19:28,19.56,25440,13,卖盘
2791,13:19:31,19.57,101750,52,买盘
2792,13:19:34,19.57,19570,10,买盘
2793,13:19:37,19.57,39128,20,买盘
2794,13:19:40,19.56,95872,49,卖盘
2795,13:19:43,19.57,46958,24,买盘
2796,13:19:46,19.57,133065,68,买盘
2797,13:19:49,19.56,111503,57,卖盘
2798,13:19:52,19.57,74345,38,买盘
2799,13:19:55,19.56,54774,28,卖盘
2800,13:19:58,19.56,35213,18,卖盘
2801,13:20:01,19.57,191692,98,买盘
2802,13:20:04,19.56,434248,222,卖盘
2803,13:20:07,19.56,800039,409,卖盘
2804,13:20:10,19.56,2098854,1073,卖盘
2805,13:20:13,19.56,794308,406,卖盘
2806,13:20:16,19.56,199582,102,卖盘
2807,13:20:19,19.56,164387,84,卖盘
2808,13:20:22,19.56,56738,29,卖盘
2809,13:20:25,19.57,125216,64,买盘
2810,13:20:28,19.57,50872,26,买盘
2811,13:20:31,19.56,52823,27,卖盘
2812,13:20:34,19.56,19564,10,卖盘
2813,13:20:37,19.56,414680,212,卖盘
2814,13:20:40,19.57,187862,96,买盘
2815,13:20:43,19.56,58695,30,卖盘
2816,13:20:46,19.56,84113,43,卖盘
2817,13:20:49,19.57,21522,11,买盘
2818,13:20:52,19.56,238636,122,卖盘
2819,13:20:55,19.56,121297,62,卖盘
2820,13:20:58,19.57,60657,31,买盘
2821,13:21:01,19.56,138882,71,卖盘
2822,13:21:04,19.56,58691,30,卖盘
2823,13:21:07,19.56,557691,285,卖盘
2824,13:21:10,19.57,1080049,552,买盘
2825,13:21:13,19.57,2775024,1418,买盘
2826,13:21:16,19.57,796499,407,买盘
2827,13:21:19,19.58,546271,279,买盘
2828,13:21:22,19.58,199716,102,买盘
2829,13:21:25,19.57,2058041,1052,卖盘
2830,13:21:28,19.57,438537,224,卖盘
2831,13:21:31,19.58,86152,44,买盘
2832,13:21:34,19.57,19577,10,卖盘
2833,13:21:37,19.58,29356,15,买盘
2834,13:21:40,19.58,311195,159,买盘
2835,13:21:43,19.58,50908,26,买盘
2836,13:21:46,19.58,82205,42,买盘
2837,13:21:49,19.58,84180,43,买盘
2838,13:21:52,19.58,13706,7,买盘
2839,13:21:55,19.57,58720,30,卖盘
2840,13:21:58,19.57,99832,51,卖盘
2841,13:22:01,19.58,21537,11,买盘
2842,13:22:04,19.57,211363,108,卖盘
2843,13:22:07,19.57,774989,396,卖盘
2844,13:22:10,19.56,193719,99,卖盘
2845,13:22:13,19.57,140894,72,买盘
2846,13:22:16,19.56,127154,65,卖盘
2847,13:22:19,19.57,95867,49,买盘
2848,13:22:22,19.57,46968,24,买盘
2849,13:22:25,19.56,146751,75,卖盘
2850,13:22:28,19.57,23484,12,买盘
2851,13:22:31,19.56,111499,57,卖盘
2852,13:22:34,19.57,64579,33,买盘
2853,13:22:37,19.57,44998,23,买盘
2854,13:22:40,19.57,7828,4,买盘
2855,13:22:43,19.57,1900234,971,买盘
2856,13:22:46,19.57,379814,194,卖盘
2857,13:22:49,19.57,107667,55,卖盘
2858,13:22:52,19.58,33278,17,买盘
2859,13:22:55,19.57,9789,5,卖盘
2860,13:22:58,19.57,33274,17,卖盘
2861,13:23:01,19.58,60681,31,买盘
2862,13:23:04,19.58,138953,71,买盘
2863,13:23:07,19.58,728016,372,买盘
2864,13:23:10,19.58,117480,60,买盘
2865,13:23:13,19.57,52848,27,卖盘
2866,13:23:16,19.58,111579,57,买盘
2867,13:23:19,19.57,610895,312,卖盘
2868,13:23:22,19.57,150740,77,卖盘
2869,13:23:25,19.57,164426,84,卖盘
2870,13:23:28,19.57,1822429,931,卖盘
2871,13:23:31,19.58,301532,154,买盘
2872,13:23:34,19.58,109623,56,买盘
2873,13:23:37,19.58,129185,66,买盘
2874,13:23:40,19.58,152664,78,买盘
2875,13:23:43,19.58,183992,94,买盘
2876,13:23:46,19.58,74387,38,买盘
2877,13:23:49,19.58,140923,72,买盘
2878,13:23:52,19.58,54824,28,买盘
2879,13:23:55,19.58,13706,7,买盘
2880,13:23:58,19.57,90066,46,卖盘
2881,13:24:01,19.58,131186,67,买盘
2882,13:24:04,19.57,119424,61,卖盘
2883,13:24:07,19.58,68519,35,买盘
2884,13:24:10,19.58,11748,6,买盘
2885,13:24:13,19.58,37188,19,买盘
2886,13:24:16,19.57,52843,27,卖盘
2887,13:24:19,19.58,86152,44,买盘
2888,13:24:22,19.57,645818,330,卖盘
2889,13:24:25,19.57,137043,70,卖盘
2890,13:24:28,19.57,238791,122,卖盘
2891,13:24:31,19.58,37202,19,买盘
2892,13:24:34,19.58,5874,3,买盘
2893,13:24:37,19.57,168327,86,卖盘
2894,13:24:40,19.57,66552,34,卖盘
2895,13:24:43,19.57,183965,94,卖盘
2896,13:24:46,19.57,64596,33,卖盘
2897,13:24:49,19.58,99814,51,买盘
2898,13:24:52,19.58,109617,56,买盘
2899,13:24:55,19.57,48935,25,卖盘
2900,13:24:58,19.58,50898,26,买盘
2901,13:25:01,19.57,58720,30,卖盘
2902,13:25:04,19.58,48950,25,买盘
2903,13:25:07,19.58,56768,29,买盘
2904,13:25:10,19.57,64591,33,卖盘
2905,13:25:13,19.58,31328,16,买盘
2906,13:25:16,19.57,43056,22,卖盘
2907,13:25:19,19.57,31317,16,卖盘
2908,13:25:22,19.58,236823,121,买盘
2909,13:25:25,19.59,2625679,1341,买盘
2910,13:25:28,19.58,364337,186,卖盘
2911,13:25:31,19.58,54851,28,卖盘
2912,13:25:34,19.58,121399,62,卖盘
2913,13:25:37,19.59,139070,71,买盘
2914,13:25:40,19.58,133170,68,卖盘
2915,13:25:43,19.58,456215,233,卖盘
2916,13:25:46,19.58,274160,140,卖盘
2917,13:25:49,19.58,74387,38,买盘
2918,13:25:52,19.58,219286,112,买盘
2919,13:25:55,19.58,1958,1,买盘
2920,13:25:58,19.58,99844,51,买盘
2921,13:26:01,19.57,103726,53,卖盘
2922,13:26:04,19.58,264250,135,买盘
2923,13:26:07,19.58,19575,10,买盘
2924,13:26:13,19.57,72412,37,卖盘
2925,13:26:16,19.57,146795,75,卖盘
2926,13:26:19,19.58,64613,33,买盘
2927,13:26:22,19.58,101770,52,买盘
2928,13:26:25,19.57,25442,13,卖盘
2929,13:26:28,19.57,52839,27,卖盘
2930,13:26:31,19.57,737789,377,卖盘
2931,13:26:34,19.56,1533510,784,卖盘
2932,13:26:37,19.56,164368,84,卖盘
2933,13:26:40,19.56,88031,45,卖盘
2934,13:26:43,19.56,31296,16,卖盘
2935,13:26:46,19.57,328773,168,买盘
2936,13:26:49,19.57,95873,49,买盘
2937,13:26:52,19.57,31297,16,买盘
2938,13:26:55,19.57,1957,1,买盘
2939,13:26:58,19.57,221141,113,买盘
2940,13:27:01,19.57,72382,37,买盘
2941,13:27:04,19.56,33258,17,卖盘
2942,13:27:07,19.57,21526,11,买盘
2943,13:27:10,19.56,123261,63,卖盘
2944,13:27:13,19.56,46945,24,卖盘
2945,13:27:16,19.57,15655,8,买盘
2946,13:27:19,19.56,144769,74,卖盘
2947,13:27:22,19.56,7825,4,卖盘
2948,13:27:25,19.57,46953,24,买盘
2949,13:27:28,19.57,127188,65,买盘
2950,13:27:31,19.57,60648,31,买盘
2951,13:27:34,19.57,158465,81,买盘
2952,13:27:37,19.56,58684,30,卖盘
2953,13:27:40,19.56,58680,30,卖盘
2954,13:27:43,19.56,174098,89,卖盘
2955,13:27:46,19.57,58708,30,买盘
2956,13:27:49,19.56,43034,22,卖盘
2957,13:27:52,19.56,5868,3,卖盘
2958,13:27:55,19.56,86064,44,卖盘
2959,13:27:58,19.56,82178,42,卖盘
2960,13:28:01,19.56,495098,253,卖盘
2961,13:28:04,19.56,138878,71,卖盘
2962,13:28:07,19.56,50865,26,卖盘
2963,13:28:10,19.56,82155,42,卖盘
2964,13:28:13,19.56,1019078,521,卖盘
2965,13:28:16,19.56,338396,173,买盘
2966,13:28:19,19.56,1791698,916,卖盘
2967,13:28:22,19.55,103666,53,卖盘
2968,13:28:25,19.56,150567,77,买盘
2969,13:28:28,19.56,1398419,715,买盘
2970,13:28:31,19.56,88027,45,卖盘
2971,13:28:34,19.56,3913,2,卖盘
2972,13:28:37,19.56,475211,243,卖盘
2973,13:28:40,19.56,72374,37,卖盘
2974,13:28:43,19.56,332521,170,卖盘
2975,13:28:46,19.57,63576,33,买盘
2976,13:28:49,19.56,187828,96,卖盘
2977,13:28:52,19.56,19561,10,卖盘
2978,13:28:55,19.57,97802,50,买盘
2979,13:28:58,19.56,379465,194,卖盘
2980,13:29:01,19.56,547684,280,卖盘
2981,13:29:04,19.56,46955,24,卖盘
2982,13:29:07,19.56,150633,77,卖盘
2983,13:29:10,19.57,496928,254,买盘
2984,13:29:13,19.57,35226,18,买盘
2985,13:29:16,19.56,197556,101,卖盘
2986,13:29:19,19.56,107598,55,卖盘
2987,13:29:22,19.56,9780,5,卖盘
2988,13:29:25,19.56,60638,31,卖盘
2989,13:29:28,19.57,1131072,578,买盘
2990,13:29:31,19.57,70428,36,买盘
2991,13:29:34,19.56,82163,42,卖盘
2992,13:29:37,19.56,228854,117,卖盘
2993,13:29:40,19.56,82153,42,卖盘
2994,13:29:43,19.57,9785,5,买盘
2995,13:29:46,19.56,293520,150,卖盘
2996,13:29:49,19.56,44989,23,卖盘
2997,13:29:52,19.56,78241,40,卖盘
2998,13:29:55,19.57,244502,125,买盘
2999,13:29:58,19.56,54770,28,卖盘
3000,13:30:01,19.57,58687,30,买盘
3001,13:30:04,19.56,15651,8,卖盘
3002,13:30:07,19.57,97803,50,买盘
3003,13:30:13,19.57,58691,30,买盘
3004,13:30:16,19.58,4239058,2166,买盘
3005,13:30:19,19.58,477835,244,买盘
3006,13:30:22,19.58,225172,115,卖盘
3007,13:30:25,19.58,123361,63,卖盘
3008,13:30:28,19.58,755852,386,卖盘
3009,13:30:31,19.58,217354,111,卖盘
3010,13:30:34,19.58,80260,41,中性盘
3011,13:30:37,19.58,603064,308,买盘
3012,13:30:40,19.59,113586,58,买盘
3013,13:30:43,19.59,94021,48,买盘
3014,13:30:46,19.59,225105,115,买盘
3015,13:30:49,19.58,178179,91,卖盘
3016,13:30:52,19.58,88110,45,买盘
3017,13:30:55,19.57,262245,134,卖盘
3018,13:30:58,19.58,317196,162,买盘
3019,13:31:01,19.58,31328,16,买盘
3020,13:31:04,19.57,111594,57,卖盘
3021,13:31:07,19.57,46971,24,卖盘
3022,13:31:10,19.58,144862,74,买盘
3023,13:31:13,19.57,140955,72,卖盘
3024,13:31:16,19.58,436433,223,买盘
3025,13:31:19,19.57,84157,43,卖盘
3026,13:31:22,19.58,43076,22,买盘
3027,13:31:25,19.57,52840,27,卖盘
3028,13:31:28,19.57,23484,12,卖盘
3029,13:31:31,19.58,107657,55,买盘
3030,13:31:34,19.57,111590,57,卖盘
3031,13:31:37,19.58,221244,113,买盘
3032,13:31:40,19.57,41100,21,卖盘
