,成交时间,成交价格,成交金额,成交量,性质
0,09:25:02,72.22,207095255,28676,卖盘
1,09:30:02,72.0,4343580,603,卖盘
2,09:30:05,72.1,29336746,4070,买盘
3,09:30:08,72.18,30699048,4259,买盘
4,09:30:11,72.03,22243317,3087,中性盘
5,09:30:14,72.19,24725494,3429,买盘
6,09:30:17,72.09,29091845,4035,中性盘
7,09:30:20,72.0,31418192,4357,卖盘
8,09:30:23,72.2,21607371,2997,买盘
9,09:30:26,72.1,25035939,3473,中性盘
10,09:30:29,71.91,21790018,3028,中性盘
11,09:30:32,72.0,19221442,2671,买盘
12,09:30:35,72.19,24518282,3409,买盘
13,09:30:38,71.62,21974186,3054,卖盘
14,09:30:41,71.91,19081152,2653,买盘
15,09:30:44,72.0,22413524,3111,买盘
16,09:30:47,72.0,20702717,2880,卖盘
17,09:30:50,72.0,17320473,2411,买盘
18,09:30:53,71.92,24381586,3389,中性盘
19,09:30:56,71.91,18479376,2572,卖盘
20,09:30:59,71.75,8358128,1165,中性盘
21,09:31:02,71.4,10944987,1530,卖盘
22,09:31:05,71.26,9791903,1372,卖盘
23,09:31:08,71.23,8624353,1212,卖盘
24,09:31:11,71.01,4425570,623,卖盘
25,09:31:14,70.99,12425670,1750,卖盘
26,09:31:17,70.94,10835159,1527,卖盘
27,09:31:20,70.91,18445025,2600,中性盘
28,09:31:23,70.89,14861629,2096,卖盘
29,09:31:26,70.86,13310693,1878,卖盘
30,09:31:29,70.84,11463918,1618,卖盘
31,09:31:32,70.84,26919712,3800,卖盘
32,09:31:35,70.76,34693481,4898,卖盘
33,09:31:38,70.74,6533222,923,卖盘
34,09:31:41,70.7,7264740,1027,卖盘
35,09:31:44,70.65,8702705,1231,卖盘
36,09:31:47,70.6,2365727,335,卖盘
37,09:31:50,70.58,8379812,1187,卖盘
38,09:31:53,70.51,9068139,1285,卖盘
39,09:31:56,70.5,6466076,917,卖盘
40,09:31:59,70.46,4750866,674,卖盘
41,09:32:02,70.38,8371798,1188,卖盘
42,09:32:05,70.29,2840376,404,卖盘
43,09:32:08,70.22,4353848,620,卖盘
44,09:32:11,70.1,4972300,709,卖盘
45,09:32:14,70.17,17739209,2530,买盘
46,09:32:17,70.21,37190658,5301,买盘
47,09:32:20,70.52,36111763,5130,买盘
48,09:32:23,70.6,14135896,2003,买盘
49,09:32:26,70.6,6900714,978,卖盘
50,09:32:29,70.64,12563134,1780,买盘
51,09:32:32,70.62,8606793,1219,卖盘
52,09:32:35,70.51,8341940,1183,卖盘
53,09:32:38,70.49,9506423,1349,卖盘
54,09:32:41,70.49,5971634,848,买盘
55,09:32:44,70.3,6710899,953,卖盘
56,09:32:47,70.47,6475926,920,买盘
57,09:32:50,70.31,5466289,777,中性盘
58,09:32:53,70.25,12839023,1827,卖盘
59,09:32:56,70.3,7082681,1008,买盘
60,09:32:59,70.21,4628731,659,卖盘
61,09:33:02,70.21,6999931,997,买盘
62,09:33:05,70.2,9288978,1323,卖盘
63,09:33:08,70.17,13176358,1878,卖盘
64,09:33:11,70.18,8597936,1226,买盘
65,09:33:14,70.2,11635307,1658,买盘
66,09:33:17,70.21,8172965,1164,买盘
67,09:33:20,70.29,8437808,1201,中性盘
68,09:33:23,70.3,3764396,536,买盘
69,09:33:26,70.3,4552839,648,卖盘
70,09:33:29,70.29,7525150,1071,中性盘
71,09:33:32,70.29,5585248,795,买盘
72,09:33:35,70.29,11910085,1696,买盘
73,09:33:38,70.22,7857208,1119,卖盘
74,09:33:41,70.17,7275386,1037,卖盘
75,09:33:44,70.1,6137132,875,卖盘
76,09:33:47,70.1,3015728,430,卖盘
77,09:33:50,70.07,3405851,486,卖盘
78,09:33:53,70.0,30363213,4337,卖盘
79,09:33:56,69.99,6319454,903,卖盘
80,09:33:59,69.84,3390711,485,卖盘
81,09:34:02,69.83,2800490,401,卖盘
82,09:34:05,69.82,1794092,257,卖盘
83,09:34:08,69.7,3740810,536,卖盘
84,09:34:11,69.65,5194281,746,卖盘
85,09:34:14,69.8,25758988,3693,买盘
86,09:34:17,69.71,5696899,817,卖盘
87,09:34:20,69.67,4969321,713,卖盘
88,09:34:23,69.63,3219336,462,卖盘
89,09:34:26,69.59,2999790,431,卖盘
90,09:34:29,69.51,6843192,984,卖盘
91,09:34:32,69.5,9214706,1325,卖盘
92,09:34:35,69.45,5253272,756,卖盘
93,09:34:38,69.45,3118359,449,卖盘
94,09:34:41,69.43,4367281,629,买盘
95,09:34:44,69.44,15102139,2174,买盘
96,09:34:47,69.43,10270024,1479,卖盘
97,09:34:50,69.41,12237982,1763,卖盘
98,09:34:53,69.41,8087005,1165,中性盘
99,09:34:56,69.42,9481123,1366,买盘
100,09:34:59,69.42,12220684,1761,买盘
101,09:35:02,69.49,9657797,1390,买盘
102,09:35:05,69.44,9043552,1302,卖盘
103,09:35:08,69.5,3849388,554,买盘
104,09:35:11,69.5,2556826,368,卖盘
105,09:35:14,69.55,4692319,675,买盘
106,09:35:17,69.66,7398698,1063,买盘
107,09:35:20,69.72,5771759,828,买盘
108,09:35:23,69.7,2475593,355,卖盘
109,09:35:26,69.8,4362304,625,卖盘
110,09:35:29,69.82,2736552,392,买盘
111,09:35:32,69.85,3044523,436,买盘
112,09:35:35,69.86,1299618,186,中性盘
113,09:35:38,69.9,3599107,515,买盘
114,09:35:41,69.87,8721470,1248,卖盘
115,09:35:44,69.85,16871207,2416,卖盘
116,09:35:47,69.77,8950234,1282,卖盘
117,09:35:50,69.76,4011274,575,中性盘
118,09:35:53,69.65,10735650,1541,卖盘
119,09:35:56,69.53,2735191,393,卖盘
120,09:35:59,69.54,6012115,864,买盘
121,09:36:02,69.54,2370779,341,买盘
122,09:36:05,69.65,3839611,552,买盘
123,09:36:08,69.56,2853881,410,卖盘
124,09:36:11,69.67,3160320,454,买盘
125,09:36:14,69.65,5392777,775,卖盘
126,09:36:17,69.58,4749305,682,中性盘
127,09:36:20,69.58,5448665,783,卖盘
128,09:36:23,69.59,10419175,1498,买盘
129,09:36:26,69.54,13328572,1917,卖盘
130,09:36:29,69.59,3993586,574,买盘
131,09:36:32,69.54,3631016,522,卖盘
132,09:36:35,69.54,5888642,847,卖盘
133,09:36:38,69.5,6230160,896,卖盘
134,09:36:41,69.5,6240746,898,买盘
135,09:36:44,69.45,17944166,2583,卖盘
136,09:36:47,69.39,13966814,2012,卖盘
137,09:36:50,69.31,7749926,1118,卖盘
138,09:36:53,69.28,8073753,1165,卖盘
139,09:36:56,69.25,3137561,453,卖盘
140,09:36:59,69.2,5010377,724,卖盘
141,09:37:02,69.17,5351886,774,卖盘
142,09:37:05,69.06,1941574,281,卖盘
143,09:37:08,69.06,3279906,475,卖盘
144,09:37:11,69.02,6640445,962,卖盘
145,09:37:14,69.01,6514394,944,卖盘
146,09:37:17,69.0,18677211,2706,卖盘
147,09:37:20,69.01,17648565,2557,买盘
148,09:37:23,69.08,14762338,2137,买盘
149,09:37:26,69.06,6931040,1003,卖盘
150,09:37:29,69.21,4611549,667,买盘
151,09:37:32,69.18,7735236,1120,中性盘
152,09:37:35,69.21,1708947,247,买盘
153,09:37:38,69.23,1827026,264,买盘
154,09:37:41,69.27,1924505,278,买盘
155,09:37:44,69.28,3380102,488,买盘
156,09:37:47,69.28,9871683,1426,买盘
157,09:37:50,69.31,4890403,706,买盘
158,09:37:53,69.31,3214778,464,买盘
159,09:37:56,69.35,1719218,248,买盘
160,09:37:59,69.37,1712729,247,买盘
161,09:38:02,69.38,2254145,325,买盘
162,09:38:05,69.38,1776209,256,卖盘
163,09:38:08,69.4,2685288,387,买盘
164,09:38:11,69.42,1221561,176,中性盘
165,09:38:14,69.43,3831022,552,买盘
166,09:38:17,69.43,5227154,753,卖盘
167,09:38:20,69.43,6593697,950,买盘
168,09:38:23,69.4,6615315,953,卖盘
169,09:38:26,69.4,8990866,1296,买盘
170,09:38:29,69.38,2213291,319,中性盘
171,09:38:32,69.4,4869418,702,买盘
172,09:38:35,69.33,2982833,430,卖盘
173,09:38:38,69.33,3494157,504,买盘
174,09:38:41,69.33,5758106,830,中性盘
175,09:38:44,69.37,1436421,207,买盘
176,09:38:47,69.38,5098128,735,中性盘
177,09:38:50,69.37,1415023,204,卖盘
178,09:38:53,69.37,3620681,522,买盘
179,09:38:56,69.37,1775893,256,买盘
180,09:38:59,69.38,7135267,1028,买盘
181,09:39:02,69.46,7828433,1128,买盘
182,09:39:05,69.4,2269931,327,买盘
183,09:39:08,69.43,1388359,200,中性盘
184,09:39:11,69.4,2874260,414,卖盘
185,09:39:14,69.48,1882080,271,买盘
186,09:39:17,69.48,2430674,350,买盘
187,09:39:20,69.41,2528609,364,卖盘
188,09:39:23,69.49,3411983,491,买盘
189,09:39:26,69.5,2321158,334,买盘
190,09:39:29,69.52,785398,113,买盘
191,09:39:32,69.52,1988051,286,卖盘
192,09:39:35,69.55,1272467,183,买盘
193,09:39:38,69.57,507768,73,买盘
194,09:39:41,69.58,1140860,164,买盘
195,09:39:44,69.59,1377667,198,买盘
196,09:39:47,69.6,1315315,189,买盘
197,09:39:50,69.63,668266,96,买盘
198,09:39:53,69.64,2945174,423,买盘
199,09:39:56,69.66,3669609,527,买盘
200,09:39:59,69.66,1065752,153,买盘
201,09:40:02,69.61,25511810,3666,卖盘
202,09:40:05,69.5,12173099,1751,卖盘
203,09:40:08,69.53,2815305,405,买盘
204,09:40:11,69.48,6656940,958,卖盘
205,09:40:14,69.39,7489141,1079,卖盘
206,09:40:17,69.38,7486318,1079,卖盘
207,09:40:20,69.35,6199670,894,卖盘
208,09:40:23,69.28,9494864,1370,卖盘
209,09:40:26,69.23,4923701,711,卖盘
210,09:40:29,69.2,5398808,780,卖盘
211,09:40:32,69.2,4981316,720,买盘
212,09:40:35,69.21,6298892,910,买盘
213,09:40:38,69.38,9910827,1430,买盘
214,09:40:41,69.38,2531893,365,买盘
215,09:40:44,69.38,3175407,458,买盘
216,09:40:47,69.38,1421823,205,中性盘
217,09:40:50,69.35,1463866,211,买盘
218,09:40:53,69.35,1637307,236,卖盘
219,09:40:56,69.42,2850651,411,卖盘
220,09:40:59,69.35,1109776,160,卖盘
221,09:41:02,69.4,1824297,263,买盘
222,09:41:05,69.35,1366353,197,卖盘
223,09:41:08,69.38,2094038,302,买盘
224,09:41:11,69.34,1650424,238,中性盘
225,09:41:14,69.35,1913727,276,买盘
226,09:41:17,69.35,1574190,227,买盘
227,09:41:20,69.35,2677105,386,卖盘
228,09:41:23,69.37,3399317,490,买盘
229,09:41:26,69.35,2219395,320,卖盘
230,09:41:29,69.34,2482733,358,卖盘
231,09:41:32,69.32,2641703,381,卖盘
232,09:41:35,69.32,2135545,308,卖盘
233,09:41:38,69.32,2127998,307,卖盘
234,09:41:41,69.3,1254595,181,卖盘
235,09:41:44,69.32,2197259,317,买盘
236,09:41:47,69.35,5958143,860,买盘
237,09:41:50,69.32,9897452,1428,中性盘
238,09:41:53,69.31,1906114,275,卖盘
239,09:41:56,69.32,3694199,533,买盘
240,09:41:59,69.37,2093639,302,买盘
241,09:42:02,69.32,3127200,451,卖盘
242,09:42:05,69.32,922018,133,卖盘
243,09:42:08,69.33,1643674,237,中性盘
244,09:42:11,69.35,1199678,173,买盘
245,09:42:14,69.33,1491122,215,卖盘
246,09:42:17,69.33,1525416,220,卖盘
247,09:42:20,69.34,3556386,513,中性盘
248,09:42:23,69.34,2586429,373,买盘
249,09:42:26,69.33,2246419,324,卖盘
250,09:42:29,69.33,1241226,179,卖盘
251,09:42:32,69.34,1698492,245,卖盘
252,09:42:35,69.33,1144235,165,卖盘
253,09:42:38,69.35,943103,136,中性盘
254,09:42:41,69.35,388307,56,卖盘
255,09:42:44,69.35,1643238,237,买盘
256,09:42:47,69.35,1553318,224,买盘
257,09:42:50,69.34,1678130,242,卖盘
258,09:42:53,69.35,6730763,971,买盘
259,09:42:56,69.3,2177127,314,卖盘
260,09:42:59,69.32,831867,120,中性盘
261,09:43:02,69.33,1123133,162,买盘
262,09:43:05,69.31,984437,142,卖盘
263,09:43:08,69.31,1323874,191,卖盘
264,09:43:11,69.31,942584,136,买盘
265,09:43:14,69.32,859416,124,买盘
266,09:43:17,69.31,2966579,428,卖盘
267,09:43:20,69.31,831788,120,卖盘
268,09:43:23,69.35,1615257,233,买盘
269,09:43:26,69.34,2121703,306,卖盘
270,09:43:29,69.35,2399743,346,中性盘
271,09:43:32,69.37,738331,106,买盘
272,09:43:35,69.4,790957,114,买盘
273,09:43:38,69.4,1151923,166,卖盘
274,09:43:41,69.4,208213,30,买盘
275,09:43:44,69.41,1381047,199,卖盘
276,09:43:47,69.41,874643,126,卖盘
277,09:43:50,69.4,1658868,239,卖盘
278,09:43:53,69.4,1957175,282,卖盘
279,09:43:56,69.37,2852143,411,卖盘
280,09:43:59,69.34,2684502,387,卖盘
281,09:44:02,69.3,7499888,1082,卖盘
282,09:44:05,69.3,6430346,928,卖盘
283,09:44:08,69.24,2001873,289,卖盘
284,09:44:11,69.24,2187799,316,卖盘
285,09:44:14,69.24,2637132,381,买盘
286,09:44:17,69.24,3211606,464,买盘
287,09:44:20,69.24,4292416,620,买盘
288,09:44:23,69.24,3634471,525,买盘
289,09:44:26,69.22,3460741,500,卖盘
290,09:44:29,69.2,4408507,637,卖盘
291,09:44:32,69.19,1113896,161,卖盘
292,09:44:35,69.16,3258434,471,卖盘
293,09:44:38,69.15,2261594,327,卖盘
294,09:44:41,69.16,1804879,261,买盘
295,09:44:44,69.15,2814430,407,卖盘
296,09:44:47,69.15,2170967,314,买盘
297,09:44:50,69.15,1589997,230,买盘
298,09:44:53,69.11,1838470,266,卖盘
299,09:44:56,69.11,3420640,495,买盘
300,09:44:59,69.1,2342424,339,卖盘
301,09:45:02,69.1,2180628,316,买盘
302,09:45:05,69.07,3491652,505,卖盘
303,09:45:08,69.07,966950,140,买盘
304,09:45:11,69.05,3073102,445,卖盘
305,09:45:14,69.05,1512244,219,卖盘
306,09:45:17,69.04,2803317,406,卖盘
307,09:45:20,69.03,18578250,2692,卖盘
308,09:45:23,69.0,23833407,3454,卖盘
309,09:45:26,69.0,6872648,996,卖盘
310,09:45:29,69.0,5447680,790,卖盘
311,09:45:32,68.99,6188932,897,卖盘
312,09:45:35,68.99,2752721,399,卖盘
313,09:45:38,68.96,5869765,851,卖盘
314,09:45:41,68.96,1227608,178,买盘
315,09:45:44,68.91,3585848,520,卖盘
316,09:45:47,68.91,3673186,533,买盘
317,09:45:50,68.91,3155948,458,买盘
318,09:45:53,68.9,8633926,1253,卖盘
319,09:45:56,68.88,7315880,1062,卖盘
320,09:45:59,68.85,1659829,241,卖盘
321,09:46:02,68.85,1941614,282,卖盘
322,09:46:05,68.82,1211438,176,卖盘
323,09:46:08,68.81,3584977,521,卖盘
324,09:46:11,68.79,4857271,706,卖盘
325,09:46:14,68.77,2992007,435,卖盘
326,09:46:17,68.74,2076716,302,卖盘
327,09:46:20,68.72,1346962,196,卖盘
328,09:46:23,68.71,2308918,336,卖盘
329,09:46:26,68.8,15867724,2308,买盘
330,09:46:29,68.77,11186112,1626,卖盘
331,09:46:32,68.76,2268727,330,卖盘
332,09:46:35,68.76,2647082,385,买盘
333,09:46:38,68.79,3602082,524,买盘
334,09:46:41,68.72,2970810,432,卖盘
335,09:46:44,68.75,2956534,430,卖盘
336,09:46:47,68.76,2777645,404,买盘
337,09:46:50,68.75,8543057,1243,卖盘
338,09:46:53,68.74,2832584,412,卖盘
339,09:46:56,68.73,2316699,337,卖盘
340,09:46:59,68.75,2969471,432,买盘
341,09:47:02,68.74,6537987,951,卖盘
342,09:47:05,68.75,2234178,325,买盘
343,09:47:08,68.73,5366758,781,卖盘
344,09:47:11,68.72,2185564,318,卖盘
345,09:47:14,68.71,1793562,261,卖盘
346,09:47:17,68.7,6547313,953,卖盘
347,09:47:20,68.7,2143428,312,买盘
348,09:47:23,68.69,4038509,588,中性盘
349,09:47:26,68.68,2431376,354,卖盘
350,09:47:29,68.68,2101449,306,买盘
351,09:47:32,68.66,1654526,241,卖盘
352,09:47:35,68.63,1070719,156,卖盘
353,09:47:38,68.6,2607217,380,卖盘
354,09:47:41,68.6,2476783,361,卖盘
355,09:47:44,68.6,5584148,814,卖盘
356,09:47:47,68.6,1577625,230,买盘
357,09:47:50,68.6,17835467,2600,买盘
358,09:47:53,68.57,3813765,556,卖盘
359,09:47:56,68.59,8025588,1170,买盘
360,09:47:59,68.58,4238497,618,卖盘
361,09:48:02,68.59,3264326,476,买盘
362,09:48:05,68.67,6630703,966,买盘
363,09:48:08,68.68,4457528,649,买盘
364,09:48:11,68.69,2720895,396,中性盘
365,09:48:14,68.72,3408041,496,买盘
366,09:48:17,68.74,7101441,1033,中性盘
367,09:48:20,68.74,7074304,1029,卖盘
368,09:48:23,68.75,4772609,694,买盘
369,09:48:26,68.8,3624012,527,买盘
370,09:48:29,68.8,949584,138,卖盘
371,09:48:32,68.87,1025462,149,买盘
372,09:48:35,68.85,833132,121,卖盘
373,09:48:38,68.88,6383504,927,买盘
374,09:48:41,68.88,2631121,382,买盘
375,09:48:44,68.88,3967058,576,买盘
376,09:48:47,68.9,4380845,636,买盘
377,09:48:50,68.9,1487930,216,买盘
378,09:48:53,68.89,4525658,657,中性盘
379,09:48:56,68.9,15730579,2284,买盘
380,09:48:59,68.9,1743082,253,卖盘
381,09:49:02,68.9,3941221,572,买盘
382,09:49:05,68.9,5325628,773,买盘
383,09:49:08,68.9,2445978,355,卖盘
384,09:49:11,68.91,2060106,299,买盘
385,09:49:14,68.9,1874083,272,卖盘
386,09:49:17,68.91,1577880,229,买盘
387,09:49:20,68.91,3989740,579,买盘
388,09:49:23,68.91,1784653,259,买盘
389,09:49:26,68.91,2611520,379,买盘
390,09:49:29,68.91,5960607,865,买盘
391,09:49:32,68.91,5154320,748,买盘
392,09:49:35,68.9,5250583,762,卖盘
393,09:49:38,68.91,1584764,230,买盘
394,09:49:41,68.91,1061202,154,卖盘
395,09:49:44,68.86,4463758,648,卖盘
396,09:49:47,68.86,2486103,361,买盘
397,09:49:50,68.85,2402977,349,卖盘
398,09:49:53,68.86,2967520,431,买盘
399,09:49:56,68.83,3249193,472,卖盘
400,09:49:59,68.83,1197402,174,买盘
401,09:50:02,68.82,1458713,212,买盘
402,09:50:05,68.8,1444728,210,卖盘
403,09:50:08,68.75,1272379,185,卖盘
404,09:50:11,68.75,1691275,246,卖盘
405,09:50:14,68.7,1814478,264,卖盘
406,09:50:17,68.7,1161135,169,卖盘
407,09:50:20,68.7,2019819,294,卖盘
408,09:50:23,68.7,3842061,559,买盘
409,09:50:26,68.7,4299893,626,买盘
410,09:50:29,68.68,1573142,229,卖盘
411,09:50:32,68.68,3001435,437,卖盘
412,09:50:35,68.7,1586737,231,买盘
413,09:50:38,68.65,1530825,223,卖盘
414,09:50:41,68.66,1571636,229,买盘
415,09:50:44,68.61,2593812,378,卖盘
416,09:50:47,68.65,2017780,294,卖盘
417,09:50:50,68.63,1386380,202,卖盘
418,09:50:53,68.63,1303788,190,买盘
419,09:50:56,68.63,2340123,341,买盘
420,09:50:59,68.67,3116277,454,买盘
421,09:51:02,68.69,2540937,370,买盘
422,09:51:05,68.67,460120,67,卖盘
423,09:51:08,68.67,3158097,460,买盘
424,09:51:11,68.61,4234638,617,卖盘
425,09:51:14,68.66,3814926,556,买盘
426,09:51:17,68.61,1461746,213,卖盘
427,09:51:20,68.61,2059124,300,卖盘
428,09:51:23,68.63,734489,107,买盘
429,09:51:26,68.61,2655541,387,卖盘
430,09:51:29,68.61,4597124,670,卖盘
431,09:51:32,68.62,5639170,822,买盘
432,09:51:35,68.61,2428691,354,买盘
433,09:51:38,68.62,2134042,311,中性盘
434,09:51:41,68.61,1537047,224,卖盘
435,09:51:44,68.61,3766908,549,卖盘
436,09:51:47,68.61,960542,140,买盘
437,09:51:50,68.62,2099511,306,买盘
438,09:51:53,68.62,2675964,390,买盘
439,09:51:56,68.61,2408296,351,卖盘
440,09:51:59,68.62,2730934,398,买盘
441,09:52:02,68.62,8831358,1287,买盘
442,09:52:05,68.69,3000929,437,买盘
443,09:52:08,68.69,2040224,297,卖盘
444,09:52:11,68.75,2062841,300,买盘
445,09:52:14,68.75,1931969,281,卖盘
446,09:52:17,68.8,1121108,163,买盘
447,09:52:20,68.79,1031971,150,买盘
448,09:52:23,68.82,1637767,238,买盘
449,09:52:26,68.82,2359825,343,买盘
450,09:52:29,68.82,805224,117,卖盘
451,09:52:32,68.83,578535,84,买盘
452,09:52:35,68.85,1665810,242,买盘
453,09:52:38,68.85,378682,55,买盘
454,09:52:41,68.87,2919804,424,买盘
455,09:52:44,68.85,2485696,361,卖盘
456,09:52:47,68.87,2003650,291,买盘
457,09:52:50,68.87,833279,121,买盘
458,09:52:53,68.89,840241,122,买盘
459,09:52:56,68.89,1164242,169,买盘
460,09:52:59,68.89,1136834,165,卖盘
461,09:53:02,68.9,1543222,224,买盘
462,09:53:05,68.9,1398756,203,买盘
463,09:53:08,68.9,661454,96,卖盘
464,09:53:11,68.92,1226644,178,买盘
465,09:53:14,68.92,475561,69,卖盘
466,09:53:17,68.93,965095,140,中性盘
467,09:53:20,68.9,3060127,444,卖盘
468,09:53:23,68.96,827136,120,买盘
469,09:53:26,68.96,1599501,232,买盘
470,09:53:29,68.96,386182,56,卖盘
471,09:53:32,68.97,275902,40,卖盘
472,09:53:35,68.98,482887,70,卖盘
473,09:53:38,68.99,1283187,186,买盘
474,09:53:41,68.99,758983,110,卖盘
475,09:53:44,69.0,1938812,281,买盘
476,09:53:47,69.03,1442078,209,买盘
477,09:53:50,69.03,462343,67,买盘
478,09:53:53,69.05,573058,83,买盘
479,09:53:56,69.04,863069,125,卖盘
480,09:53:59,69.05,1146177,166,买盘
481,09:54:02,69.08,1291364,187,买盘
482,09:54:05,69.06,1332859,193,卖盘
483,09:54:08,69.1,504330,73,买盘
484,09:54:11,69.09,2957096,428,卖盘
485,09:54:14,69.11,1008790,146,买盘
486,09:54:17,69.1,2853976,413,卖盘
487,09:54:20,69.13,746477,108,买盘
488,09:54:23,69.14,981704,142,买盘
489,09:54:26,69.15,1230641,178,买盘
490,09:54:29,69.16,2343927,339,买盘
491,09:54:32,69.17,1272415,184,买盘
492,09:54:35,69.18,1459244,211,买盘
493,09:54:38,69.18,795588,115,买盘
494,09:54:41,69.21,1100291,159,买盘
495,09:54:44,69.21,858085,124,卖盘
496,09:54:47,69.08,19274784,2788,卖盘
497,09:54:50,69.08,2451928,355,买盘
498,09:54:53,69.1,2340956,339,买盘
499,09:54:56,69.03,2872211,416,卖盘
500,09:54:59,69.05,2650628,384,买盘
501,09:55:02,69.03,1850067,268,卖盘
502,09:55:05,69.05,1194293,173,买盘
503,09:55:08,69.05,1359827,197,买盘
504,09:55:11,69.05,1291293,187,买盘
505,09:55:14,69.06,869945,126,中性盘
506,09:55:17,69.01,1483777,215,卖盘
507,09:55:20,69.01,1994902,289,买盘
508,09:55:23,68.98,5119027,742,卖盘
509,09:55:26,68.97,1386485,201,中性盘
510,09:55:29,68.98,1110489,161,买盘
511,09:55:32,68.98,351831,51,卖盘
512,09:55:35,68.99,1138221,165,买盘
513,09:55:38,69.0,1710431,248,买盘
514,09:55:41,68.99,676068,98,卖盘
515,09:55:44,69.0,1083238,157,买盘
516,09:55:47,68.99,1007335,146,卖盘
517,09:55:50,69.0,1283105,186,买盘
518,09:55:53,68.98,2035219,295,卖盘
519,09:55:56,68.98,910404,132,买盘
520,09:55:59,68.99,1510396,219,买盘
521,09:56:02,68.93,607022,88,卖盘
522,09:56:05,68.98,696368,101,中性盘
523,09:56:08,68.91,682772,99,卖盘
524,09:56:11,68.9,889206,129,卖盘
525,09:56:14,68.91,1846608,268,买盘
526,09:56:17,68.9,930194,135,卖盘
527,09:56:20,68.9,1846666,268,卖盘
528,09:56:23,68.91,2590793,376,买盘
529,09:56:26,68.89,1129886,164,卖盘
530,09:56:29,68.88,2011396,292,卖盘
531,09:56:32,68.84,2637360,383,卖盘
532,09:56:35,68.83,825978,120,卖盘
533,09:56:38,68.83,1245815,181,卖盘
534,09:56:41,68.83,970761,141,买盘
535,09:56:44,68.81,529515,77,卖盘
536,09:56:47,68.81,674258,98,买盘
537,09:56:50,68.8,1823346,265,卖盘
538,09:56:53,68.8,942617,137,卖盘
539,09:56:56,68.8,660489,96,卖盘
540,09:56:59,68.8,1066482,155,买盘
541,09:57:02,68.8,1534725,223,卖盘
542,09:57:05,68.79,1396247,203,卖盘
543,09:57:08,68.79,2111548,307,买盘
544,09:57:11,68.75,914617,133,卖盘
545,09:57:14,68.75,797597,116,卖盘
546,09:57:17,68.74,1093012,159,卖盘
547,09:57:20,68.74,804079,117,中性盘
548,09:57:23,68.71,769543,112,卖盘
549,09:57:26,68.71,955009,139,买盘
550,09:57:29,68.73,913954,133,买盘
551,09:57:32,68.73,1387917,202,卖盘
552,09:57:35,68.72,611590,89,卖盘
553,09:57:38,68.71,1704284,248,卖盘
554,09:57:41,68.73,748993,109,买盘
555,09:57:44,68.73,378010,55,卖盘
556,09:57:47,68.71,886471,129,卖盘
557,09:57:50,68.71,1250634,182,卖盘
558,09:57:53,68.71,1470459,214,卖盘
559,09:57:56,68.72,845266,123,中性盘
560,09:57:59,68.73,1814512,264,买盘
561,09:58:02,68.72,1560113,227,卖盘
562,09:58:05,68.73,357358,52,买盘
563,09:58:08,68.73,1092695,159,买盘
564,09:58:11,68.75,1477741,215,买盘
565,09:58:14,68.73,508604,74,卖盘
566,09:58:17,68.75,1367932,199,买盘
567,09:58:20,68.74,804230,117,卖盘
568,09:58:23,68.77,1264872,184,买盘
569,09:58:26,68.77,316254,46,中性盘
570,09:58:29,68.75,653097,95,卖盘
571,09:58:32,68.75,3182161,463,买盘
572,09:58:35,68.75,783735,114,卖盘
573,09:58:38,68.77,852741,124,买盘
574,09:58:41,68.77,405698,59,卖盘
575,09:58:44,68.77,1127603,164,买盘
576,09:58:47,68.74,1333864,194,卖盘
577,09:58:50,68.76,1306579,190,卖盘
578,09:58:53,68.75,728752,106,卖盘
579,09:58:56,68.75,845565,123,买盘
580,09:58:59,68.75,1519377,221,买盘
581,09:59:02,68.76,735623,107,中性盘
582,09:59:05,68.74,783637,114,卖盘
583,09:59:08,68.72,2096305,305,卖盘
584,09:59:11,68.63,15558021,2265,卖盘
585,09:59:14,68.62,1153084,168,卖盘
586,09:59:17,68.68,1187170,173,中性盘
587,09:59:20,68.62,521555,76,卖盘
588,09:59:23,68.62,1742807,254,买盘
589,09:59:26,68.62,864697,126,卖盘
590,09:59:29,68.67,954212,139,中性盘
591,09:59:32,68.66,1317549,192,卖盘
592,09:59:35,68.62,473533,69,卖盘
593,09:59:38,68.63,1914981,279,买盘
594,09:59:41,68.62,1386161,202,卖盘
595,09:59:44,68.62,3595392,524,买盘
596,09:59:47,68.6,10489267,1529,卖盘
597,09:59:50,68.58,4361958,636,卖盘
598,09:59:53,68.58,822883,120,买盘
599,09:59:56,68.57,1179433,172,卖盘
600,09:59:59,68.56,5923313,864,卖盘
601,10:00:02,68.55,994012,145,卖盘
602,10:00:05,68.56,1802914,263,买盘
603,10:00:08,68.52,3186986,465,卖盘
604,10:00:11,68.53,1925270,281,中性盘
605,10:00:14,68.52,705802,103,卖盘
606,10:00:17,68.52,925096,135,卖盘
607,10:00:20,68.55,1671957,244,买盘
608,10:00:23,68.52,2932923,428,卖盘
609,10:00:26,68.52,1788305,261,买盘
610,10:00:29,68.52,4254705,621,卖盘
611,10:00:32,68.52,1295072,189,卖盘
612,10:00:35,68.53,2336628,341,买盘
613,10:00:38,68.52,952477,139,卖盘
614,10:00:41,68.52,4090483,597,卖盘
615,10:00:44,68.52,993641,145,买盘
616,10:00:47,68.51,1850084,270,卖盘
617,10:00:50,68.52,3329786,486,卖盘
618,10:00:53,68.52,1583438,231,买盘
619,10:00:56,68.51,2692708,393,卖盘
620,10:00:59,68.51,829065,121,卖盘
621,10:01:02,68.54,1595907,233,买盘
622,10:01:05,68.52,2049073,299,卖盘
623,10:01:08,68.54,1302529,190,中性盘
624,10:01:11,68.6,2146509,313,买盘
625,10:01:14,68.54,706390,103,卖盘
626,10:01:17,68.59,219508,32,中性盘
627,10:01:20,68.58,541825,79,卖盘
628,10:01:23,68.61,246909,36,买盘
629,10:01:26,68.61,322342,47,买盘
630,10:01:29,68.66,1228363,179,买盘
631,10:01:32,68.67,707254,103,买盘
632,10:01:35,68.62,734776,107,卖盘
633,10:01:38,68.66,1050140,153,买盘
634,10:01:41,68.66,501111,73,买盘
635,10:01:44,68.61,2058273,300,卖盘
636,10:01:47,68.61,754668,110,买盘
637,10:01:50,68.61,329352,48,卖盘
638,10:01:53,68.61,1653725,241,卖盘
639,10:01:56,68.62,926356,135,买盘
640,10:01:59,68.62,583215,85,买盘
641,10:02:02,68.62,734193,107,买盘
642,10:02:05,68.6,1605382,234,卖盘
643,10:02:08,68.59,2051232,299,卖盘
644,10:02:11,68.59,2461598,359,买盘
645,10:02:14,68.54,2200307,321,卖盘
646,10:02:17,68.51,3364074,491,卖盘
647,10:02:20,68.5,2316415,338,卖盘
648,10:02:23,68.51,1705679,249,买盘
649,10:02:26,68.5,3555243,519,卖盘
650,10:02:29,68.51,1808600,264,买盘
651,10:02:32,68.51,10098532,1474,卖盘
652,10:02:35,68.51,1424889,208,买盘
653,10:02:38,68.51,1575043,230,卖盘
654,10:02:41,68.51,987321,144,卖盘
655,10:02:44,68.51,1096122,160,买盘
656,10:02:47,68.51,1466088,214,买盘
657,10:02:50,68.55,1240212,181,买盘
658,10:02:53,68.51,1390886,203,卖盘
659,10:02:56,68.51,801607,117,卖盘
660,10:02:59,68.52,712581,104,买盘
661,10:03:02,68.52,966178,141,买盘
662,10:03:05,68.53,849724,124,中性盘
663,10:03:08,68.53,349535,51,卖盘
664,10:03:11,68.53,1034969,151,卖盘
665,10:03:14,68.56,562007,82,买盘
666,10:03:17,68.57,589477,86,买盘
667,10:03:20,68.57,719803,105,中性盘
668,10:03:23,68.58,610273,89,买盘
669,10:03:26,68.58,191998,28,买盘
670,10:03:29,68.57,1529609,223,卖盘
671,10:03:32,68.59,596529,87,买盘
672,10:03:35,68.56,1042351,152,卖盘
673,10:03:38,68.6,1268854,185,买盘
674,10:03:41,68.57,706398,103,卖盘
675,10:03:44,68.57,150863,22,卖盘
676,10:03:47,68.58,534893,78,买盘
677,10:03:50,68.58,637830,93,买盘
678,10:03:53,68.6,2839422,414,买盘
679,10:03:56,68.62,720224,105,买盘
680,10:03:59,68.6,624354,91,卖盘
681,10:04:02,68.62,404056,59,买盘
682,10:04:05,68.61,810341,118,卖盘
683,10:04:08,68.6,946867,138,卖盘
684,10:04:11,68.62,466548,68,买盘
685,10:04:14,68.62,692220,101,买盘
686,10:04:17,68.63,439242,64,中性盘
687,10:04:20,68.63,700019,102,卖盘
688,10:04:23,68.65,308944,45,卖盘
689,10:04:26,68.64,281466,41,卖盘
690,10:04:29,68.64,652120,95,买盘
691,10:04:32,68.64,466806,68,买盘
692,10:04:35,68.65,610968,89,买盘
693,10:04:38,68.66,864901,126,买盘
694,10:04:41,68.65,851151,124,卖盘
695,10:04:44,68.66,1002244,146,买盘
696,10:04:47,68.65,508003,74,卖盘
697,10:04:50,68.66,494374,72,买盘
698,10:04:53,68.67,665997,97,中性盘
699,10:04:56,68.68,576820,84,买盘
700,10:04:59,68.7,350352,51,买盘
701,10:05:02,68.69,1373821,200,卖盘
702,10:05:05,68.7,3489299,508,买盘
703,10:05:08,68.66,2795048,407,卖盘
704,10:05:11,68.64,2903343,423,卖盘
705,10:05:14,68.66,1173977,171,买盘
706,10:05:17,68.62,1352547,197,卖盘
707,10:05:20,68.63,1406726,205,中性盘
708,10:05:23,68.6,1612260,235,卖盘
709,10:05:26,68.61,432200,63,买盘
710,10:05:29,68.66,2010375,293,买盘
711,10:05:32,68.64,617515,90,卖盘
712,10:05:35,68.61,576353,84,卖盘
713,10:05:38,68.66,253966,37,买盘
714,10:05:41,68.66,878761,128,买盘
715,10:05:44,68.65,1716484,250,卖盘
716,10:05:47,68.65,254012,37,卖盘
717,10:05:50,68.67,720879,105,买盘
718,10:05:53,68.68,947457,138,买盘
719,10:05:56,68.66,775866,113,中性盘
720,10:05:59,68.66,226599,33,卖盘
721,10:06:02,68.65,329540,48,卖盘
722,10:06:05,68.62,1701827,248,卖盘
723,10:06:08,68.61,2305571,336,卖盘
724,10:06:11,68.62,343084,50,买盘
725,10:06:14,68.61,274495,40,卖盘
726,10:06:17,68.62,226438,33,卖盘
727,10:06:20,68.62,281330,41,买盘
728,10:06:23,68.61,795942,116,卖盘
729,10:06:26,68.62,1008795,147,买盘
730,10:06:29,68.62,1681174,245,卖盘
731,10:06:32,68.62,1166453,170,买盘
732,10:06:35,68.61,576358,84,卖盘
733,10:06:38,68.61,432278,63,卖盘
734,10:06:41,68.6,4253342,620,卖盘
735,10:06:44,68.58,1310159,191,卖盘
736,10:06:47,68.58,1241617,181,卖盘
737,10:06:50,68.59,500638,73,买盘
738,10:06:53,68.57,761249,111,卖盘
739,10:06:56,68.58,788676,115,中性盘
740,10:06:59,68.57,1158947,169,卖盘
741,10:07:02,68.56,1158745,169,卖盘
742,10:07:05,68.53,3311044,483,卖盘
743,10:07:08,68.55,2514901,367,买盘
744,10:07:11,68.53,2350041,343,中性盘
745,10:07:14,68.52,644040,94,中性盘
746,10:07:17,68.51,1000273,146,卖盘
747,10:07:20,68.51,1438747,210,卖盘
748,10:07:23,68.51,1226364,179,卖盘
749,10:07:26,68.51,2719695,397,卖盘
750,10:07:29,68.5,5363610,783,卖盘
751,10:07:32,68.5,4897777,715,卖盘
752,10:07:35,68.5,6026493,880,卖盘
753,10:07:38,68.5,1109464,162,买盘
754,10:07:41,68.49,1794443,262,买盘
755,10:07:44,68.48,1978923,289,卖盘
756,10:07:47,68.44,2860572,418,卖盘
757,10:07:50,68.41,479018,70,卖盘
758,10:07:53,68.41,690985,101,卖盘
759,10:07:56,68.41,793521,116,卖盘
760,10:07:59,68.39,2305064,337,卖盘
761,10:08:02,68.39,1709632,250,卖盘
762,10:08:05,68.39,1887249,276,卖盘
763,10:08:08,68.37,786285,115,买盘
764,10:08:11,68.38,1962109,287,买盘
765,10:08:14,68.36,2338445,342,卖盘
766,10:08:17,68.37,1175759,172,买盘
767,10:08:20,68.35,1032230,151,卖盘
768,10:08:23,68.35,874910,128,买盘
769,10:08:26,68.34,820111,120,卖盘
770,10:08:29,68.35,1653761,242,买盘
771,10:08:32,68.32,1646854,241,卖盘
772,10:08:35,68.33,1352850,198,买盘
773,10:08:38,68.31,1229689,180,卖盘
774,10:08:41,68.31,2233585,327,卖盘
775,10:08:44,68.3,3708974,543,卖盘
776,10:08:47,68.3,2506945,367,卖盘
777,10:08:50,68.29,1099514,161,卖盘
778,10:08:53,68.29,1317898,193,买盘
779,10:08:56,68.28,600843,88,卖盘
780,10:08:59,68.28,703217,103,买盘
781,10:09:02,68.27,826039,121,卖盘
782,10:09:05,68.26,1816553,266,卖盘
783,10:09:08,68.27,1733847,254,买盘
784,10:09:11,68.26,5057668,741,中性盘
785,10:09:14,68.25,1835150,269,卖盘
786,10:09:17,68.25,1132826,166,买盘
787,10:09:20,68.23,1855960,272,卖盘
788,10:09:23,68.22,1057468,155,卖盘
789,10:09:26,68.24,6414598,940,买盘
790,10:09:29,68.28,15081889,2209,买盘
791,10:09:32,68.35,3996296,585,买盘
792,10:09:35,68.35,1844800,270,买盘
793,10:09:38,68.35,833594,122,卖盘
794,10:09:41,68.35,1079732,158,卖盘
795,10:09:44,68.33,1831311,268,卖盘
796,10:09:47,68.33,860734,126,买盘
797,10:09:50,68.32,895018,131,卖盘
798,10:09:53,68.28,3859180,565,卖盘
799,10:09:56,68.28,1925460,282,买盘
800,10:09:59,68.28,1727356,253,买盘
801,10:10:02,68.28,566674,83,买盘
802,10:10:05,68.27,1454177,213,卖盘
803,10:10:08,68.27,1737315,255,买盘
804,10:10:11,68.27,1658799,243,买盘
805,10:10:14,68.3,1071983,157,买盘
806,10:10:17,68.29,1543209,226,中性盘
807,10:10:20,68.34,2589541,379,买盘
808,10:10:23,68.35,2269012,332,买盘
809,10:10:26,68.35,1271304,186,买盘
810,10:10:29,68.38,444305,65,买盘
811,10:10:32,68.38,334975,49,买盘
812,10:10:35,68.38,2385462,349,买盘
813,10:10:38,68.36,369238,54,卖盘
814,10:10:41,68.39,396606,58,买盘
815,10:10:44,68.37,471818,69,卖盘
816,10:10:47,68.38,601617,88,买盘
817,10:10:50,68.38,765693,112,买盘
818,10:10:53,68.38,1059471,155,买盘
819,10:10:56,68.39,1237608,181,买盘
820,10:10:59,68.38,547074,80,卖盘
821,10:11:02,68.39,1702592,249,卖盘
822,10:11:05,68.39,834335,122,中性盘
823,10:11:08,68.4,526643,77,买盘
824,10:11:11,68.4,642943,94,买盘
825,10:11:14,68.4,444596,65,买盘
826,10:11:17,68.4,1053364,154,卖盘
827,10:11:20,68.4,772920,113,卖盘
828,10:11:23,68.39,1066856,156,卖盘
829,10:11:26,68.37,506024,74,卖盘
830,10:11:29,68.35,492089,72,卖盘
831,10:11:32,68.34,334860,49,中性盘
832,10:11:35,68.34,348511,51,买盘
833,10:11:38,68.35,751858,110,买盘
834,10:11:41,68.34,334898,49,卖盘
835,10:11:44,68.35,307534,45,买盘
836,10:11:47,68.34,1079805,158,卖盘
837,10:11:50,68.34,908829,133,买盘
838,10:11:53,68.33,737909,108,卖盘
839,10:11:56,68.34,293814,43,买盘
840,10:11:59,68.34,867881,127,买盘
841,10:12:02,68.34,580845,85,卖盘
842,10:12:05,68.35,861117,126,买盘
843,10:12:08,68.33,1004549,147,卖盘
844,10:12:11,68.33,1387080,203,卖盘
845,10:12:14,68.33,293824,43,卖盘
846,10:12:17,68.33,403180,59,买盘
847,10:12:20,68.34,239158,35,买盘
848,10:12:23,68.33,1038585,152,卖盘
849,10:12:26,68.33,669634,98,买盘
850,10:12:29,68.33,785809,115,买盘
851,10:12:32,68.32,3450646,505,卖盘
852,10:12:35,68.33,409959,60,中性盘
853,10:12:38,68.33,860877,126,买盘
854,10:12:41,68.33,307445,45,买盘
855,10:12:44,68.32,437257,64,卖盘
856,10:12:47,68.32,416737,61,买盘
857,10:12:50,68.32,464601,68,卖盘
858,10:12:53,68.31,1714459,251,卖盘
859,10:12:56,68.32,389378,57,买盘
860,10:12:59,68.32,703527,103,买盘
861,10:13:02,68.31,553345,81,卖盘
862,10:13:05,68.32,4085563,598,买盘
863,10:13:08,68.32,826712,121,卖盘
864,10:13:11,68.34,710630,104,买盘
865,10:13:14,68.32,2562337,375,卖盘
866,10:13:17,68.32,163968,24,买盘
867,10:13:20,68.32,821125,120,买盘
868,10:13:23,68.32,198129,29,卖盘
869,10:13:26,68.32,608095,89,卖盘
870,10:13:29,68.32,498761,73,卖盘
871,10:13:32,68.33,1148051,168,买盘
872,10:13:35,68.33,287008,42,卖盘
873,10:13:38,68.35,649306,95,买盘
874,10:13:41,68.33,1612755,236,卖盘
875,10:13:44,68.35,1153492,169,买盘
876,10:13:47,68.34,608300,89,卖盘
877,10:13:50,68.34,423733,62,卖盘
878,10:13:53,68.36,423800,62,买盘
879,10:13:56,68.35,806513,118,卖盘
880,10:13:59,68.36,348651,51,卖盘
881,10:14:02,68.36,198262,29,卖盘
882,10:14:05,68.36,546854,80,卖盘
883,10:14:08,68.37,663139,97,中性盘
884,10:14:11,68.38,300837,44,买盘
885,10:14:14,68.37,109405,16,卖盘
886,10:14:17,68.38,574374,84,卖盘
887,10:14:20,68.4,1771326,259,买盘
888,10:14:23,68.39,246215,36,中性盘
889,10:14:26,68.39,759228,111,卖盘
890,10:14:29,68.4,3132891,458,买盘
891,10:14:32,68.43,102625,15,买盘
892,10:14:35,68.44,259984,38,买盘
893,10:14:38,68.44,82118,12,买盘
894,10:14:41,68.45,301164,44,买盘
895,10:14:44,68.44,554379,81,卖盘
896,10:14:47,68.45,294341,43,买盘
897,10:14:50,68.45,82150,12,卖盘
898,10:14:53,68.44,3552501,519,卖盘
899,10:14:56,68.4,4741098,693,卖盘
900,10:14:59,68.37,2865023,419,卖盘
901,10:15:02,68.34,4668317,683,卖盘
902,10:15:05,68.32,2967046,434,卖盘
903,10:15:08,68.33,608125,89,买盘
904,10:15:11,68.32,813028,119,卖盘
905,10:15:14,68.32,744633,109,买盘
906,10:15:17,68.31,526051,77,卖盘
907,10:15:20,68.33,1297978,190,买盘
908,10:15:23,68.31,334764,49,卖盘
909,10:15:26,68.32,204972,30,卖盘
910,10:15:29,68.33,224191,33,买盘
911,10:15:32,68.34,252823,37,买盘
912,10:15:35,68.32,1258536,184,卖盘
913,10:15:38,68.34,779028,114,买盘
914,10:15:41,68.34,300696,44,卖盘
915,10:15:44,68.34,232359,34,卖盘
916,10:15:47,68.34,580892,85,卖盘
917,10:15:50,68.34,1004527,147,买盘
918,10:15:53,68.32,649113,95,卖盘
919,10:15:56,68.33,737895,108,买盘
920,10:15:59,68.31,1947013,285,卖盘
921,10:16:02,68.33,1441667,211,买盘
922,10:16:05,68.31,888238,130,卖盘
923,10:16:08,68.33,471404,69,买盘
924,10:16:11,68.33,956613,140,卖盘
925,10:16:14,68.34,1469400,215,买盘
926,10:16:17,68.36,779013,114,买盘
927,10:16:20,68.33,683495,100,卖盘
928,10:16:23,68.35,116205,17,卖盘
929,10:16:26,68.36,211922,31,中性盘
930,10:16:29,68.34,642368,94,卖盘
931,10:16:32,68.33,423752,62,卖盘
932,10:16:35,68.32,792660,116,卖盘
933,10:16:38,68.32,697005,102,卖盘
934,10:16:41,68.32,758391,111,卖盘
935,10:16:44,68.33,478286,70,买盘
936,10:16:47,68.33,403107,59,买盘
937,10:16:50,68.33,437312,64,卖盘
938,10:16:53,68.33,232327,34,卖盘
939,10:16:56,68.33,1591995,233,卖盘
940,10:16:59,68.32,280124,41,卖盘
941,10:17:02,68.32,2172742,318,卖盘
942,10:17:05,68.31,403082,59,卖盘
943,10:17:08,68.31,409916,60,卖盘
944,10:17:11,68.31,512380,75,卖盘
945,10:17:14,68.32,1243397,182,买盘
946,10:17:17,68.31,1379900,202,卖盘
947,10:17:20,68.32,3340467,489,买盘
948,10:17:23,68.32,526075,77,卖盘
949,10:17:26,68.33,485106,71,买盘
950,10:17:29,68.33,239128,35,买盘
951,10:17:32,68.32,1038600,152,卖盘
952,10:17:35,68.33,854084,125,买盘
953,10:17:38,68.34,389482,57,买盘
954,10:17:41,68.33,232329,34,卖盘
955,10:17:44,68.33,225498,33,卖盘
956,10:17:47,68.34,560330,82,买盘
957,10:17:50,68.33,307478,45,卖盘
958,10:17:53,68.34,963452,141,买盘
959,10:17:56,68.34,157168,23,买盘
960,10:17:59,68.33,396356,58,卖盘
961,10:18:02,68.34,806346,118,买盘
962,10:18:05,68.32,772121,113,卖盘
963,10:18:08,68.33,1496321,219,买盘
964,10:18:11,68.32,334810,49,卖盘
965,10:18:14,68.33,286963,42,中性盘
966,10:18:17,68.32,690120,101,卖盘
967,10:18:20,68.33,403179,59,买盘
968,10:18:23,68.33,539757,79,买盘
969,10:18:26,68.34,95663,14,买盘
970,10:18:29,68.33,806297,118,卖盘
971,10:18:32,68.33,218645,32,买盘
972,10:18:35,68.32,655941,96,卖盘
973,10:18:38,68.33,922439,135,买盘
974,10:18:41,68.33,61497,9,卖盘
975,10:18:44,68.33,437345,64,卖盘
976,10:18:47,68.35,1038763,152,买盘
977,10:18:50,68.34,177690,26,卖盘
978,10:18:53,68.35,416906,61,买盘
979,10:18:56,68.35,430584,63,买盘
980,10:18:59,68.35,533114,78,买盘
981,10:19:02,68.35,2774357,406,买盘
982,10:19:05,68.34,580759,85,中性盘
983,10:19:08,68.34,1257234,184,买盘
984,10:19:11,68.34,68343,10,买盘
985,10:19:14,68.33,519317,76,卖盘
986,10:19:17,68.33,539825,79,中性盘
987,10:19:20,68.34,211844,31,买盘
988,10:19:23,68.34,164007,24,卖盘
989,10:19:26,68.34,280167,41,卖盘
990,10:19:29,68.34,553487,81,买盘
991,10:19:32,68.34,560354,82,买盘
992,10:19:35,68.34,239202,35,卖盘
993,10:19:38,68.34,369026,54,卖盘
994,10:19:41,68.34,143509,21,买盘
995,10:19:44,68.35,1093547,160,买盘
996,10:19:47,68.35,321245,47,卖盘
997,10:19:50,68.36,82021,12,买盘
998,10:19:53,68.35,184543,27,卖盘
999,10:19:56,68.34,553622,81,卖盘
1000,10:19:59,68.35,997901,146,买盘
1001,10:20:02,68.35,341750,50,买盘
1002,10:20:05,68.36,724489,106,买盘
1003,10:20:08,68.35,697104,102,卖盘
1004,10:20:11,68.33,2890482,423,卖盘
1005,10:20:14,68.32,3620798,530,卖盘
1006,10:20:17,68.31,2472829,362,卖盘
1007,10:20:20,68.31,546442,80,买盘
1008,10:20:23,68.32,2096904,307,买盘
1009,10:20:26,68.32,491835,72,买盘
1010,10:20:29,68.32,355234,52,买盘
1011,10:20:32,68.31,1489196,218,卖盘
1012,10:20:35,68.31,1195485,175,卖盘
1013,10:20:38,68.3,2459541,360,卖盘
1014,10:20:41,68.31,430332,63,买盘
1015,10:20:44,68.31,1345698,197,卖盘
1016,10:20:47,68.31,341530,50,买盘
1017,10:20:50,68.31,348377,51,买盘
1018,10:20:53,68.31,409856,60,卖盘
1019,10:20:56,68.32,409852,60,买盘
1020,10:20:59,68.32,396189,58,买盘
1021,10:21:02,68.31,341559,50,卖盘
1022,10:21:05,68.31,744624,109,卖盘
1023,10:21:08,68.35,1639986,240,买盘
1024,10:21:11,68.36,3704642,542,买盘
1025,10:21:14,68.35,874818,128,卖盘
1026,10:21:17,68.33,293971,43,卖盘
1027,10:21:20,68.33,184535,27,卖盘
1028,10:21:23,68.35,252889,37,买盘
1029,10:21:26,68.35,498957,73,卖盘
1030,10:21:29,68.35,546797,80,卖盘
1031,10:21:32,68.34,854334,125,中性盘
1032,10:21:35,68.34,164025,24,买盘
1033,10:21:38,68.35,423769,62,买盘
1034,10:21:41,68.34,369063,54,卖盘
1035,10:21:44,68.36,745015,109,买盘
1036,10:21:47,68.35,464875,68,卖盘
1037,10:21:50,68.35,464734,68,卖盘
1038,10:21:53,68.33,1393991,204,卖盘
1039,10:21:56,68.35,1325523,194,买盘
1040,10:21:59,68.37,307629,45,买盘
1041,10:22:02,68.35,157198,23,卖盘
1042,10:22:05,68.36,533136,78,买盘
1043,10:22:08,68.36,622083,91,买盘
1044,10:22:11,68.37,471625,69,买盘
1045,10:22:14,68.36,587898,86,卖盘
1046,10:22:17,68.35,239263,35,卖盘
1047,10:22:20,68.37,225613,33,买盘
1048,10:22:23,68.35,471630,69,卖盘
1049,10:22:26,68.35,389605,57,中性盘
1050,10:22:29,68.37,669990,98,买盘
1051,10:22:32,68.36,116213,17,卖盘
1052,10:22:35,68.35,1203038,176,卖盘
1053,10:22:38,68.35,594637,87,买盘
1054,10:22:41,68.37,410190,60,买盘
1055,10:22:44,68.36,492185,72,卖盘
1056,10:22:47,68.36,150380,22,买盘
1057,10:22:50,68.36,95701,14,买盘
1058,10:22:53,68.36,485332,71,买盘
1059,10:22:56,68.36,1285055,188,卖盘
1060,10:22:59,68.36,546893,80,卖盘
1061,10:23:02,68.36,451189,66,卖盘
1062,10:23:05,68.37,403345,59,买盘
1063,10:23:08,68.36,587918,86,卖盘
1064,10:23:11,68.36,560501,82,买盘
1065,10:23:14,68.36,909065,133,买盘
1066,10:23:17,68.37,300782,44,买盘
1067,10:23:20,68.36,54688,8,卖盘
1068,10:23:23,68.37,61533,9,买盘
1069,10:23:26,68.37,437557,64,买盘
1070,10:23:29,68.4,1045152,153,买盘
1071,10:23:32,68.38,575795,84,卖盘
1072,10:23:35,68.38,540351,79,卖盘
1073,10:23:38,68.37,95727,14,卖盘
1074,10:23:41,68.36,1299018,190,卖盘
1075,10:23:44,68.36,622118,91,卖盘
1076,10:23:47,68.38,786184,115,买盘
1077,10:23:50,68.37,629021,92,卖盘
1078,10:23:53,68.4,971191,142,买盘
1079,10:23:56,68.4,95760,14,卖盘
1080,10:23:59,68.4,574558,84,卖盘
1081,10:24:02,68.39,670194,98,卖盘
1082,10:24:05,68.39,321436,47,中性盘
1083,10:24:08,68.39,690656,101,买盘
1084,10:24:11,68.39,417172,61,买盘
1085,10:24:14,68.39,1176134,172,买盘
1086,10:24:17,68.39,615523,90,卖盘
1087,10:24:20,68.4,478758,70,买盘
1088,10:24:23,68.4,102604,15,卖盘
1089,10:24:26,68.41,348886,51,买盘
1090,10:24:29,68.41,109456,16,卖盘
1091,10:24:32,68.42,348931,51,买盘
1092,10:24:35,68.41,259984,38,卖盘
1093,10:24:38,68.43,116318,17,买盘
1094,10:24:41,68.43,451589,66,买盘
1095,10:24:44,68.43,177918,26,买盘
1096,10:24:47,68.43,718443,105,卖盘
1097,10:24:50,68.44,232680,34,买盘
1098,10:24:53,68.43,958135,140,卖盘
1099,10:24:56,68.44,1580736,231,买盘
1100,10:24:59,68.44,246398,36,卖盘
1101,10:25:02,68.43,1916298,280,卖盘
1102,10:25:05,68.44,1505503,220,买盘
1103,10:25:08,68.44,533753,78,买盘
1104,10:25:11,68.42,595313,87,卖盘
1105,10:25:14,68.4,2421684,354,卖盘
1106,10:25:17,68.42,2592467,379,买盘
1107,10:25:20,68.43,601896,88,买盘
1108,10:25:23,68.4,205256,30,卖盘
1109,10:25:26,68.4,458314,67,卖盘
1110,10:25:29,68.4,602087,88,卖盘
1111,10:25:32,68.42,246302,36,买盘
1112,10:25:35,68.42,437898,64,卖盘
1113,10:25:38,68.43,773151,113,买盘
1114,10:25:41,68.41,1381935,202,卖盘
1115,10:25:44,68.43,2257689,330,买盘
1116,10:25:47,68.42,725329,106,卖盘
1117,10:25:50,68.42,246294,36,买盘
1118,10:25:53,68.42,246269,36,买盘
1119,10:25:56,68.41,198406,29,卖盘
1120,10:25:59,68.42,335229,49,买盘
1121,10:26:02,68.42,451565,66,卖盘
1122,10:26:05,68.42,259997,38,卖盘
1123,10:26:08,68.41,1381932,202,卖盘
1124,10:26:11,68.41,369424,54,中性盘
1125,10:26:14,68.4,266797,39,卖盘
1126,10:26:17,68.42,1347874,197,买盘
1127,10:26:20,68.42,677254,99,卖盘
1128,10:26:23,68.42,191600,28,中性盘
1129,10:26:26,68.41,389995,57,中性盘
1130,10:26:29,68.42,1362235,199,买盘
1131,10:26:32,68.42,109478,16,卖盘
1132,10:26:35,68.43,745950,109,中性盘
1133,10:26:38,68.42,75275,11,卖盘
1134,10:26:41,68.42,540534,79,卖盘
1135,10:26:44,68.44,533690,78,买盘
1136,10:26:47,68.43,280606,41,买盘
1137,10:26:50,68.44,150557,22,买盘
1138,10:26:53,68.44,314784,46,买盘
1139,10:26:56,68.44,342199,50,买盘
1140,10:26:59,68.43,225838,33,卖盘
1141,10:27:02,68.44,492731,72,买盘
1142,10:27:05,68.44,349032,51,买盘
1143,10:27:08,68.44,82122,12,卖盘
1144,10:27:11,68.45,246392,36,买盘
1145,10:27:14,68.44,602280,88,卖盘
1146,10:27:17,68.44,157421,23,中性盘
1147,10:27:20,68.44,1450779,212,买盘
1148,10:27:23,68.45,2928920,428,买盘
1149,10:27:26,68.45,581711,85,买盘
1150,10:27:29,68.45,143738,21,买盘
1151,10:27:32,68.45,794014,116,买盘
1152,10:27:35,68.44,485954,71,卖盘
1153,10:27:38,68.44,903508,132,卖盘
1154,10:27:41,68.44,985575,144,卖盘
1155,10:27:44,68.44,828124,121,买盘
1156,10:27:47,68.44,752755,110,买盘
1157,10:27:50,68.45,390148,57,买盘
1158,10:27:53,68.45,27380,4,卖盘
1159,10:27:56,68.46,47921,7,买盘
1160,10:27:59,68.45,157445,23,卖盘
1161,10:28:02,68.46,164290,24,买盘
1162,10:28:05,68.45,472339,69,卖盘
1163,10:28:08,68.44,499677,73,卖盘
1164,10:28:11,68.44,2265076,331,卖盘
1165,10:28:14,68.44,1669504,244,买盘
1166,10:28:17,68.44,335308,49,买盘
1167,10:28:20,68.42,225804,33,中性盘
1168,10:28:23,68.4,3515876,514,卖盘
1169,10:28:26,68.42,239457,35,买盘
1170,10:28:29,68.4,61568,9,卖盘
1171,10:28:32,68.41,129968,19,买盘
1172,10:28:35,68.41,198391,29,买盘
1173,10:28:38,68.42,813991,119,买盘
1174,10:28:41,68.41,205232,30,买盘
1175,10:28:44,68.4,868680,127,卖盘
1176,10:28:47,68.4,362503,53,买盘
1177,10:28:50,68.4,383031,56,买盘
1178,10:28:53,68.41,75246,11,买盘
1179,10:28:56,68.41,259941,38,买盘
1180,10:28:59,68.4,1682643,246,卖盘
1181,10:29:02,68.4,492415,72,买盘
1182,10:29:05,68.38,328270,48,卖盘
1183,10:29:08,68.39,806941,118,买盘
1184,10:29:11,68.4,211994,31,买盘
1185,10:29:14,68.4,294100,43,买盘
1186,10:29:17,68.39,287251,42,卖盘
1187,10:29:20,68.37,1422218,208,卖盘
1188,10:29:23,68.37,710997,104,买盘
1189,10:29:26,68.37,478532,70,买盘
1190,10:29:29,68.37,334996,49,买盘
1191,10:29:32,68.36,505895,74,卖盘
1192,10:29:35,68.37,205099,30,买盘
1193,10:29:38,68.37,451352,66,卖盘
1194,10:29:41,68.39,123083,18,买盘
1195,10:29:44,68.38,444462,65,卖盘
1196,10:29:47,68.38,27352,4,买盘
1197,10:29:50,68.39,198303,29,买盘
1198,10:29:53,68.39,164122,24,买盘
1199,10:29:56,68.39,198297,29,中性盘
1200,10:29:59,68.39,300877,44,买盘
1201,10:30:02,68.4,184659,27,买盘
1202,10:30:05,68.39,191499,28,卖盘
1203,10:30:08,68.39,164147,24,买盘
1204,10:30:11,68.39,239369,35,卖盘
1205,10:30:14,68.5,7216855,1054,买盘
1206,10:30:17,68.53,95936,14,买盘
1207,10:30:20,68.5,75362,11,卖盘
1208,10:30:23,68.52,280888,41,买盘
1209,10:30:26,68.5,732990,107,卖盘
1210,10:30:29,68.53,493228,72,买盘
1211,10:30:32,68.52,506968,74,卖盘
1212,10:30:35,68.53,232961,34,买盘
1213,10:30:38,68.52,143910,21,卖盘
1214,10:30:41,68.52,1014155,148,卖盘
1215,10:30:44,68.52,541304,79,买盘
1216,10:30:47,68.54,2719954,397,买盘
1217,10:30:50,68.52,555078,81,卖盘
1218,10:30:53,68.55,747138,109,买盘
1219,10:30:56,68.54,102817,15,卖盘
1220,10:30:59,68.56,1802930,263,买盘
1221,10:31:02,68.53,8177173,1193,卖盘
1222,10:31:05,68.53,842901,123,买盘
1223,10:31:08,68.56,541628,79,买盘
1224,10:31:11,68.57,260533,38,买盘
1225,10:31:14,68.54,623915,91,卖盘
1226,10:31:17,68.58,253728,37,买盘
1227,10:31:20,68.59,171469,25,买盘
1228,10:31:23,68.6,521297,76,买盘
1229,10:31:26,68.6,301830,44,买盘
1230,10:31:29,68.6,535031,78,买盘
1231,10:31:32,68.61,473299,69,买盘
1232,10:31:35,68.66,2203557,321,买盘
1233,10:31:41,68.67,425601,62,买盘
1234,10:31:44,68.67,398263,58,买盘
1235,10:31:47,68.68,569995,83,买盘
1236,10:31:50,68.68,631876,92,买盘
1237,10:31:53,68.69,453320,66,买盘
1238,10:31:56,68.7,432770,63,买盘
1239,10:31:59,68.7,487785,71,买盘
1240,10:32:02,68.71,2926666,426,中性盘
1241,10:32:05,68.72,2095449,305,买盘
1242,10:32:08,68.71,2569247,374,中性盘
1243,10:32:11,68.72,1126988,164,买盘
1244,10:32:14,68.72,350474,51,卖盘
1245,10:32:17,68.7,3539036,515,卖盘
1246,10:32:20,68.68,1497658,218,卖盘
1247,10:32:23,68.68,1456042,212,卖盘
1248,10:32:26,68.68,439526,64,买盘
1249,10:32:29,68.66,1180926,172,卖盘
1250,10:32:32,68.65,597050,87,卖盘
1251,10:32:35,68.66,933704,136,买盘
1252,10:32:38,68.66,363902,53,卖盘
1253,10:32:41,68.66,432491,63,买盘
1254,10:32:44,68.64,411826,60,中性盘
1255,10:32:47,68.66,1510102,220,买盘
1256,10:32:50,68.62,555943,81,卖盘
1257,10:32:53,68.64,377476,55,中性盘
1258,10:32:56,68.61,638262,93,卖盘
1259,10:32:59,68.62,446089,65,买盘
1260,10:33:02,68.62,247032,36,卖盘
1261,10:33:05,68.62,528408,77,卖盘
1262,10:33:08,68.62,610754,89,卖盘
1263,10:33:11,68.62,535229,78,卖盘
1264,10:33:14,68.63,844076,123,买盘
1265,10:33:17,68.63,343087,50,买盘
1266,10:33:20,68.63,240211,35,卖盘
1267,10:33:23,68.63,384318,56,卖盘
1268,10:33:26,68.63,343124,50,买盘
1269,10:33:29,68.63,480370,70,买盘
1270,10:33:32,68.62,1235214,180,卖盘
1271,10:33:35,68.61,569540,83,卖盘
1272,10:33:38,68.63,343090,50,买盘
1273,10:33:41,68.63,247037,36,买盘
1274,10:33:44,68.63,507825,74,买盘
1275,10:33:47,68.61,391185,57,卖盘
1276,10:33:50,68.64,569527,83,买盘
1277,10:33:53,68.62,459843,67,卖盘
1278,10:33:56,68.62,439170,64,卖盘
1279,10:33:59,68.62,404835,59,买盘
1280,10:34:02,68.62,370550,54,卖盘
1281,10:34:05,68.63,569515,83,买盘
1282,10:34:08,68.63,329426,48,买盘
1283,10:34:11,68.64,315692,46,中性盘
1284,10:34:14,68.63,48040,7,中性盘
1285,10:34:17,68.63,130399,19,买盘
1286,10:34:20,68.64,178454,26,买盘
1287,10:34:23,68.63,253954,37,卖盘
1288,10:34:26,68.65,274560,40,买盘
1289,10:34:29,68.65,89234,13,买盘
1290,10:34:32,68.66,508027,74,买盘
1291,10:34:35,68.64,761974,111,卖盘
1292,10:34:38,68.66,96117,14,中性盘
1293,10:34:41,68.67,116732,17,买盘
1294,10:34:44,68.67,123587,18,买盘
1295,10:34:47,68.68,274681,40,买盘
1296,10:34:50,68.67,41206,6,卖盘
1297,10:34:53,68.69,679928,99,买盘
1298,10:34:56,68.7,336578,49,买盘
1299,10:34:59,68.71,329770,48,买盘
1300,10:35:02,68.68,2108400,307,卖盘
1301,10:35:05,68.68,487589,71,买盘
1302,10:35:08,68.68,748731,109,买盘
1303,10:35:11,68.7,130508,19,买盘
1304,10:35:14,68.68,329693,48,卖盘
1305,10:35:17,68.7,549555,80,买盘
1306,10:35:20,68.7,89304,13,买盘
1307,10:35:23,68.7,116778,17,买盘
1308,10:35:26,68.7,535809,78,买盘
1309,10:35:29,68.7,247310,36,买盘
1310,10:35:32,68.7,254192,37,卖盘
1311,10:35:35,68.7,920574,134,卖盘
1312,10:35:38,68.7,1614297,235,买盘
1313,10:35:41,68.7,735054,107,中性盘
1314,10:35:44,68.7,267943,39,卖盘
1315,10:35:47,68.7,151147,22,卖盘
1316,10:35:50,68.71,858749,125,买盘
1317,10:35:53,68.71,721427,105,买盘
1318,10:35:56,68.71,13742,2,卖盘
1319,10:35:59,68.72,302329,44,买盘
1320,10:36:02,68.71,1209189,176,卖盘
1321,10:36:05,68.69,556478,81,卖盘
1322,10:36:08,68.68,1985207,289,卖盘
1323,10:36:11,68.71,625105,91,买盘
1324,10:36:14,68.69,309079,45,中性盘
1325,10:36:17,68.7,576975,84,买盘
1326,10:36:20,68.7,398397,58,买盘
1327,10:36:23,68.7,728077,106,买盘
1328,10:36:26,68.7,796929,116,买盘
1329,10:36:29,68.7,144270,21,卖盘
1330,10:36:32,68.7,109921,16,卖盘
1331,10:36:35,68.7,783222,114,卖盘
1332,10:36:38,68.7,178621,26,卖盘
1333,10:36:41,68.71,528996,77,买盘
1334,10:36:44,68.71,412255,60,买盘
1335,10:36:47,68.71,54968,8,卖盘
1336,10:36:50,68.71,377905,55,卖盘
1337,10:36:53,68.68,13035645,1898,卖盘
1338,10:36:56,68.67,1084882,158,买盘
1339,10:36:59,68.66,549424,80,卖盘
1340,10:37:02,68.66,590409,86,卖盘
1341,10:37:05,68.65,322627,47,中性盘
1342,10:37:08,68.66,54918,8,买盘
1343,10:37:11,68.64,363829,53,买盘
1344,10:37:14,68.63,1201153,175,卖盘
1345,10:37:17,68.63,219620,32,卖盘
1346,10:37:20,68.62,48040,7,卖盘
1347,10:37:23,68.63,247034,36,买盘
1348,10:37:26,68.63,116667,17,买盘
1349,10:37:29,68.62,514680,75,卖盘
1350,10:37:32,68.63,281368,41,买盘
1351,10:37:35,68.63,446078,65,买盘
1352,10:37:38,68.63,940131,137,买盘
1353,10:37:41,68.59,4157478,606,卖盘
1354,10:37:44,68.59,1056439,154,卖盘
1355,10:37:47,68.61,240108,35,买盘
1356,10:37:50,68.59,157771,23,卖盘
1357,10:37:53,68.6,144073,21,中性盘
1358,10:37:56,68.59,301797,44,卖盘
1359,10:37:59,68.58,473222,69,卖盘
1360,10:38:02,68.58,397791,58,卖盘
1361,10:38:05,68.59,130319,19,卖盘
1362,10:38:08,68.6,157745,23,买盘
1363,10:38:11,68.59,198904,29,买盘
1364,10:38:14,68.58,486923,71,卖盘
1365,10:38:17,68.57,596569,87,卖盘
1366,10:38:20,68.58,281158,41,买盘
1367,10:38:23,68.58,493726,72,买盘
1368,10:38:26,68.58,102860,15,买盘
1369,10:38:29,68.58,582922,85,买盘
1370,10:38:32,68.57,144011,21,卖盘
1371,10:38:35,68.56,630775,92,卖盘
1372,10:38:38,68.56,438787,64,卖盘
1373,10:38:41,68.56,589518,86,卖盘
1374,10:38:44,68.54,657994,96,卖盘
1375,10:38:47,68.53,54831,8,卖盘
1376,10:38:50,68.52,212420,31,卖盘
1377,10:38:53,68.53,1870405,273,买盘
1378,10:38:56,68.52,246651,36,买盘
1379,10:38:59,68.5,164429,24,卖盘
1380,10:39:02,68.5,150702,22,卖盘
1381,10:39:05,68.51,253473,37,买盘
1382,10:39:08,68.51,739837,108,买盘
1383,10:39:11,68.5,568592,83,卖盘
1384,10:39:14,68.5,6343102,926,卖盘
1385,10:39:17,68.45,643502,94,卖盘
1386,10:39:20,68.42,212180,31,卖盘
1387,10:39:23,68.42,177901,26,卖盘
1388,10:39:26,68.48,1211236,177,买盘
1389,10:39:29,68.41,191578,28,卖盘
1390,10:39:32,68.43,246393,36,卖盘
1391,10:39:35,68.43,376312,55,卖盘
1392,10:39:38,68.42,164219,24,卖盘
1393,10:39:41,68.42,458354,67,买盘
1394,10:39:44,68.42,800874,117,买盘
1395,10:39:47,68.46,786776,115,买盘
1396,10:39:50,68.43,273722,40,卖盘
1397,10:39:53,68.43,232645,34,卖盘
1398,10:39:56,68.44,218997,32,中性盘
1399,10:39:59,68.43,184761,27,卖盘
1400,10:40:02,68.42,260027,38,卖盘
1401,10:40:05,68.43,396874,58,买盘
1402,10:40:08,68.42,622637,91,卖盘
1403,10:40:11,68.43,390024,57,买盘
1404,10:40:14,68.42,492618,72,卖盘
1405,10:40:17,68.43,287389,42,买盘
1406,10:40:20,68.6,3077107,449,买盘
1407,10:40:23,68.6,130340,19,卖盘
1408,10:40:26,68.6,644842,94,卖盘
1409,10:40:29,68.42,3340529,487,卖盘
1410,10:40:32,68.5,75343,11,中性盘
1411,10:40:35,68.5,109652,16,中性盘
1412,10:40:38,68.5,863229,126,卖盘
1413,10:40:41,68.57,212380,31,买盘
1414,10:40:44,68.56,376792,55,卖盘
1415,10:40:47,68.5,411037,60,卖盘
1416,10:40:50,68.52,13704,2,中性盘
1417,10:40:53,68.51,75358,11,中性盘
1418,10:40:56,68.51,61654,9,买盘
1419,10:40:59,68.5,171264,25,卖盘
1420,10:41:02,68.51,424721,62,买盘
1421,10:41:05,68.51,308300,45,卖盘
1422,10:41:08,68.5,137011,20,卖盘
1423,10:41:11,68.5,109605,16,卖盘
1424,10:41:14,68.5,582288,85,卖盘
1425,10:41:17,68.5,246623,36,买盘
1426,10:41:20,68.51,452125,66,买盘
1427,10:41:23,68.51,561792,82,卖盘
1428,10:41:26,68.51,363113,53,卖盘
1429,10:41:29,68.51,116475,17,卖盘
1430,10:41:32,68.51,513783,75,买盘
1431,10:41:35,68.51,191812,28,买盘
1432,10:41:38,68.5,232915,34,卖盘
1433,10:41:41,68.5,342527,50,卖盘
1434,10:41:44,68.51,157565,23,买盘
1435,10:41:47,68.49,445194,65,卖盘
1436,10:41:50,68.48,493074,72,卖盘
1437,10:41:53,68.47,246559,36,卖盘
1438,10:41:56,68.48,171199,25,中性盘
1439,10:41:59,68.48,82173,12,买盘
1440,10:42:02,68.46,61619,9,卖盘
1441,10:42:05,68.46,260166,38,卖盘
1442,10:42:08,68.46,150612,22,买盘
1443,10:42:11,68.47,157455,23,买盘
1444,10:42:14,68.46,219072,32,卖盘
1445,10:42:17,68.46,212226,31,卖盘
1446,10:42:20,68.45,355970,52,卖盘
1447,10:42:23,68.45,68451,10,卖盘
1448,10:42:26,68.46,554519,81,买盘
1449,10:42:29,68.46,287532,42,卖盘
1450,10:42:32,68.46,253306,37,卖盘
1451,10:42:35,68.46,280692,41,卖盘
1452,10:42:38,68.46,123236,18,卖盘
1453,10:42:41,68.46,520326,76,卖盘
1454,10:42:44,68.47,355996,52,买盘
1455,10:42:47,68.47,499777,73,买盘
1456,10:42:50,68.46,68458,10,中性盘
1457,10:42:53,68.46,506520,74,买盘
1458,10:42:56,68.45,903327,132,卖盘
1459,10:42:59,68.45,403832,59,买盘
1460,10:43:02,68.45,164259,24,买盘
1461,10:43:05,68.45,704819,103,买盘
1462,10:43:08,68.45,75296,11,卖盘
1463,10:43:11,68.43,177961,26,卖盘
1464,10:43:14,68.43,205298,30,卖盘
1465,10:43:17,68.44,34220,5,中性盘
1466,10:43:20,68.43,198452,29,卖盘
1467,10:43:23,68.43,27371,4,买盘
1468,10:43:26,68.43,47900,7,买盘
1469,10:43:29,68.43,184762,27,买盘
1470,10:43:32,68.44,205295,30,买盘
1471,10:43:35,68.44,157397,23,买盘
1472,10:43:38,68.44,102651,15,买盘
1473,10:43:41,68.44,342162,50,买盘
1474,10:43:44,68.44,376421,55,买盘
1475,10:43:47,68.43,280599,41,卖盘
1476,10:43:50,68.44,581692,85,中性盘
1477,10:43:53,68.45,396974,58,买盘
1478,10:43:56,68.44,417500,61,卖盘
1479,10:43:59,68.46,41072,6,买盘
1480,10:44:02,68.45,102685,15,卖盘
1481,10:44:05,68.45,266955,39,卖盘
1482,10:44:08,68.44,342204,50,卖盘
1483,10:44:11,68.44,41062,6,买盘
1484,10:44:14,68.43,260045,38,卖盘
1485,10:44:17,68.43,294279,43,卖盘
1486,10:44:20,68.44,280627,41,卖盘
1487,10:44:23,68.44,321668,47,买盘
1488,10:44:26,68.43,307940,45,卖盘
1489,10:44:29,68.44,615904,90,买盘
1490,10:44:32,68.44,253199,37,买盘
1491,10:44:35,68.43,615880,90,卖盘
1492,10:44:38,68.43,68428,10,买盘
1493,10:44:41,68.42,123161,18,卖盘
1494,10:44:44,68.42,239483,35,卖盘
1495,10:44:47,68.42,827939,121,卖盘
1496,10:44:50,68.43,47901,7,买盘
1497,10:44:53,68.42,1019467,149,卖盘
1498,10:44:56,68.43,465192,68,买盘
1499,10:44:59,68.42,68414,10,中性盘
1500,10:45:02,68.42,177885,26,买盘
1501,10:45:05,68.42,109464,16,买盘
1502,10:45:08,68.42,259994,38,买盘
1503,10:45:11,68.41,47893,7,卖盘
1504,10:45:14,68.42,663617,97,卖盘
1505,10:45:17,68.41,123150,18,卖盘
1506,10:45:20,68.41,540453,79,卖盘
1507,10:45:23,68.41,109454,16,买盘
1508,10:45:26,68.41,246276,36,买盘
1509,10:45:29,68.41,670412,98,买盘
1510,10:45:32,68.4,239423,35,卖盘
1511,10:45:35,68.41,335178,49,买盘
1512,10:45:38,68.41,595167,87,买盘
1513,10:45:41,68.41,61566,9,卖盘
1514,10:45:44,68.41,369422,54,卖盘
1515,10:45:47,68.4,2476098,362,卖盘
1516,10:45:50,68.4,1607368,235,买盘
1517,10:45:53,68.39,629192,92,卖盘
1518,10:45:56,68.39,184653,27,卖盘
1519,10:45:59,68.39,519740,76,卖盘
1520,10:46:02,68.38,232497,34,卖盘
1521,10:46:05,68.39,813725,119,买盘
1522,10:46:08,68.39,889014,130,买盘
1523,10:46:11,68.39,718066,105,买盘
1524,10:46:14,68.37,341896,50,卖盘
1525,10:46:17,68.37,205127,30,卖盘
1526,10:46:20,68.37,950365,139,卖盘
1527,10:46:23,68.37,170915,25,买盘
1528,10:46:26,68.37,191427,28,买盘
1529,10:46:29,68.36,293990,43,卖盘
1530,10:46:32,68.36,157250,23,卖盘
1531,10:46:35,68.37,916039,134,卖盘
1532,10:46:38,68.36,47854,7,卖盘
1533,10:46:41,68.36,266620,39,卖盘
1534,10:46:44,68.36,464906,68,卖盘
1535,10:46:47,68.37,4292258,628,买盘
1536,10:46:50,68.35,27341,4,中性盘
1537,10:46:53,68.35,75182,11,买盘
1538,10:46:56,68.34,444162,65,卖盘
1539,10:46:59,68.34,88836,13,买盘
1540,10:47:02,68.33,751636,110,卖盘
1541,10:47:05,68.33,109333,16,买盘
1542,10:47:08,68.33,177644,26,买盘
1543,10:47:11,68.33,286967,42,买盘
1544,10:47:14,68.33,293802,43,卖盘
1545,10:47:17,68.33,327974,48,卖盘
1546,10:47:20,68.33,184491,27,卖盘
1547,10:47:23,68.33,546642,80,卖盘
1548,10:47:26,68.33,232324,34,卖盘
1549,10:47:29,68.32,355290,52,卖盘
1550,10:47:32,68.33,82001,12,卖盘
1551,10:47:35,68.34,410077,60,买盘
1552,10:47:38,68.34,273410,40,卖盘
1553,10:47:41,68.35,82020,12,卖盘
1554,10:47:44,68.35,20505,3,卖盘
1555,10:47:47,68.35,150375,22,卖盘
1556,10:47:50,68.36,68361,10,中性盘
1557,10:47:53,68.35,136710,20,卖盘
1558,10:47:56,68.34,574150,84,卖盘
1559,10:47:59,68.35,116191,17,买盘
1560,10:48:02,68.35,526181,77,卖盘
1561,10:48:05,68.35,143551,21,卖盘
1562,10:48:08,68.35,211885,31,卖盘
1563,10:48:11,68.36,191391,28,买盘
1564,10:48:14,68.35,198243,29,卖盘
1565,10:48:17,68.37,252902,37,买盘
1566,10:48:20,68.35,430636,63,卖盘
1567,10:48:23,68.34,109357,16,卖盘
1568,10:48:26,68.34,191355,28,卖盘
1569,10:48:29,68.34,341700,50,卖盘
1570,10:48:32,68.33,170846,25,卖盘
1571,10:48:35,68.33,396326,58,卖盘
1572,10:48:38,68.34,300662,44,买盘
1573,10:48:41,68.33,218661,32,卖盘
1574,10:48:44,68.34,68337,10,买盘
1575,10:48:47,68.34,47836,7,买盘
1576,10:48:50,68.33,341652,50,卖盘
1577,10:48:53,68.34,150338,22,买盘
1578,10:48:56,68.32,116161,17,卖盘
1579,10:48:59,68.32,485083,71,卖盘
1580,10:49:02,68.32,1120523,164,卖盘
1581,10:49:05,68.31,614831,90,卖盘
1582,10:49:08,68.32,314272,46,买盘
1583,10:49:11,68.31,2425040,355,卖盘
1584,10:49:14,68.31,3121327,457,中性盘
1585,10:49:17,68.3,416635,61,卖盘
1586,10:49:20,68.31,396167,58,买盘
1587,10:49:23,68.3,539592,79,卖盘
1588,10:49:26,68.32,1495929,219,买盘
1589,10:49:29,68.3,245907,36,卖盘
1590,10:49:32,68.31,129780,19,中性盘
1591,10:49:35,68.31,669363,98,卖盘
1592,10:49:38,68.31,191250,28,卖盘
1593,10:49:41,68.31,143447,21,买盘
1594,10:49:44,68.3,191252,28,卖盘
1595,10:49:47,68.3,1010887,148,卖盘
1596,10:49:50,68.3,853786,125,卖盘
1597,10:49:53,68.3,3455992,506,卖盘
1598,10:49:56,68.3,266367,39,买盘
1599,10:49:59,68.29,491718,72,卖盘
1600,10:50:02,68.29,1591173,233,卖盘
1601,10:50:05,68.26,8500603,1245,卖盘
1602,10:50:08,68.27,109216,16,买盘
1603,10:50:11,68.25,1734499,254,卖盘
1604,10:50:14,68.25,375390,55,卖盘
1605,10:50:17,68.26,791707,116,买盘
1606,10:50:20,68.26,484632,71,卖盘
1607,10:50:23,68.27,184295,27,买盘
1608,10:50:26,68.25,457316,67,卖盘
1609,10:50:29,68.26,191108,28,中性盘
1610,10:50:32,68.27,204797,30,买盘
1611,10:50:35,68.26,382225,56,卖盘
1612,10:50:38,68.26,395862,58,买盘
1613,10:50:41,68.26,436819,64,买盘
1614,10:50:44,68.25,204776,30,卖盘
1615,10:50:47,68.27,655281,96,买盘
1616,10:50:50,68.26,204768,30,卖盘
1617,10:50:53,68.26,348118,51,卖盘
1618,10:50:56,68.27,559805,82,买盘
1619,10:50:59,68.25,511975,75,卖盘
1620,10:51:02,68.27,573332,84,中性盘
1621,10:51:05,68.27,61436,9,买盘
1622,10:51:08,68.27,498244,73,买盘
1623,10:51:11,68.26,273058,40,卖盘
1624,10:51:14,68.26,204784,30,卖盘
1625,10:51:17,68.26,300315,44,买盘
1626,10:51:20,68.26,143338,21,买盘
1627,10:51:23,68.25,430019,63,卖盘
1628,10:51:26,68.27,150173,22,买盘
1629,10:51:29,68.26,204769,30,卖盘
1630,10:51:32,68.26,54608,8,卖盘
1631,10:51:35,68.26,525602,77,卖盘
1632,10:51:38,68.27,996616,146,买盘
1633,10:51:41,68.27,778167,114,买盘
1634,10:51:44,68.27,122885,18,买盘
1635,10:51:47,68.26,498385,73,卖盘
1636,10:51:50,68.28,355034,52,买盘
1637,10:51:53,68.27,286728,42,卖盘
1638,10:51:56,68.27,300364,44,买盘
1639,10:51:59,68.27,95574,14,买盘
1640,10:52:02,68.26,382281,56,卖盘
1641,10:52:05,68.26,614365,90,卖盘
1642,10:52:08,68.26,682607,100,卖盘
1643,10:52:11,68.27,634865,93,买盘
1644,10:52:14,68.27,34131,5,中性盘
1645,10:52:17,68.26,546104,80,卖盘
1646,10:52:20,68.27,95574,14,买盘
1647,10:52:23,68.26,109234,16,卖盘
1648,10:52:26,68.27,450576,66,卖盘
1649,10:52:29,68.27,116059,17,卖盘
1650,10:52:32,68.27,129713,19,买盘
1651,10:52:35,68.28,573568,84,买盘
1652,10:52:38,68.27,191184,28,卖盘
1653,10:52:41,68.28,184349,27,买盘
1654,10:52:44,68.28,1099577,161,卖盘
1655,10:52:47,68.28,512108,75,卖盘
1656,10:52:50,68.28,737419,108,卖盘
1657,10:52:53,68.29,163876,24,买盘
1658,10:52:56,68.29,218515,32,买盘
1659,10:52:59,68.29,744259,109,买盘
1660,10:53:02,68.28,102439,15,卖盘
1661,10:53:05,68.29,116084,17,买盘
1662,10:53:08,68.29,471146,69,买盘
1663,10:53:11,68.28,150229,22,卖盘
1664,10:53:14,68.29,505277,74,卖盘
1665,10:53:17,68.28,826165,121,卖盘
1666,10:53:20,68.28,402847,59,买盘
1667,10:53:23,68.29,198020,29,买盘
1668,10:53:26,68.28,40968,6,卖盘
1669,10:53:29,68.29,54631,8,买盘
1670,10:53:32,68.28,833018,122,卖盘
1671,10:53:35,68.28,88762,13,买盘
1672,10:53:38,68.27,136556,20,卖盘
1673,10:53:41,68.28,259451,38,买盘
1674,10:53:44,68.27,621276,91,卖盘
1675,10:53:47,68.28,464298,68,买盘
1676,10:53:50,68.27,225293,33,卖盘
1677,10:53:53,68.27,266288,39,卖盘
1678,10:53:56,68.27,307239,45,卖盘
1679,10:53:59,68.27,375505,55,卖盘
1680,10:54:02,68.27,655415,96,卖盘
1681,10:54:05,68.27,655346,96,买盘
1682,10:54:08,68.26,860087,126,卖盘
1683,10:54:11,68.25,3105477,455,卖盘
1684,10:54:14,68.26,996458,146,买盘
1685,10:54:17,68.24,743924,109,卖盘
1686,10:54:20,68.24,484512,71,卖盘
1687,10:54:23,68.24,122839,18,卖盘
1688,10:54:26,68.25,1603732,235,买盘
1689,10:54:29,68.24,996371,146,卖盘
1690,10:54:32,68.25,354862,52,买盘
1691,10:54:35,68.23,2934003,430,卖盘
1692,10:54:38,68.23,75063,11,卖盘
1693,10:54:41,68.23,1412294,207,卖盘
1694,10:54:44,68.23,54582,8,买盘
1695,10:54:47,68.23,136453,20,买盘
1696,10:54:50,68.22,757252,111,卖盘
1697,10:54:53,68.23,886899,130,买盘
1698,10:54:56,68.23,95525,14,卖盘
1699,10:54:59,68.25,1371746,201,买盘
1700,10:55:02,68.25,197926,29,卖盘
1701,10:55:05,68.25,286652,42,卖盘
1702,10:55:08,68.26,54607,8,买盘
1703,10:55:11,68.25,805367,118,卖盘
1704,10:55:14,68.25,204770,30,卖盘
1705,10:55:17,68.25,395858,58,卖盘
1706,10:55:20,68.26,156998,23,卖盘
1707,10:55:23,68.26,184283,27,买盘
1708,10:55:26,68.25,266196,39,卖盘
1709,10:55:29,68.26,389052,57,中性盘
1710,10:55:32,68.26,580213,85,卖盘
1711,10:55:35,68.26,54609,8,卖盘
1712,10:55:38,68.27,245749,36,买盘
1713,10:55:41,68.26,307172,45,卖盘
1714,10:55:44,68.26,116040,17,买盘
1715,10:55:47,68.26,109227,16,卖盘
1716,10:55:50,68.26,279867,41,卖盘
1717,10:55:53,68.26,54606,8,买盘
1718,10:55:56,68.26,286677,42,买盘
1719,10:55:59,68.26,191114,28,买盘
1720,10:56:02,68.26,525593,77,买盘
1721,10:56:05,68.26,170650,25,卖盘
1722,10:56:08,68.27,150176,22,买盘
1723,10:56:11,68.25,429997,63,卖盘
1724,10:56:14,68.26,559671,82,买盘
1725,10:56:17,68.27,279840,41,买盘
1726,10:56:20,68.27,757587,111,买盘
1727,10:56:23,68.25,109215,16,卖盘
1728,10:56:26,68.25,204745,30,卖盘
1729,10:56:29,68.25,361761,53,卖盘
1730,10:56:32,68.26,177476,26,买盘
1731,10:56:35,68.26,136530,20,卖盘
1732,10:56:38,68.27,273046,40,买盘
1733,10:56:41,68.27,225282,33,买盘
1734,10:56:44,68.26,27306,4,卖盘
1735,10:56:47,68.27,402746,59,买盘
1736,10:56:50,68.27,211629,31,买盘
1737,10:56:53,68.27,61436,9,买盘
1738,10:56:56,68.27,498358,73,买盘
1739,10:56:59,68.27,471054,69,买盘
1740,10:57:02,68.27,75097,11,买盘
1741,10:57:05,68.27,197964,29,买盘
1742,10:57:08,68.26,423230,62,卖盘
1743,10:57:11,68.26,245769,36,卖盘
1744,10:57:14,68.27,1071588,157,买盘
1745,10:57:17,68.24,593801,87,卖盘
1746,10:57:20,68.24,962228,141,卖盘
1747,10:57:23,68.23,559588,82,卖盘
1748,10:57:26,68.23,211526,31,卖盘
1749,10:57:29,68.23,102359,15,卖盘
1750,10:57:32,68.24,2237964,328,买盘
1751,10:57:35,68.23,552728,81,卖盘
1752,10:57:38,68.24,136466,20,中性盘
1753,10:57:41,68.23,818813,120,卖盘
1754,10:57:44,68.23,163776,24,卖盘
1755,10:57:47,68.25,88709,13,买盘
1756,10:57:50,68.23,259293,38,卖盘
1757,10:57:53,68.25,47774,7,买盘
1758,10:57:56,68.24,61415,9,卖盘
1759,10:57:59,68.24,20472,3,买盘
1760,10:58:02,68.23,388935,57,卖盘
1761,10:58:05,68.23,197890,29,卖盘
1762,10:58:08,68.23,907519,133,卖盘
1763,10:58:11,68.24,184223,27,中性盘
1764,10:58:14,68.23,47764,7,卖盘
1765,10:58:17,68.25,1897013,278,买盘
1766,10:58:20,68.23,1453152,213,卖盘
1767,10:58:23,68.22,197868,29,卖盘
1768,10:58:26,68.23,300228,44,买盘
1769,10:58:29,68.22,259268,38,卖盘
1770,10:58:32,68.23,75046,11,中性盘
1771,10:58:35,68.22,641306,94,卖盘
1772,10:58:38,68.22,266087,39,卖盘
1773,10:58:41,68.23,7817174,1146,买盘
1774,10:58:44,68.2,3219069,472,卖盘
1775,10:58:47,68.2,3273645,480,卖盘
1776,10:58:50,68.22,872978,128,买盘
1777,10:58:53,68.19,1091196,160,卖盘
1778,10:58:56,68.2,1036424,152,买盘
1779,10:58:59,68.19,122741,18,中性盘
1780,10:59:02,68.19,674994,99,买盘
1781,10:59:05,68.18,1738563,255,卖盘
1782,10:59:08,68.17,1717888,252,卖盘
1783,10:59:11,68.17,265889,39,卖盘
1784,10:59:14,68.16,422593,62,卖盘
1785,10:59:17,68.14,1512712,222,卖盘
1786,10:59:20,68.14,1791637,263,买盘
1787,10:59:23,68.12,1389521,204,卖盘
1788,10:59:26,68.12,456426,67,卖盘
1789,10:59:29,68.12,435996,64,卖盘
1790,10:59:32,68.11,183880,27,卖盘
1791,10:59:35,68.11,224774,33,买盘
1792,10:59:38,68.11,783252,115,卖盘
1793,10:59:41,68.11,1586841,233,卖盘
1794,10:59:44,68.1,578879,85,卖盘
1795,10:59:47,68.11,871734,128,买盘
1796,10:59:50,68.1,2206482,324,卖盘
1797,10:59:53,68.11,1253671,184,买盘
1798,10:59:56,68.1,401781,59,卖盘
1799,10:59:59,68.1,476733,70,卖盘
1800,11:00:02,68.11,755863,111,买盘
1801,11:00:05,68.1,660611,97,卖盘
1802,11:00:08,68.11,612935,90,买盘
1803,11:00:11,68.1,1116857,164,卖盘
1804,11:00:14,68.1,435841,64,买盘
1805,11:00:17,68.1,980498,144,中性盘
1806,11:00:20,68.09,1729320,254,卖盘
1807,11:00:23,68.07,1640169,241,卖盘
1808,11:00:26,68.08,1940529,285,买盘
1809,11:00:29,68.07,108923,16,卖盘
1810,11:00:32,68.07,204217,30,卖盘
1811,11:00:35,68.08,912175,134,买盘
1812,11:00:38,68.08,340381,50,买盘
1813,11:00:41,68.08,1041519,153,买盘
1814,11:00:44,68.08,2873762,422,买盘
1815,11:00:47,68.16,1757543,258,买盘
1816,11:00:50,68.16,238442,35,买盘
1817,11:00:53,68.12,88567,13,卖盘
1818,11:00:56,68.12,817341,120,卖盘
1819,11:00:59,68.12,115797,17,买盘
1820,11:01:02,68.12,279265,41,买盘
1821,11:01:05,68.11,163467,24,卖盘
1822,11:01:08,68.09,728622,107,卖盘
1823,11:01:11,68.08,204271,30,卖盘
1824,11:01:14,68.11,565152,83,买盘
1825,11:01:17,68.08,1273286,187,卖盘
1826,11:01:20,68.1,333728,49,卖盘
1827,11:01:23,68.09,1293553,190,卖盘
1828,11:01:26,68.07,4656585,684,卖盘
1829,11:01:29,68.09,422146,62,买盘
1830,11:01:32,68.08,272357,40,卖盘
1831,11:01:35,68.09,476588,70,买盘
1832,11:01:38,68.08,231475,34,卖盘
1833,11:01:41,68.08,462944,68,买盘
1834,11:01:44,68.08,639890,94,买盘
1835,11:01:47,68.08,687597,101,买盘
1836,11:01:50,68.08,177006,26,买盘
1837,11:01:53,68.08,497012,73,卖盘
1838,11:01:56,68.09,558294,82,买盘
1839,11:01:59,68.09,204250,30,买盘
1840,11:02:02,68.08,177009,26,卖盘
1841,11:02:05,68.08,374448,55,买盘
1842,11:02:08,68.08,313152,46,买盘
1843,11:02:11,68.07,885036,130,卖盘
1844,11:02:14,68.08,319977,47,买盘
1845,11:02:17,68.08,938808,138,卖盘
1846,11:02:20,68.08,360843,53,卖盘
1847,11:02:23,68.08,258700,38,买盘
1848,11:02:26,68.08,1252450,184,卖盘
1849,11:02:29,68.08,1551816,228,卖盘
1850,11:02:32,68.08,245084,36,买盘
1851,11:02:35,68.07,136157,20,卖盘
1852,11:02:38,68.07,694408,102,卖盘
1853,11:02:41,68.07,279087,41,买盘
1854,11:02:44,68.07,326744,48,买盘
1855,11:02:47,68.07,347162,51,卖盘
1856,11:02:50,68.07,701348,103,卖盘
1857,11:02:53,68.08,136171,20,卖盘
1858,11:02:56,68.08,129341,19,买盘
1859,11:02:59,68.07,966650,142,卖盘
1860,11:03:02,68.08,449257,66,买盘
1861,11:03:05,68.08,13616,2,卖盘
1862,11:03:08,68.08,306379,45,卖盘
1863,11:03:11,68.08,687581,101,卖盘
1864,11:03:14,68.07,551422,81,卖盘
1865,11:03:17,68.07,558219,82,卖盘
1866,11:03:20,68.07,1231946,181,买盘
1867,11:03:23,68.08,347164,51,买盘
1868,11:03:26,68.08,1027798,151,买盘
1869,11:03:29,68.08,136152,20,买盘
1870,11:03:32,68.08,1395234,205,买盘
1871,11:03:35,68.09,340409,50,中性盘
1872,11:03:38,68.09,211081,31,卖盘
1873,11:03:41,68.09,54474,8,中性盘
1874,11:03:44,68.09,320035,47,买盘
1875,11:03:47,68.09,149806,22,买盘
1876,11:03:50,68.09,54472,8,卖盘
1877,11:03:53,68.09,306435,45,卖盘
1878,11:03:56,68.09,1300636,191,卖盘
1879,11:03:59,68.1,810404,119,买盘
1880,11:04:02,68.11,429112,63,买盘
1881,11:04:05,68.13,320139,47,买盘
1882,11:04:08,68.12,27247,4,卖盘
1883,11:04:11,68.11,156669,23,卖盘
1884,11:04:14,68.13,61308,9,买盘
1885,11:04:17,68.13,367829,54,买盘
1886,11:04:20,68.12,156690,23,买盘
1887,11:04:23,68.13,606212,89,买盘
1888,11:04:26,68.13,272502,40,买盘
1889,11:04:29,68.12,933113,137,卖盘
1890,11:04:32,68.13,1082845,159,买盘
1891,11:04:35,68.12,156687,23,卖盘
1892,11:04:38,68.11,299721,44,卖盘
1893,11:04:41,68.11,286036,42,中性盘
1894,11:04:44,68.12,279280,41,买盘
1895,11:04:47,68.12,156670,23,买盘
1896,11:04:50,68.12,197555,29,买盘
1897,11:04:53,68.12,449565,66,卖盘
1898,11:04:56,68.13,831184,122,买盘
1899,11:04:59,68.13,129447,19,卖盘
1900,11:05:02,68.14,20442,3,买盘
1901,11:05:05,68.13,245271,36,卖盘
1902,11:05:08,68.14,47695,7,买盘
1903,11:05:11,68.14,115843,17,买盘
1904,11:05:14,68.14,204422,30,卖盘
1905,11:05:17,68.14,974504,143,卖盘
1906,11:05:20,68.15,231688,34,买盘
1907,11:05:23,68.15,109034,16,买盘
1908,11:05:26,68.16,61343,9,买盘
1909,11:05:29,68.16,143124,21,买盘
1910,11:05:32,68.16,770084,113,买盘
1911,11:05:35,68.16,722427,106,卖盘
1912,11:05:38,68.17,477167,70,买盘
1913,11:05:41,68.17,6817,1,卖盘
1914,11:05:44,68.18,422673,62,买盘
1915,11:05:47,68.18,354529,52,买盘
1916,11:05:50,68.18,197731,29,买盘
1917,11:05:53,68.18,20454,3,卖盘
1918,11:05:56,68.19,129547,19,买盘
1919,11:05:59,68.19,34095,5,买盘
1920,11:06:02,68.2,941140,138,买盘
1921,11:06:05,68.19,88658,13,卖盘
1922,11:06:08,68.2,54559,8,中性盘
1923,11:06:11,68.19,252370,37,卖盘
1924,11:06:14,68.21,170515,25,买盘
1925,11:06:17,68.2,279650,41,卖盘
1926,11:06:20,68.21,190986,28,买盘
1927,11:06:23,68.22,361539,53,买盘
1928,11:06:26,68.21,204656,30,卖盘
1929,11:06:29,68.21,204672,30,中性盘
1930,11:06:32,68.21,641087,94,买盘
1931,11:06:35,68.21,450082,66,买盘
1932,11:06:38,68.21,859209,126,买盘
1933,11:06:41,68.21,286484,42,买盘
1934,11:06:44,68.21,320584,47,卖盘
1935,11:06:47,68.21,225062,33,买盘
1936,11:06:50,68.2,156874,23,中性盘
1937,11:06:53,68.21,354671,52,买盘
1938,11:06:56,68.21,27284,4,卖盘
1939,11:06:59,68.21,81852,12,卖盘
1940,11:07:02,68.2,265978,39,卖盘
1941,11:07:05,68.21,265961,39,买盘
1942,11:07:08,68.19,340956,50,中性盘
1943,11:07:11,68.21,497896,73,买盘
1944,11:07:14,68.2,109128,16,卖盘
1945,11:07:17,68.21,470631,69,中性盘
1946,11:07:20,68.21,61389,9,买盘
1947,11:07:23,68.21,204631,30,卖盘
1948,11:07:26,68.2,238704,35,卖盘
1949,11:07:29,68.21,293299,43,买盘
1950,11:07:32,68.21,95496,14,买盘
1951,11:07:35,68.2,593363,87,卖盘
1952,11:07:38,68.2,402362,59,卖盘
1953,11:07:41,68.18,538650,79,卖盘
1954,11:07:44,68.18,218192,32,卖盘
1955,11:07:47,68.17,225019,33,卖盘
1956,11:07:50,68.18,238650,35,买盘
1957,11:07:53,68.18,190910,28,卖盘
1958,11:07:56,68.18,722714,106,买盘
1959,11:07:59,68.18,143182,21,卖盘
1960,11:08:02,68.18,184086,27,卖盘
1961,11:08:05,68.18,668130,98,卖盘
1962,11:08:08,68.17,647655,95,卖盘
1963,11:08:11,68.18,143173,21,买盘
1964,11:08:14,68.18,170436,25,买盘
1965,11:08:17,68.18,327222,48,买盘
1966,11:08:20,68.17,88621,13,卖盘
1967,11:08:23,68.16,490790,72,卖盘
1968,11:08:26,68.16,218126,32,卖盘
1969,11:08:29,68.16,102241,15,卖盘
1970,11:08:32,68.15,149965,22,卖盘
1971,11:08:35,68.15,320310,47,卖盘
1972,11:08:38,68.16,320313,47,买盘
1973,11:08:41,68.13,408815,60,卖盘
1974,11:08:44,68.12,40875,6,卖盘
1975,11:08:47,68.13,143071,21,买盘
1976,11:08:50,68.13,108998,16,买盘
1977,11:08:53,68.11,1042087,153,卖盘
1978,11:08:56,68.11,340549,50,买盘
1979,11:08:59,68.12,647054,95,买盘
1980,11:09:02,68.11,408667,60,卖盘
1981,11:09:05,68.11,653802,96,买盘
1982,11:09:08,68.1,211141,31,卖盘
1983,11:09:11,68.11,1178263,173,中性盘
1984,11:09:14,68.12,204311,30,买盘
1985,11:09:17,68.1,238377,35,卖盘
1986,11:09:20,68.1,245178,36,卖盘
1987,11:09:23,68.11,170253,25,买盘
1988,11:09:26,68.11,136213,20,买盘
1989,11:09:29,68.12,1042218,153,买盘
1990,11:09:32,68.12,252011,37,买盘
1991,11:09:35,68.12,204352,30,买盘
1992,11:09:38,68.12,149853,22,买盘
1993,11:09:41,68.12,61309,9,卖盘
1994,11:09:44,68.12,415535,61,卖盘
1995,11:09:47,68.13,95377,14,买盘
1996,11:09:50,68.12,197563,29,卖盘
1997,11:09:53,68.13,347420,51,买盘
1998,11:09:56,68.13,136257,20,买盘
1999,11:09:59,68.14,619960,91,买盘
2000,11:10:02,68.14,61326,9,买盘
2001,11:10:05,68.13,61319,9,卖盘
2002,11:10:08,68.13,463276,68,卖盘
2003,11:10:11,68.13,61311,9,买盘
2004,11:10:14,68.13,320187,47,买盘
2005,11:10:17,68.13,1015047,149,买盘
2006,11:10:20,68.12,108993,16,中性盘
2007,11:10:23,68.11,517636,76,卖盘
2008,11:10:26,68.12,68116,10,买盘
2009,11:10:29,68.12,136234,20,买盘
2010,11:10:32,68.13,565412,83,买盘
2011,11:10:35,68.12,1151245,169,卖盘
2012,11:10:38,68.13,306557,45,买盘
2013,11:10:41,68.13,197559,29,买盘
2014,11:10:44,68.12,320178,47,卖盘
2015,11:10:47,68.13,401923,59,买盘
2016,11:10:50,68.13,68130,10,中性盘
2017,11:10:53,68.14,1022100,150,买盘
2018,11:10:56,68.18,1887786,277,买盘
2019,11:10:59,68.17,20449,3,中性盘
2020,11:11:02,68.19,381808,56,买盘
2021,11:11:05,68.19,88641,13,买盘
2022,11:11:08,68.19,197747,29,买盘
2023,11:11:11,68.18,197733,29,卖盘
2024,11:11:14,68.19,47732,7,买盘
2025,11:11:17,68.18,136363,20,卖盘
2026,11:11:20,68.19,334124,49,买盘
2027,11:11:23,68.17,197722,29,卖盘
2028,11:11:26,68.19,68190,10,买盘
2029,11:11:29,68.19,20457,3,卖盘
2030,11:11:32,68.2,511481,75,买盘
2031,11:11:35,68.2,81833,12,买盘
2032,11:11:38,68.2,361457,53,买盘
2033,11:11:41,68.2,347819,51,买盘
2034,11:11:44,68.2,272800,40,卖盘
2035,11:11:47,68.21,252347,37,买盘
2036,11:11:50,68.21,627481,92,买盘
2037,11:11:53,68.2,327389,48,卖盘
2038,11:11:56,68.19,252338,37,卖盘
2039,11:11:59,68.2,784229,115,买盘
2040,11:12:02,68.19,838796,123,卖盘
2041,11:12:05,68.2,177315,26,买盘
2042,11:12:08,68.19,75013,11,卖盘
2043,11:12:11,68.2,184133,27,买盘
2044,11:12:14,68.2,6820,1,卖盘
2045,11:12:17,68.2,491045,72,卖盘
2046,11:12:20,68.2,225063,33,买盘
2047,11:12:23,68.2,272800,40,卖盘
2048,11:12:26,68.2,156858,23,买盘
2049,11:12:29,68.2,334175,49,买盘
2050,11:12:32,68.19,340984,50,卖盘
2051,11:12:35,68.2,47740,7,买盘
2052,11:12:38,68.19,641009,94,卖盘
2053,11:12:41,68.2,184138,27,买盘
2054,11:12:44,68.2,238698,35,卖盘
2055,11:12:47,68.19,340969,50,卖盘
2056,11:12:50,68.18,231841,34,卖盘
2057,11:12:53,68.18,54548,8,卖盘
2058,11:12:56,68.19,306835,45,买盘
2059,11:12:59,68.2,27279,4,买盘
2060,11:13:02,68.19,586410,86,卖盘
2061,11:13:05,68.19,375012,55,买盘
2062,11:13:08,68.18,436418,64,卖盘
2063,11:13:11,68.2,102282,15,买盘
2064,11:13:14,68.19,34096,5,卖盘
2065,11:13:17,68.19,122753,18,卖盘
2066,11:13:20,68.2,265974,39,买盘
2067,11:13:23,68.2,40920,6,卖盘
2068,11:13:26,68.21,245537,36,买盘
2069,11:13:29,68.2,27280,4,卖盘
2070,11:13:32,68.2,265983,39,卖盘
2071,11:13:35,68.21,54566,8,买盘
2072,11:13:38,68.2,143236,21,卖盘
2073,11:13:41,68.21,156880,23,买盘
2074,11:13:44,68.2,129581,19,卖盘
2075,11:13:47,68.21,238724,35,买盘
2076,11:13:50,68.21,68210,10,买盘
2077,11:13:53,68.22,40931,6,买盘
2078,11:13:56,68.22,231935,34,买盘
2079,11:13:59,68.22,231948,34,买盘
2080,11:14:02,68.23,477519,70,买盘
2081,11:14:05,68.23,115985,17,买盘
2082,11:14:08,68.22,136452,20,卖盘
2083,11:14:14,68.24,34120,5,买盘
2084,11:14:17,68.23,300247,44,卖盘
2085,11:14:20,68.24,122828,18,中性盘
2086,11:14:23,68.22,975739,143,卖盘
2087,11:14:26,68.24,20472,3,买盘
2088,11:14:29,68.24,61419,9,中性盘
2089,11:14:32,68.24,20471,3,买盘
2090,11:14:35,68.25,20473,3,买盘
2091,11:14:38,68.24,54598,8,卖盘
2092,11:14:41,68.25,40952,6,买盘
2093,11:14:44,68.25,47775,7,卖盘
2094,11:14:47,68.25,593780,87,卖盘
2095,11:14:50,68.25,102385,15,卖盘
2096,11:14:53,68.25,334428,49,卖盘
2097,11:14:56,68.25,129675,19,买盘
2098,11:14:59,68.25,327590,48,买盘
2099,11:15:02,68.25,368498,54,中性盘
2100,11:15:05,68.24,395803,58,卖盘
2101,11:15:08,68.26,75073,11,买盘
2102,11:15:11,68.26,27301,4,买盘
2103,11:15:14,68.25,634741,93,卖盘
2104,11:15:17,68.23,293418,43,卖盘
2105,11:15:20,68.23,866451,127,卖盘
2106,11:15:23,68.24,156931,23,买盘
2107,11:15:26,68.23,764251,112,卖盘
2108,11:15:29,68.24,225179,33,买盘
2109,11:15:32,68.24,13649,2,卖盘
2110,11:15:35,68.25,40948,6,买盘
2111,11:15:38,68.25,54600,8,买盘
2112,11:15:41,68.26,40953,6,买盘
2113,11:15:44,68.25,54600,8,卖盘
2114,11:15:47,68.25,27302,4,卖盘
2115,11:15:50,68.26,586960,86,买盘
2116,11:15:53,68.26,744034,109,买盘
2117,11:15:56,68.26,327641,48,卖盘
2118,11:15:59,68.26,675820,99,买盘
2119,11:16:02,68.26,627999,92,卖盘
2120,11:16:05,68.27,68268,10,买盘
2121,11:16:08,68.27,191148,28,买盘
2122,11:16:11,68.26,245757,36,卖盘
2123,11:16:14,68.27,314042,46,买盘
2124,11:16:17,68.27,95581,14,卖盘
2125,11:16:20,68.27,136543,20,卖盘
2126,11:16:23,68.27,457409,67,卖盘
2127,11:16:26,68.28,122899,18,买盘
2128,11:16:29,68.28,34140,5,买盘
2129,11:16:32,68.28,430159,63,买盘
2130,11:16:35,68.28,348227,51,买盘
2131,11:16:38,68.29,163890,24,买盘
2132,11:16:41,68.29,88777,13,买盘
2133,11:16:44,68.29,88777,13,买盘
2134,11:16:47,68.29,102435,15,买盘
2135,11:16:50,68.3,239025,35,买盘
2136,11:16:53,68.29,27316,4,卖盘
2137,11:16:56,68.3,293684,43,买盘
2138,11:16:59,68.32,553240,81,买盘
2139,11:17:02,68.29,922040,135,卖盘
2140,11:17:05,68.32,334753,49,买盘
2141,11:17:08,68.32,102492,15,卖盘
2142,11:17:11,68.33,348464,51,买盘
2143,11:17:14,68.33,457874,67,卖盘
2144,11:17:17,68.34,88841,13,买盘
2145,11:17:20,68.33,1059202,155,卖盘
2146,11:17:23,68.34,1311910,192,中性盘
2147,11:17:26,68.34,519363,76,买盘
2148,11:17:29,68.35,95689,14,买盘
2149,11:17:32,68.35,246062,36,卖盘
2150,11:17:35,68.34,82017,12,卖盘
2151,11:17:38,68.33,1066160,156,卖盘
2152,11:17:41,68.33,300661,44,卖盘
2153,11:17:44,68.34,136656,20,买盘
2154,11:17:47,68.32,273276,40,卖盘
2155,11:17:50,68.33,690095,101,买盘
2156,11:17:53,68.32,225514,33,卖盘
2157,11:17:56,68.33,75163,11,中性盘
2158,11:17:59,68.33,88828,13,中性盘
2159,11:18:02,68.34,259639,38,买盘
2160,11:18:05,68.32,13664,2,卖盘
2161,11:18:08,68.33,266496,39,卖盘
2162,11:18:11,68.34,163996,24,买盘
2163,11:18:14,68.35,1257608,184,买盘
2164,11:18:17,68.35,170875,25,卖盘
2165,11:18:20,68.35,690346,101,卖盘
2166,11:18:23,68.35,150378,22,卖盘
2167,11:18:26,68.35,123029,18,卖盘
2168,11:18:29,68.34,136684,20,卖盘
2169,11:18:32,68.34,259699,38,卖盘
2170,11:18:35,68.36,1811291,265,买盘
2171,11:18:38,68.36,177761,26,卖盘
2172,11:18:41,68.37,95715,14,买盘
2173,11:18:44,68.37,20511,3,卖盘
2174,11:18:47,68.38,157257,23,买盘
2175,11:18:50,68.37,314532,46,卖盘
2176,11:18:53,68.37,150419,22,卖盘
2177,11:18:56,68.37,410256,60,买盘
2178,11:18:59,68.37,164088,24,买盘
2179,11:19:02,68.38,806903,118,买盘
2180,11:19:05,68.37,670031,98,卖盘
2181,11:19:08,68.4,656427,96,买盘
2182,11:19:11,68.37,13676,2,卖盘
2183,11:19:14,68.39,143632,21,卖盘
2184,11:19:17,68.36,574234,84,卖盘
2185,11:19:20,68.37,717982,105,买盘
2186,11:19:23,68.36,348628,51,买盘
2187,11:19:26,68.35,314444,46,卖盘
2188,11:19:29,68.36,170876,25,买盘
2189,11:19:32,68.36,170895,25,买盘
2190,11:19:35,68.36,61523,9,卖盘
2191,11:19:38,68.34,1380707,202,卖盘
2192,11:19:41,68.35,239208,35,买盘
2193,11:19:44,68.34,608165,89,卖盘
2194,11:19:47,68.34,47837,7,买盘
2195,11:19:50,68.33,41003,6,卖盘
2196,11:19:53,68.34,123006,18,买盘
2197,11:19:56,68.33,88830,13,卖盘
2198,11:19:59,68.33,95672,14,卖盘
2199,11:20:02,68.33,512500,75,卖盘
2200,11:20:05,68.33,68331,10,卖盘
2201,11:20:08,68.34,252855,37,买盘
2202,11:20:11,68.31,929114,136,卖盘
2203,11:20:14,68.31,27324,4,买盘
2204,11:20:17,68.31,259578,38,买盘
2205,11:20:20,68.31,68305,10,买盘
2206,11:20:23,68.29,1434268,210,卖盘
2207,11:20:26,68.28,1106152,162,卖盘
2208,11:20:29,68.27,184352,27,卖盘
2209,11:20:32,68.27,198019,29,卖盘
2210,11:20:35,68.27,95599,14,卖盘
2211,11:20:38,68.27,204802,30,卖盘
2212,11:20:41,68.28,293635,43,买盘
2213,11:20:44,68.28,491551,72,卖盘
2214,11:20:47,68.27,955844,140,卖盘
2215,11:20:50,68.27,539340,79,卖盘
2216,11:20:53,68.28,75108,11,买盘
2217,11:20:56,68.29,34145,5,买盘
2218,11:20:59,68.29,68281,10,买盘
2219,11:21:02,68.28,389199,57,卖盘
2220,11:21:05,68.29,40971,6,买盘
2221,11:21:08,68.27,239001,35,卖盘
2222,11:21:11,68.28,1003640,147,买盘
2223,11:21:14,68.28,170690,25,买盘
2224,11:21:17,68.27,68276,10,卖盘
2225,11:21:20,68.28,20483,3,买盘
2226,11:21:23,68.27,68272,10,卖盘
2227,11:21:26,68.28,40965,6,买盘
2228,11:21:29,68.27,34137,5,卖盘
2229,11:21:32,68.27,218488,32,卖盘
2230,11:21:35,68.28,20483,3,买盘
2231,11:21:41,68.28,54627,8,卖盘
2232,11:21:44,68.29,218497,32,买盘
2233,11:21:47,68.28,129732,19,卖盘
2234,11:21:50,68.28,116087,17,卖盘
2235,11:21:53,68.28,95594,14,卖盘
2236,11:21:56,68.28,157054,23,卖盘
2237,11:21:59,68.27,88760,13,卖盘
2238,11:22:02,68.26,368652,54,卖盘
2239,11:22:05,68.28,286757,42,买盘
2240,11:22:08,68.27,68272,10,中性盘
2241,11:22:11,68.28,116063,17,买盘
2242,11:22:14,68.27,116065,17,买盘
2243,11:22:17,68.27,170673,25,买盘
2244,11:22:20,68.26,27306,4,卖盘
2245,11:22:23,68.27,348143,51,买盘
2246,11:22:26,68.27,238939,35,买盘
2247,11:22:29,68.27,259438,38,卖盘
2248,11:22:32,68.28,157012,23,买盘
2249,11:22:35,68.27,13653,2,买盘
2250,11:22:38,68.28,424075,62,买盘
2251,11:22:41,68.27,600837,88,卖盘
2252,11:22:44,68.28,81936,12,卖盘
2253,11:22:50,68.27,102411,15,卖盘
2254,11:22:53,68.28,648594,95,买盘
2255,11:22:56,68.28,150216,22,卖盘
2256,11:22:59,68.28,95602,14,卖盘
2257,11:23:02,68.28,532585,78,卖盘
2258,11:23:05,68.28,191184,28,卖盘
2259,11:23:08,68.29,102429,15,买盘
2260,11:23:11,68.29,252663,37,买盘
2261,11:23:14,68.28,525831,77,卖盘
2262,11:23:17,68.29,320963,47,卖盘
2263,11:23:20,68.29,266337,39,买盘
2264,11:23:23,68.29,184383,27,卖盘
2265,11:23:26,68.28,61460,9,卖盘
2266,11:23:29,68.29,655537,96,买盘
2267,11:23:32,68.29,409740,60,买盘
2268,11:23:35,68.29,109264,16,买盘
2269,11:23:38,68.29,204874,30,卖盘
2270,11:23:41,68.29,464372,68,卖盘
2271,11:23:44,68.29,34145,5,买盘
2272,11:23:47,68.29,6829,1,买盘
2273,11:23:50,68.29,13658,2,买盘
2274,11:23:53,68.29,40974,6,买盘
2275,11:23:56,68.28,95603,14,卖盘
2276,11:23:59,68.29,95600,14,买盘
2277,11:24:02,68.29,143400,21,买盘
2278,11:24:05,68.29,396081,58,买盘
2279,11:24:08,68.29,157067,23,卖盘
2280,11:24:11,68.29,75119,11,卖盘
2281,11:24:14,68.3,40979,6,买盘
2282,11:24:20,68.3,519079,76,买盘
2283,11:24:23,68.3,122938,18,买盘
2284,11:24:26,68.3,300512,44,买盘
2285,11:24:29,68.3,198054,29,买盘
2286,11:24:32,68.29,478051,70,卖盘
2287,11:24:35,68.29,1072275,157,买盘
2288,11:24:38,68.29,109259,16,买盘
2289,11:24:41,68.29,191210,28,买盘
2290,11:24:44,68.29,61457,9,买盘
2291,11:24:47,68.3,402920,59,买盘
2292,11:24:50,68.29,61467,9,卖盘
2293,11:24:53,68.3,34150,5,买盘
2294,11:24:56,68.3,54640,8,买盘
2295,11:24:59,68.31,710347,104,买盘
2296,11:25:02,68.32,23638,3,买盘
2297,11:25:05,68.31,54652,8,卖盘
2298,11:25:08,68.32,129817,19,买盘
2299,11:25:11,68.31,92493,14,卖盘
2300,11:25:14,68.31,109282,16,买盘
2301,11:25:17,68.31,132932,19,买盘
2302,11:25:20,68.31,81973,12,卖盘
2303,11:25:23,68.31,239063,35,卖盘
2304,11:25:26,68.32,27326,4,买盘
2305,11:25:29,68.3,81978,12,卖盘
2306,11:25:32,68.3,116136,17,卖盘
2307,11:25:35,68.32,191253,28,买盘
2308,11:25:38,68.32,20496,3,买盘
2309,11:25:41,68.33,47826,7,买盘
2310,11:25:44,68.33,6833,1,买盘
2311,11:25:47,68.33,81996,12,买盘
2312,11:25:50,68.33,341626,50,买盘
2313,11:25:53,68.33,27332,4,卖盘
2314,11:25:56,68.34,54672,8,买盘
2315,11:25:59,68.34,170869,25,卖盘
2316,11:26:02,68.34,13668,2,卖盘
2317,11:26:05,68.34,54670,8,卖盘
2318,11:26:08,68.34,102510,15,买盘
2319,11:26:11,68.33,300658,44,卖盘
2320,11:26:14,68.36,539932,79,买盘
2321,11:26:17,68.36,20507,3,买盘
2322,11:26:20,68.36,150389,22,买盘
2323,11:26:23,68.36,348635,51,买盘
2324,11:26:26,68.36,239260,35,买盘
2325,11:26:29,68.33,2897698,424,卖盘
2326,11:26:32,68.35,259683,38,买盘
2327,11:26:35,68.35,546890,80,买盘
2328,11:26:38,68.35,27340,4,卖盘
2329,11:26:41,68.35,239228,35,卖盘
2330,11:26:44,68.34,123011,18,中性盘
2331,11:26:47,68.33,416813,61,卖盘
2332,11:26:50,68.32,122990,18,卖盘
2333,11:26:53,68.32,68318,10,买盘
2334,11:26:56,68.3,922083,135,卖盘
2335,11:26:59,68.3,2476079,363,卖盘
2336,11:27:02,68.3,1543358,226,买盘
2337,11:27:05,68.29,894546,131,买盘
2338,11:27:08,68.28,157063,23,卖盘
2339,11:27:11,68.28,792043,116,卖盘
2340,11:27:14,68.27,641742,94,卖盘
2341,11:27:17,68.27,348152,51,买盘
2342,11:27:20,68.27,750968,110,买盘
2343,11:27:23,68.26,54614,8,卖盘
2344,11:27:26,68.26,88741,13,卖盘
2345,11:27:29,68.27,245741,36,卖盘
2346,11:27:32,68.26,6826,1,卖盘
2347,11:27:35,68.26,61441,9,卖盘
2348,11:27:38,68.26,129705,19,卖盘
2349,11:27:41,68.26,381506,56,卖盘
2350,11:27:44,68.26,177462,26,买盘
2351,11:27:47,68.26,40956,6,买盘
2352,11:27:50,68.26,874425,128,买盘
2353,11:27:53,68.27,1153360,169,买盘
2354,11:27:56,68.26,88747,13,卖盘
2355,11:27:59,68.27,68263,10,买盘
2356,11:28:02,68.26,45257,7,卖盘
2357,11:28:05,68.26,233861,34,卖盘
2358,11:28:08,68.26,27304,4,买盘
2359,11:28:11,68.26,177468,26,买盘
2360,11:28:14,68.26,102390,15,买盘
2361,11:28:17,68.26,170642,25,买盘
2362,11:28:20,68.25,225253,33,卖盘
2363,11:28:23,68.26,182523,27,买盘
2364,11:28:26,68.26,13652,2,卖盘
2365,11:28:29,68.26,197954,29,卖盘
2366,11:28:32,68.26,197954,29,卖盘
2367,11:28:35,68.26,68260,10,卖盘
2368,11:28:38,68.26,49557,7,卖盘
2369,11:28:41,68.26,88737,13,买盘
2370,11:28:44,68.26,20478,3,买盘
2371,11:28:47,68.25,204758,30,卖盘
2372,11:28:50,68.26,266210,39,买盘
2373,11:28:53,68.26,68256,10,买盘
2374,11:28:56,68.26,170646,25,买盘
2375,11:28:59,68.26,271245,40,买盘
2376,11:29:02,68.26,204780,30,卖盘
2377,11:29:05,68.25,254313,37,卖盘
2378,11:29:08,68.25,81900,12,买盘
2379,11:29:11,68.24,156963,23,卖盘
2380,11:29:14,68.24,61415,9,买盘
2381,11:29:17,68.23,163757,24,卖盘
2382,11:29:20,68.22,2312912,339,卖盘
2383,11:29:23,68.21,163716,24,卖盘
2384,11:29:26,68.22,266026,39,买盘
2385,11:29:29,68.22,95497,14,买盘
2386,11:29:32,68.21,211455,31,卖盘
2387,11:29:35,68.22,695842,102,买盘
2388,11:29:38,68.24,1083012,159,买盘
2389,11:29:41,68.24,402413,59,买盘
2390,11:29:44,68.23,20467,3,买盘
2391,11:29:47,68.24,109165,16,买盘
2392,11:29:50,68.24,20472,3,买盘
2393,11:29:53,68.24,115987,17,买盘
2394,11:29:56,68.24,177424,26,买盘
2395,11:29:59,68.26,320806,47,买盘
2396,11:30:02,68.26,20479,3,卖盘
2397,13:00:02,68.26,1017169,149,卖盘
2398,13:00:05,68.25,5303289,777,卖盘
2399,13:00:08,68.3,3679733,539,买盘
2400,13:00:11,68.27,1556764,228,卖盘
2401,13:00:14,68.28,293608,43,买盘
2402,13:00:17,68.27,245817,36,卖盘
2403,13:00:20,68.28,198021,29,中性盘
2404,13:00:23,68.27,13654,2,卖盘
2405,13:00:26,68.27,327708,48,卖盘
2406,13:00:29,68.26,457392,67,卖盘
2407,13:00:32,68.26,464182,68,卖盘
2408,13:00:35,68.26,211631,31,卖盘
2409,13:00:38,68.26,109228,16,卖盘
2410,13:00:41,68.27,368615,54,买盘
2411,13:00:44,68.25,443689,65,卖盘
2412,13:00:47,68.26,95562,14,买盘
2413,13:00:50,68.25,75076,11,卖盘
2414,13:00:53,68.25,150150,22,卖盘
2415,13:00:56,68.26,286659,42,买盘
2416,13:00:59,68.25,143332,21,卖盘
2417,13:01:02,68.25,307118,45,卖盘
2418,13:01:05,68.24,116011,17,卖盘
2419,13:01:08,68.24,68245,10,卖盘
2420,13:01:11,68.24,375323,55,卖盘
2421,13:01:14,68.23,559563,82,卖盘
2422,13:01:17,68.23,368443,54,卖盘
2423,13:01:20,68.23,204682,30,卖盘
2424,13:01:23,68.23,170562,25,中性盘
2425,13:01:26,68.23,170579,25,卖盘
2426,13:01:29,68.22,129633,19,卖盘
2427,13:01:32,68.23,81877,12,卖盘
2428,13:01:35,68.23,61403,9,买盘
2429,13:01:38,68.2,2225158,326,卖盘
2430,13:01:41,68.19,565983,83,卖盘
2431,13:01:44,68.19,143193,21,买盘
2432,13:01:47,68.19,586360,86,买盘
2433,13:01:50,68.18,265908,39,卖盘
2434,13:01:53,68.18,68186,10,卖盘
2435,13:01:56,68.19,368212,54,买盘
2436,13:01:59,68.18,204545,30,卖盘
2437,13:02:02,68.18,95459,14,卖盘
2438,13:02:05,68.18,143188,21,卖盘
2439,13:02:08,68.18,620443,91,卖盘
2440,13:02:11,68.18,913667,134,卖盘
2441,13:02:14,68.18,190890,28,买盘
2442,13:02:17,68.17,415832,61,卖盘
2443,13:02:20,68.17,524915,77,买盘
2444,13:02:23,68.18,149987,22,买盘
2445,13:02:26,68.17,170423,25,中性盘
2446,13:02:29,68.17,204507,30,卖盘
2447,13:02:32,68.17,334013,49,买盘
2448,13:02:35,68.16,129507,19,卖盘
2449,13:02:38,68.16,354450,52,卖盘
2450,13:02:41,68.16,184037,27,卖盘
2451,13:02:44,68.16,115874,17,卖盘
2452,13:02:47,68.16,415780,61,卖盘
2453,13:02:50,68.16,436209,64,买盘
2454,13:02:53,68.16,592974,87,买盘
2455,13:02:56,68.16,361212,53,买盘
2456,13:02:59,68.15,627033,92,卖盘
2457,13:03:02,68.15,558849,82,卖盘
2458,13:03:05,68.15,333941,49,卖盘
2459,13:03:08,68.16,265814,39,买盘
2460,13:03:11,68.15,415759,61,卖盘
2461,13:03:14,68.15,572461,84,卖盘
2462,13:03:17,68.13,579195,85,卖盘
2463,13:03:20,68.14,286222,42,买盘
2464,13:03:23,68.13,620015,91,卖盘
2465,13:03:26,68.13,252072,37,卖盘
2466,13:03:29,68.13,115821,17,买盘
2467,13:03:32,68.13,258871,38,买盘
2468,13:03:35,68.12,626747,92,卖盘
2469,13:03:38,68.13,81749,12,买盘
2470,13:03:41,68.13,735790,108,买盘
2471,13:03:44,68.12,129438,19,卖盘
2472,13:03:47,68.12,742536,109,卖盘
2473,13:03:50,68.12,790192,116,买盘
2474,13:03:53,68.11,361000,53,卖盘
2475,13:03:56,68.12,374675,55,买盘
2476,13:03:59,68.11,681105,100,卖盘
2477,13:04:02,68.11,606153,89,卖盘
2478,13:04:05,68.15,1348741,198,买盘
2479,13:04:08,68.2,1881475,276,买盘
2480,13:04:11,68.2,218220,32,买盘
2481,13:04:14,68.2,177278,26,买盘
2482,13:04:17,68.2,368221,54,买盘
2483,13:04:20,68.2,681953,100,卖盘
2484,13:04:23,68.18,859173,126,卖盘
2485,13:04:26,68.18,1943112,285,买盘
2486,13:04:29,68.17,899906,132,卖盘
2487,13:04:32,68.18,74997,11,买盘
2488,13:04:35,68.18,81820,12,卖盘
2489,13:04:38,68.22,204583,30,买盘
2490,13:04:41,68.2,204549,30,中性盘
2491,13:04:44,68.19,163644,24,卖盘
2492,13:04:47,68.2,129585,19,买盘
2493,13:04:50,68.21,655938,96,中性盘
2494,13:04:53,68.2,313720,46,卖盘
2495,13:04:56,68.22,300087,44,买盘
2496,13:04:59,68.2,313717,46,卖盘
2497,13:05:02,68.2,504670,74,买盘
2498,13:05:05,68.2,129591,19,中性盘
2499,13:05:08,68.19,245505,36,卖盘
2500,13:05:11,68.18,13636,2,卖盘
2501,13:05:14,68.19,115920,17,买盘
2502,13:05:17,68.19,150024,22,买盘
2503,13:05:20,68.19,27276,4,卖盘
2504,13:05:23,68.2,54560,8,买盘
2505,13:05:26,68.2,190954,28,买盘
2506,13:05:29,68.19,115934,17,卖盘
2507,13:05:32,68.2,170499,25,买盘
2508,13:05:35,68.19,436422,64,卖盘
2509,13:05:38,68.2,920700,135,买盘
2510,13:05:41,68.19,95476,14,卖盘
2511,13:05:44,68.19,538707,79,卖盘
2512,13:05:47,68.19,327339,48,中性盘
2513,13:05:50,68.19,115923,17,买盘
2514,13:05:53,68.19,245452,36,买盘
2515,13:05:56,68.18,320487,47,卖盘
2516,13:05:59,68.19,368226,54,买盘
2517,13:06:02,68.19,197751,29,买盘
2518,13:06:05,68.19,47729,7,买盘
2519,13:06:08,68.19,620507,91,买盘
2520,13:06:11,68.18,218206,32,卖盘
2521,13:06:14,68.19,40914,6,中性盘
2522,13:06:17,68.18,334124,49,卖盘
2523,13:06:20,68.19,184114,27,买盘
2524,13:06:23,68.19,34095,5,卖盘
2525,13:06:26,68.19,122742,18,卖盘
2526,13:06:29,68.19,54551,8,买盘
2527,13:06:32,68.19,190931,28,买盘
2528,13:06:35,68.19,497717,73,买盘
2529,13:06:38,68.19,109091,16,买盘
2530,13:06:41,68.18,129548,19,卖盘
2531,13:06:44,68.18,388646,57,卖盘
2532,13:06:47,68.19,40913,6,买盘
2533,13:06:50,68.18,136360,20,卖盘
2534,13:06:53,68.19,109100,16,买盘
2535,13:06:56,68.18,20454,3,卖盘
2536,13:06:59,68.19,61371,9,买盘
2537,13:07:02,68.18,204555,30,卖盘
2538,13:07:05,68.18,300015,44,卖盘
2539,13:07:08,68.19,306854,45,买盘
2540,13:07:11,68.18,163648,24,卖盘
2541,13:07:14,68.19,225008,33,买盘
2542,13:07:17,68.19,313669,46,买盘
2543,13:07:20,68.19,327317,48,买盘
2544,13:07:23,68.2,68199,10,买盘
2545,13:07:26,68.2,20460,3,买盘
2546,13:07:29,68.2,115935,17,买盘
2547,13:07:32,68.19,75018,11,卖盘
2548,13:07:35,68.19,1363918,200,卖盘
2549,13:07:38,68.2,156879,23,卖盘
2550,13:07:41,68.21,34102,5,中性盘
2551,13:07:44,68.21,136410,20,卖盘
2552,13:07:47,68.2,156883,23,卖盘
2553,13:07:50,68.2,81838,12,买盘
2554,13:07:53,68.2,184139,27,买盘
2555,13:07:56,68.2,136387,20,买盘
2556,13:07:59,68.2,122758,18,买盘
2557,13:08:02,68.2,395560,58,买盘
2558,13:08:05,68.19,218228,32,卖盘
2559,13:08:08,68.2,225042,33,买盘
2560,13:08:11,68.2,75018,11,买盘
2561,13:08:14,68.19,143216,21,卖盘
2562,13:08:17,68.2,20460,3,买盘
2563,13:08:20,68.2,381883,56,买盘
2564,13:08:23,68.2,68200,10,买盘
2565,13:08:26,68.2,388731,57,买盘
2566,13:08:29,68.19,791006,116,卖盘
2567,13:08:32,68.19,34095,5,买盘
2568,13:08:35,68.19,61370,9,买盘
2569,13:08:38,68.18,1506795,221,卖盘
2570,13:08:41,68.19,422772,62,买盘
2571,13:08:44,68.18,27272,4,卖盘
2572,13:08:47,68.19,722723,106,买盘
2573,13:08:50,68.19,320489,47,买盘
2574,13:08:53,68.19,81827,12,买盘
2575,13:08:56,68.19,279576,41,买盘
2576,13:08:59,68.17,1580399,232,卖盘
2577,13:09:02,68.18,13636,2,买盘
2578,13:09:05,68.17,81804,12,卖盘
2579,13:09:08,68.17,177253,26,卖盘
2580,13:09:11,68.18,81815,12,买盘
2581,13:09:14,68.17,61354,9,卖盘
2582,13:09:17,68.17,252251,37,卖盘
2583,13:09:20,68.17,368144,54,卖盘
2584,13:09:23,68.17,40902,6,买盘
2585,13:09:26,68.17,545360,80,买盘
2586,13:09:29,68.18,34086,5,买盘
2587,13:09:32,68.17,613589,90,卖盘
2588,13:09:35,68.17,143157,21,买盘
2589,13:09:38,68.17,265863,39,买盘
2590,13:09:41,68.17,95435,14,买盘
2591,13:09:44,68.17,354479,52,买盘
2592,13:09:47,68.17,286314,42,买盘
2593,13:09:50,68.17,34084,5,买盘
2594,13:09:53,68.17,47719,7,买盘
2595,13:09:56,68.16,122699,18,卖盘
2596,13:09:59,68.17,88619,13,买盘
2597,13:10:02,68.17,163608,24,买盘
2598,13:10:05,68.17,558971,82,买盘
2599,13:10:08,68.17,197693,29,卖盘
2600,13:10:11,68.17,184079,27,卖盘
2601,13:10:14,68.18,654438,96,买盘
2602,13:10:17,68.18,102270,15,买盘
2603,13:10:20,68.18,238627,35,买盘
2604,13:10:23,68.18,204530,30,买盘
2605,13:10:26,68.18,790790,116,买盘
2606,13:10:29,68.17,538523,79,卖盘
2607,13:10:32,68.17,184056,27,买盘
2608,13:10:35,68.17,211328,31,买盘
2609,13:10:38,68.18,122714,18,买盘
2610,13:10:41,68.18,47726,7,买盘
2611,13:10:44,68.17,252231,37,卖盘
2612,13:10:47,68.18,143174,21,买盘
2613,13:10:50,68.18,204530,30,买盘
2614,13:10:53,68.18,560439,82,买盘
2615,13:10:56,68.18,245455,36,卖盘
2616,13:10:59,68.19,40913,6,买盘
2617,13:11:02,68.19,88647,13,买盘
2618,13:11:05,68.21,1759673,258,买盘
2619,13:11:08,68.22,375202,55,买盘
2620,13:11:11,68.23,95514,14,买盘
2621,13:11:14,68.22,245598,36,卖盘
2622,13:11:17,68.22,102330,15,买盘
2623,13:11:20,68.21,252374,37,买盘
2624,13:11:23,68.2,197808,29,卖盘
2625,13:11:26,68.2,136405,20,卖盘
2626,13:11:29,68.2,238698,35,买盘
2627,13:11:32,68.2,204599,30,买盘
2628,13:11:35,68.2,61380,9,卖盘
2629,13:11:38,68.2,225060,33,买盘
2630,13:11:41,68.2,95478,14,买盘
2631,13:11:44,68.2,804760,118,买盘
2632,13:11:47,68.2,190960,28,买盘
2633,13:11:50,68.2,13640,2,卖盘
2634,13:11:53,68.2,61380,9,卖盘
2635,13:11:56,68.2,109125,16,卖盘
2636,13:11:59,68.2,95491,14,卖盘
2637,13:12:02,68.21,163703,24,买盘
2638,13:12:05,68.21,559322,82,买盘
2639,13:12:08,68.21,68210,10,卖盘
2640,13:12:11,68.21,81854,12,卖盘
2641,13:12:14,68.19,3191838,468,卖盘
2642,13:12:17,68.19,184108,27,买盘
2643,13:12:20,68.18,368224,54,卖盘
2644,13:12:23,68.19,163659,24,买盘
2645,13:12:26,68.19,54550,8,卖盘
2646,13:12:29,68.18,190915,28,卖盘
2647,13:12:32,68.19,231832,34,买盘
2648,13:12:35,68.18,129549,19,卖盘
2649,13:12:38,68.18,27274,4,卖盘
2650,13:12:41,68.19,279579,41,买盘
2651,13:12:44,68.19,443218,65,买盘
2652,13:12:47,68.18,109100,16,卖盘
2653,13:12:50,68.19,27276,4,买盘
2654,13:12:53,68.19,245480,36,买盘
2655,13:12:56,68.18,163641,24,卖盘
2656,13:12:59,68.19,211382,31,买盘
2657,13:13:02,68.19,81828,12,买盘
2658,13:13:05,68.19,225024,33,买盘
2659,13:13:08,68.16,8220498,1206,卖盘
2660,13:13:11,68.16,170384,25,卖盘
2661,13:13:14,68.15,640618,94,卖盘
2662,13:13:17,68.15,224907,33,卖盘
2663,13:13:20,68.15,545203,80,买盘
2664,13:13:23,68.14,252121,37,卖盘
2665,13:13:26,68.15,252144,37,买盘
2666,13:13:29,68.15,361167,53,买盘
2667,13:13:32,68.13,620027,91,卖盘
2668,13:13:35,68.13,163511,24,买盘
2669,13:13:38,68.13,102182,15,买盘
2670,13:13:41,68.15,347506,51,买盘
2671,13:13:44,68.15,238431,35,中性盘
2672,13:13:47,68.15,54512,8,买盘
2673,13:13:50,68.15,95398,14,买盘
2674,13:13:53,68.15,34073,5,中性盘
2675,13:13:56,68.16,654293,96,买盘
2676,13:13:59,68.16,286250,42,买盘
2677,13:14:02,68.16,333967,49,买盘
2678,13:14:05,68.16,190848,28,买盘
2679,13:14:08,68.16,47712,7,卖盘
2680,13:14:11,68.15,742879,109,卖盘
2681,13:14:14,68.14,81771,12,买盘
2682,13:14:17,68.13,47696,7,卖盘
2683,13:14:20,68.13,504175,74,卖盘
2684,13:14:23,68.13,136260,20,买盘
2685,13:14:26,68.12,313395,46,卖盘
2686,13:14:29,68.13,177136,26,买盘
2687,13:14:32,68.12,422380,62,卖盘
2688,13:14:35,68.13,156698,23,买盘
2689,13:14:38,68.14,109013,16,买盘
2690,13:14:41,68.14,149903,22,买盘
2691,13:14:44,68.13,122642,18,卖盘
2692,13:14:47,68.13,797271,117,卖盘
2693,13:14:50,68.14,40881,6,买盘
2694,13:14:53,68.13,20439,3,卖盘
2695,13:14:56,68.13,504147,74,卖盘
2696,13:14:59,68.15,5717659,839,买盘
2697,13:15:02,68.15,122670,18,卖盘
2698,13:15:05,68.12,626842,92,卖盘
2699,13:15:08,68.13,143075,21,卖盘
2700,13:15:11,68.13,115837,17,买盘
2701,13:15:14,68.12,108996,16,卖盘
2702,13:15:17,68.13,299765,44,买盘
2703,13:15:20,68.13,183944,27,买盘
2704,13:15:23,68.12,517733,76,卖盘
2705,13:15:26,68.12,129428,19,买盘
2706,13:15:29,68.21,2099075,308,买盘
2707,13:15:32,68.21,177346,26,卖盘
2708,13:15:35,68.13,34069,5,卖盘
2709,13:15:38,68.14,27264,4,卖盘
2710,13:15:41,68.2,54524,8,买盘
2711,13:15:44,68.19,6819,1,中性盘
2712,13:15:47,68.19,6819,1,买盘
2713,13:15:50,68.16,74980,11,卖盘
2714,13:15:53,68.16,47711,7,买盘
2715,13:15:56,68.13,197633,29,卖盘
2716,13:16:02,68.14,347544,51,卖盘
2717,13:16:05,68.14,13628,2,卖盘
2718,13:16:08,68.15,374770,55,买盘
2719,13:16:11,68.14,149910,22,卖盘
2720,13:16:14,68.14,143094,21,买盘
2721,13:16:17,68.14,238475,35,买盘
2722,13:16:20,68.14,1083386,159,买盘
2723,13:16:23,68.14,327066,48,买盘
2724,13:16:26,68.14,61326,9,卖盘
2725,13:16:29,68.14,245304,36,卖盘
2726,13:16:32,68.14,68140,10,卖盘
2727,13:16:35,68.14,565563,83,卖盘
2728,13:16:38,68.15,54519,8,买盘
2729,13:16:41,68.15,149920,22,买盘
2730,13:16:44,68.3,5621805,824,买盘
2731,13:16:47,68.29,1065385,156,卖盘
2732,13:16:50,68.26,437037,64,卖盘
2733,13:16:53,68.24,27299,4,卖盘
2734,13:16:56,68.18,40923,6,中性盘
2735,13:16:59,68.2,115907,17,中性盘
2736,13:17:02,68.16,27276,4,卖盘
2737,13:17:05,68.16,54532,8,卖盘
2738,13:17:08,68.16,524868,77,卖盘
2739,13:17:11,68.15,306676,45,卖盘
2740,13:17:14,68.15,40890,6,买盘
2741,13:17:17,68.17,293036,43,买盘
2742,13:17:20,68.16,95432,14,卖盘
2743,13:17:23,68.18,40905,6,买盘
2744,13:17:26,68.17,122719,18,卖盘
2745,13:17:29,68.18,190896,28,买盘
2746,13:17:32,68.17,818094,120,卖盘
2747,13:17:35,68.18,504498,74,买盘
2748,13:17:38,68.17,109076,16,中性盘
2749,13:17:41,68.16,143165,21,卖盘
2750,13:17:44,68.16,852004,125,卖盘
2751,13:17:47,68.15,511134,75,卖盘
2752,13:17:50,68.15,129486,19,卖盘
2753,13:17:53,68.15,47706,7,卖盘
2754,13:17:56,68.16,81788,12,买盘
2755,13:17:59,68.15,197650,29,卖盘
2756,13:18:02,68.15,88601,13,卖盘
2757,13:18:05,68.15,109045,16,卖盘
2758,13:18:08,68.15,27261,4,卖盘
2759,13:18:11,68.16,143118,21,买盘
2760,13:18:14,68.15,429357,63,卖盘
2761,13:18:17,68.16,402137,59,买盘
2762,13:18:20,68.14,974536,143,卖盘
2763,13:18:23,68.15,920025,135,买盘
2764,13:18:26,68.15,74965,11,买盘
2765,13:18:29,68.15,231702,34,买盘
2766,13:18:32,68.15,184005,27,买盘
2767,13:18:35,68.15,27260,4,卖盘
2768,13:18:38,68.15,368010,54,卖盘
2769,13:18:41,68.15,20444,3,买盘
2770,13:18:44,68.15,306672,45,买盘
2771,13:18:47,68.14,1710337,251,卖盘
2772,13:18:50,68.13,40878,6,卖盘
2773,13:18:53,68.13,211221,31,卖盘
2774,13:18:56,68.14,558679,82,买盘
2775,13:18:59,68.13,620003,91,卖盘
2776,13:19:02,68.15,2134235,313,买盘
2777,13:19:05,68.14,1894344,278,卖盘
2778,13:19:08,68.14,422512,62,卖盘
2779,13:19:11,68.15,81773,12,买盘
2780,13:19:14,68.15,149918,22,买盘
2781,13:19:17,68.16,736037,108,买盘
2782,13:19:20,68.14,224868,33,卖盘
2783,13:19:23,68.14,34073,5,卖盘
2784,13:19:26,68.15,272624,40,买盘
2785,13:19:29,68.15,61335,9,卖盘
2786,13:19:32,68.15,122670,18,卖盘
2787,13:19:35,68.15,6815,1,买盘
2788,13:19:38,68.15,129475,19,买盘
2789,13:19:41,68.15,279406,41,买盘
2790,13:19:44,68.15,231678,34,买盘
2791,13:19:47,68.15,136300,20,买盘
2792,13:19:50,68.14,795878,117,卖盘
2793,13:19:53,68.13,2118849,311,卖盘
2794,13:19:56,68.13,81756,12,卖盘
2795,13:19:59,68.12,95385,14,卖盘
2796,13:20:02,68.12,817489,120,卖盘
2797,13:20:05,68.12,1907302,280,卖盘
2798,13:20:08,68.11,54488,8,卖盘
2799,13:20:11,68.12,81735,12,买盘
2800,13:20:14,68.12,177097,26,买盘
2801,13:20:17,68.12,163478,24,买盘
2802,13:20:20,68.12,61304,9,买盘
2803,13:20:23,68.11,544893,80,卖盘
2804,13:20:26,68.12,340596,50,买盘
2805,13:20:29,68.12,265648,39,买盘
2806,13:20:32,68.11,299718,44,卖盘
2807,13:20:35,68.12,6812,1,买盘
2808,13:20:38,68.11,27246,4,卖盘
2809,13:20:41,68.1,1988759,292,卖盘
2810,13:20:44,68.11,401840,59,买盘
2811,13:20:47,68.1,40861,6,卖盘
2812,13:20:50,68.11,640173,94,买盘
2813,13:20:53,68.11,196814,29,买盘
2814,13:20:56,68.1,34051,5,卖盘
2815,13:20:59,68.1,490331,72,卖盘
2816,13:21:02,68.1,544808,80,卖盘
2817,13:21:05,68.1,286031,42,卖盘
2818,13:21:08,68.1,837691,123,卖盘
2819,13:21:11,68.1,394983,58,卖盘
2820,13:21:14,68.11,585670,86,买盘
2821,13:21:17,68.1,320088,47,卖盘
2822,13:21:20,68.1,674196,99,卖盘
2823,13:21:23,68.1,292835,43,卖盘
2824,13:21:26,68.1,2043711,300,卖盘
2825,13:21:29,68.1,149810,22,买盘
2826,13:21:32,68.09,183846,27,卖盘
2827,13:21:35,68.09,258765,38,卖盘
2828,13:21:38,68.09,490270,72,卖盘
2829,13:21:41,68.09,258770,38,卖盘
2830,13:21:44,68.09,367718,54,卖盘
2831,13:21:47,68.09,156611,23,卖盘
2832,13:21:50,68.09,1389045,204,卖盘
2833,13:21:53,68.08,163410,24,卖盘
2834,13:21:56,68.08,714870,105,卖盘
2835,13:21:59,68.09,360833,53,买盘
2836,13:22:02,68.08,435724,64,卖盘
2837,13:22:05,68.08,524216,77,卖盘
2838,13:22:08,68.08,531073,78,卖盘
2839,13:22:11,68.09,415294,61,买盘
2840,13:22:14,68.09,163400,24,买盘
2841,13:22:17,68.09,1892826,278,买盘
2842,13:22:20,68.09,197467,29,卖盘
2843,13:22:23,68.12,3228514,474,买盘
2844,13:22:26,68.11,217949,32,卖盘
2845,13:22:29,68.12,20436,3,买盘
2846,13:22:32,68.11,81737,12,卖盘
2847,13:22:35,68.1,204330,30,卖盘
2848,13:22:38,68.1,27241,4,卖盘
2849,13:22:41,68.1,95343,14,卖盘
2850,13:22:44,68.1,143017,21,卖盘
2851,13:22:47,68.1,238367,35,卖盘
2852,13:22:50,68.1,313268,46,卖盘
2853,13:22:53,68.11,197501,29,买盘
2854,13:22:56,68.11,871787,128,买盘
2855,13:22:59,68.1,347336,51,卖盘
2856,13:23:02,68.1,122580,18,买盘
2857,13:23:05,68.1,47672,7,卖盘
2858,13:23:08,68.11,95349,14,买盘
2859,13:23:11,68.11,95349,14,买盘
2860,13:23:14,68.11,272440,40,买盘
2861,13:23:17,68.1,245185,36,卖盘
2862,13:23:20,68.1,238382,35,卖盘
2863,13:23:23,68.11,469955,69,买盘
2864,13:23:26,68.11,599367,88,买盘
2865,13:23:29,68.11,1498197,220,卖盘
2866,13:23:32,68.11,306480,45,买盘
2867,13:23:35,68.11,360981,53,买盘
2868,13:23:38,68.11,163460,24,买盘
2869,13:23:41,68.11,510817,75,买盘
2870,13:23:44,68.11,347361,51,卖盘
2871,13:23:47,68.11,224763,33,买盘
2872,13:23:50,68.11,163477,24,卖盘
2873,13:23:53,68.12,361035,53,买盘
2874,13:23:56,68.11,613075,90,卖盘
2875,13:23:59,68.12,3725666,547,买盘
2876,13:24:02,68.13,374697,55,买盘
2877,13:24:05,68.12,68124,10,卖盘
2878,13:24:08,68.13,74943,11,买盘
2879,13:24:11,68.13,238450,35,买盘
2880,13:24:14,68.13,54504,8,卖盘
2881,13:24:17,68.14,579187,85,买盘
2882,13:24:20,68.13,1574032,231,卖盘
2883,13:24:23,68.13,95383,14,买盘
2884,13:24:26,68.13,95377,14,买盘
2885,13:24:29,68.13,13626,2,卖盘
2886,13:24:32,68.13,211204,31,卖盘
2887,13:24:35,68.14,27256,4,买盘
2888,13:24:38,68.14,204416,30,买盘
2889,13:24:41,68.14,163536,24,卖盘
2890,13:24:44,68.14,68147,10,卖盘
2891,13:24:47,68.15,170352,25,买盘
2892,13:24:50,68.14,408827,60,卖盘
2893,13:24:53,68.14,204428,30,买盘
2894,13:24:56,68.15,170367,25,买盘
2895,13:24:59,68.13,170328,25,卖盘
2896,13:25:02,68.14,190784,28,买盘
2897,13:25:05,68.14,122657,18,买盘
2898,13:25:08,68.14,156724,23,卖盘
2899,13:25:11,68.14,252119,37,卖盘
2900,13:25:14,68.12,1464627,215,卖盘
2901,13:25:17,68.12,136227,20,买盘
2902,13:25:20,68.12,102176,15,买盘
2903,13:25:23,68.11,54494,8,卖盘
2904,13:25:26,68.11,88543,13,卖盘
2905,13:25:29,68.11,238388,35,卖盘
2906,13:25:32,68.11,504020,74,卖盘
2907,13:25:35,68.11,170274,25,买盘
2908,13:25:38,68.11,272437,40,买盘
2909,13:25:41,68.11,224749,33,买盘
2910,13:25:44,68.11,61298,9,买盘
2911,13:25:47,68.11,817298,120,买盘
2912,13:25:50,68.11,197518,29,买盘
2913,13:25:53,68.11,183897,27,买盘
2914,13:25:56,68.11,395028,58,买盘
2915,13:25:59,68.11,435903,64,买盘
2916,13:26:02,68.1,177082,26,卖盘
2917,13:26:05,68.1,395016,58,卖盘
2918,13:26:08,68.11,129409,19,买盘
2919,13:26:11,68.11,306469,45,买盘
2920,13:26:14,68.11,74920,11,买盘
2921,13:26:17,68.11,61299,9,买盘
2922,13:26:23,68.12,647056,95,买盘
2923,13:26:26,68.11,313300,46,中性盘
2924,13:26:29,68.1,61297,9,卖盘
2925,13:26:32,68.11,204329,30,买盘
2926,13:26:35,68.1,88533,13,卖盘
2927,13:26:38,68.11,360983,53,买盘
2928,13:26:41,68.1,156642,23,卖盘
2929,13:26:44,68.1,81724,12,卖盘
2930,13:26:47,68.11,54484,8,买盘
2931,13:26:50,68.11,156652,23,买盘
2932,13:26:53,68.1,61292,9,卖盘
2933,13:26:56,68.1,694647,102,卖盘
2934,13:26:59,68.11,701482,103,买盘
2935,13:27:02,68.11,61299,9,买盘
2936,13:27:05,68.1,251981,37,卖盘
2937,13:27:08,68.1,211123,31,卖盘
2938,13:27:11,68.1,170250,25,卖盘
2939,13:27:14,68.1,306473,45,卖盘
2940,13:27:17,68.1,326920,48,卖盘
2941,13:27:20,68.11,115778,17,买盘
2942,13:27:23,68.11,1811746,266,买盘
2943,13:27:26,68.11,74921,11,卖盘
2944,13:27:29,68.11,1784484,262,卖盘
2945,13:27:32,68.11,408660,60,卖盘
2946,13:27:35,68.11,204330,30,卖盘
2947,13:27:38,68.11,177084,26,买盘
2948,13:27:41,68.12,299675,44,买盘
2949,13:27:44,68.11,183921,27,卖盘
2950,13:27:47,68.11,531296,78,卖盘
2951,13:27:50,68.11,34057,5,卖盘
2952,13:27:53,68.11,27244,4,卖盘
2953,13:27:56,68.12,204344,30,买盘
2954,13:27:59,68.11,40867,6,卖盘
2955,13:28:02,68.11,102171,15,卖盘
2956,13:28:05,68.11,95355,14,卖盘
2957,13:28:08,68.1,1171489,172,卖盘
2958,13:28:11,68.1,74917,11,卖盘
2959,13:28:14,68.1,272425,40,卖盘
2960,13:28:17,68.11,217933,32,买盘
2961,13:28:20,68.1,102163,15,卖盘
2962,13:28:23,68.11,197509,29,买盘
2963,13:28:26,68.1,61292,9,卖盘
2964,13:28:29,68.11,231567,34,买盘
2965,13:28:32,68.11,95353,14,买盘
2966,13:28:35,68.11,1001186,147,买盘
2967,13:28:38,68.1,238362,35,卖盘
2968,13:28:41,68.11,435910,64,买盘
2969,13:28:44,68.12,102167,15,买盘
2970,13:28:47,68.12,74930,11,买盘
2971,13:28:50,68.11,34056,5,卖盘
2972,13:28:53,68.12,721968,106,买盘
2973,13:28:56,68.12,13623,2,买盘
2974,13:28:59,68.11,47682,7,卖盘
2975,13:29:02,68.11,687913,101,卖盘
2976,13:29:05,68.11,674259,99,买盘
2977,13:29:08,68.11,456332,67,买盘
2978,13:29:11,68.1,3895316,572,卖盘
2979,13:29:14,68.1,143006,21,买盘
2980,13:29:17,68.1,183864,27,买盘
2981,13:29:20,68.1,102149,15,买盘
2982,13:29:23,68.1,258770,38,买盘
2983,13:29:26,68.09,190665,28,卖盘
2984,13:29:29,68.09,108952,16,卖盘
2985,13:29:32,68.1,231530,34,买盘
2986,13:29:35,68.1,612900,90,买盘
2987,13:29:38,68.09,54473,8,卖盘
2988,13:29:41,68.1,762720,112,买盘
2989,13:29:44,68.09,558384,82,卖盘
2990,13:29:47,68.11,163440,24,买盘
2991,13:29:50,68.1,102150,15,卖盘
2992,13:29:53,68.1,197473,29,中性盘
2993,13:29:56,68.1,394951,58,买盘
2994,13:29:59,68.1,115758,17,买盘
2995,13:30:02,68.1,40860,6,买盘
2996,13:30:05,68.09,122562,18,卖盘
2997,13:30:08,68.1,88530,13,买盘
2998,13:30:11,68.09,190658,28,卖盘
2999,13:30:14,68.1,578836,85,买盘
3000,13:30:17,68.1,272395,40,中性盘
3001,13:30:20,68.11,95350,14,买盘
3002,13:30:23,68.1,122581,18,卖盘
3003,13:30:26,68.1,143010,21,卖盘
3004,13:30:29,68.11,81730,12,买盘
3005,13:30:32,68.1,1103221,162,卖盘
3006,13:30:35,68.1,115761,17,买盘
3007,13:30:38,68.1,1327785,195,买盘
3008,13:30:41,68.1,374546,55,买盘
3009,13:30:44,68.09,231518,34,卖盘
3010,13:30:47,68.09,197476,29,卖盘
3011,13:30:50,68.1,490260,72,买盘
3012,13:30:53,68.1,769418,113,买盘
3013,13:30:56,68.09,245124,36,卖盘
3014,13:30:59,68.08,306373,45,卖盘
3015,13:31:02,68.08,2872962,422,卖盘
3016,13:31:05,68.11,1750092,257,买盘
3017,13:31:08,68.08,68081,10,中性盘
3018,13:31:11,68.09,142987,21,买盘
3019,13:31:14,68.09,190634,28,中性盘
3020,13:31:17,68.1,313218,46,买盘
3021,13:31:20,68.08,844262,124,卖盘
3022,13:31:23,68.08,88511,13,卖盘
