,成交时间,成交价格,成交金额,成交量,性质
0,09:25:01,19.96,19019884,9529,卖盘
1,09:30:01,20.0,12403509,6205,买盘
2,09:30:04,19.95,11559887,5781,卖盘
3,09:30:07,19.96,6846230,3432,买盘
4,09:30:10,19.99,5803317,2907,买盘
5,09:30:13,20.0,4355368,2179,买盘
6,09:30:16,19.98,5376223,2689,卖盘
7,09:30:19,19.96,1963628,983,卖盘
8,09:30:22,19.96,1229957,616,卖盘
9,09:30:25,19.97,3905045,1957,买盘
10,09:30:28,19.96,2072348,1038,卖盘
11,09:30:31,19.96,1165128,584,中性盘
12,09:30:34,19.95,1927086,966,卖盘
13,09:30:37,19.94,1369983,687,卖盘
14,09:30:40,19.93,5391901,2705,卖盘
15,09:30:43,19.9,4419862,2219,卖盘
16,09:30:46,19.91,1784827,896,中性盘
17,09:30:49,19.91,4207710,2113,买盘
18,09:30:52,19.95,1197208,601,买盘
19,09:30:55,19.91,1616256,811,卖盘
20,09:30:58,19.9,3930995,1973,卖盘
21,09:31:01,19.91,2723121,1368,买盘
22,09:31:04,19.94,1584395,796,买盘
23,09:31:07,19.92,1392011,699,买盘
24,09:31:10,19.92,523954,263,买盘
25,09:31:13,19.92,1269703,637,卖盘
26,09:31:16,19.92,549911,276,卖盘
27,09:31:19,19.92,733359,368,卖盘
28,09:31:22,19.92,1231156,618,卖盘
29,09:31:25,19.92,1404246,705,买盘
30,09:31:28,19.92,2399988,1204,卖盘
31,09:31:31,19.93,840871,422,中性盘
32,09:31:34,19.95,645732,324,买盘
33,09:31:37,19.92,2498330,1254,卖盘
34,09:31:40,19.93,2926519,1469,买盘
35,09:31:43,19.92,737067,370,卖盘
36,09:31:46,19.92,942276,473,卖盘
37,09:31:49,19.92,1097871,551,卖盘
38,09:31:52,19.92,1414451,710,卖盘
39,09:31:55,19.92,2877284,1444,卖盘
40,09:31:58,19.94,1659137,832,买盘
41,09:32:01,19.94,1224180,614,买盘
42,09:32:04,19.94,696018,349,卖盘
43,09:32:07,19.95,1066838,535,买盘
44,09:32:10,19.95,766072,384,买盘
45,09:32:13,19.98,3267617,1637,买盘
46,09:32:16,19.97,1563707,783,卖盘
47,09:32:19,19.96,802595,402,卖盘
48,09:32:22,19.97,840293,421,买盘
49,09:32:25,19.97,990213,496,买盘
50,09:32:28,19.98,2455943,1230,买盘
51,09:32:31,19.96,954321,478,卖盘
52,09:32:34,19.96,868624,435,卖盘
53,09:32:37,19.94,2853192,1430,卖盘
54,09:32:40,19.94,885157,444,买盘
55,09:32:43,19.94,697738,350,中性盘
56,09:32:46,19.93,452479,227,卖盘
57,09:32:49,19.92,9997039,5019,卖盘
58,09:32:52,19.92,1524981,766,买盘
59,09:32:55,19.92,1476811,742,买盘
60,09:32:58,19.9,1756184,882,卖盘
61,09:33:01,19.91,3592635,1804,中性盘
62,09:33:04,19.91,1204607,605,卖盘
63,09:33:07,19.9,4282106,2151,卖盘
64,09:33:10,19.91,726434,365,买盘
65,09:33:13,19.9,7376904,3707,卖盘
66,09:33:16,19.9,1911732,961,买盘
67,09:33:19,19.89,2060196,1036,卖盘
68,09:33:22,19.89,1332300,670,买盘
69,09:33:25,19.89,2348510,1181,买盘
70,09:33:28,19.88,6655941,3348,卖盘
71,09:33:31,19.89,3833552,1928,买盘
72,09:33:34,19.9,2080327,1046,买盘
73,09:33:37,19.91,2430632,1221,买盘
74,09:33:40,19.91,659049,331,卖盘
75,09:33:43,19.91,292683,147,卖盘
76,09:33:46,19.9,4205131,2113,卖盘
77,09:33:49,19.9,505475,254,买盘
78,09:33:52,19.9,356259,179,卖盘
79,09:33:55,19.9,941267,473,卖盘
80,09:33:58,19.9,5146024,2585,卖盘
81,09:34:01,19.91,4658729,2341,买盘
82,09:34:04,19.9,927394,466,卖盘
83,09:34:07,19.9,647017,325,卖盘
84,09:34:10,19.91,1056909,531,买盘
85,09:34:13,19.91,1170237,588,买盘
86,09:34:16,19.9,1025106,515,卖盘
87,09:34:19,19.9,738348,371,卖盘
88,09:34:22,19.91,1234223,620,买盘
89,09:34:25,19.9,2931638,1473,卖盘
90,09:34:28,19.89,3874758,1948,卖盘
91,09:34:31,19.88,489279,246,卖盘
92,09:34:34,19.88,481303,242,卖盘
93,09:34:37,19.89,1052093,529,买盘
94,09:34:40,19.89,2296934,1155,买盘
95,09:34:43,19.89,2757449,1386,买盘
96,09:34:46,19.89,469419,236,卖盘
97,09:34:49,19.89,791600,398,卖盘
98,09:34:52,19.89,668184,336,买盘
99,09:34:55,19.89,892868,449,买盘
100,09:34:58,19.88,857271,431,卖盘
101,09:35:01,19.89,415616,209,中性盘
102,09:35:04,19.89,405773,204,卖盘
103,09:35:07,19.89,3008552,1513,卖盘
104,09:35:10,19.89,1982708,997,卖盘
105,09:35:13,19.89,2485469,1250,买盘
106,09:35:16,19.88,1030060,518,卖盘
107,09:35:19,19.88,447379,225,卖盘
108,09:35:22,19.88,568639,286,卖盘
109,09:35:25,19.88,3743310,1883,卖盘
110,09:35:28,19.88,1554057,782,买盘
111,09:35:31,19.88,487036,245,买盘
112,09:35:34,19.88,703691,354,卖盘
113,09:35:37,19.88,1576301,793,买盘
114,09:35:40,19.88,652066,328,卖盘
115,09:35:43,19.87,5665513,2851,卖盘
116,09:35:46,19.87,912117,459,买盘
117,09:35:49,19.87,3711311,1868,买盘
118,09:35:52,19.86,846429,426,卖盘
119,09:35:55,19.88,633956,319,买盘
120,09:35:58,19.88,1367259,688,买盘
121,09:36:01,19.87,691565,348,卖盘
122,09:36:04,19.88,888207,447,买盘
123,09:36:07,19.87,912008,459,卖盘
124,09:36:10,19.86,910018,458,卖盘
125,09:36:13,19.89,2908432,1463,买盘
126,09:36:16,19.88,2840620,1428,卖盘
127,09:36:19,19.88,900683,453,卖盘
128,09:36:22,19.88,586474,295,卖盘
129,09:36:25,19.88,1717715,864,卖盘
130,09:36:28,19.88,813162,409,卖盘
131,09:36:31,19.88,475060,239,买盘
132,09:36:34,19.86,2980598,1500,卖盘
133,09:36:37,19.87,7611405,3832,买盘
134,09:36:40,19.87,2895828,1457,买盘
135,09:36:43,19.87,3218732,1620,卖盘
136,09:36:46,19.86,2403228,1210,卖盘
137,09:36:49,19.87,1377513,693,卖盘
138,09:36:52,19.89,5582205,2806,买盘
139,09:36:55,19.9,859399,432,中性盘
140,09:36:58,19.91,1790087,900,买盘
141,09:37:01,19.91,1220219,613,买盘
142,09:37:04,19.92,834480,419,买盘
143,09:37:07,19.91,2175556,1093,卖盘
144,09:37:10,19.9,957730,481,卖盘
145,09:37:13,19.89,963389,484,卖盘
146,09:37:16,19.89,236717,119,卖盘
147,09:37:19,19.89,839203,422,卖盘
148,09:37:22,19.89,2549874,1282,卖盘
149,09:37:25,19.89,1748652,879,买盘
150,09:37:28,19.9,881128,443,买盘
151,09:37:31,19.89,1322688,665,卖盘
152,09:37:34,19.89,632637,318,卖盘
153,09:37:37,19.89,475452,239,卖盘
154,09:37:40,19.9,1139994,573,买盘
155,09:37:43,19.9,429703,216,卖盘
156,09:37:46,19.91,3223572,1619,买盘
157,09:37:49,19.91,609582,306,卖盘
158,09:37:52,19.94,607863,305,买盘
159,09:37:55,19.93,433955,218,卖盘
160,09:37:58,19.94,1020657,512,买盘
161,09:38:01,19.92,466141,234,卖盘
162,09:38:04,19.92,360581,181,买盘
163,09:38:07,19.92,728976,366,买盘
164,09:38:10,19.93,836736,420,买盘
165,09:38:13,19.92,615529,309,卖盘
166,09:38:16,19.91,1256519,631,卖盘
167,09:38:19,19.91,886016,445,买盘
168,09:38:22,19.9,209024,105,卖盘
169,09:38:25,19.9,507491,255,卖盘
170,09:38:28,19.91,1207961,607,买盘
171,09:38:31,19.91,1463320,735,买盘
172,09:38:34,19.91,356264,179,买盘
173,09:38:37,19.91,1880903,945,买盘
174,09:38:40,19.92,1746447,877,买盘
175,09:38:43,19.92,571904,287,卖盘
176,09:38:46,19.93,348612,175,买盘
177,09:38:49,19.91,904351,454,卖盘
178,09:38:52,19.91,501759,252,卖盘
179,09:38:55,19.91,1035469,520,买盘
180,09:38:58,19.9,788372,396,卖盘
181,09:39:01,19.91,368276,185,买盘
182,09:39:04,19.91,621153,312,买盘
183,09:39:07,19.91,1729680,869,买盘
184,09:39:10,19.91,688734,346,买盘
185,09:39:13,19.9,449790,226,卖盘
186,09:39:16,19.9,636930,320,卖盘
187,09:39:19,19.9,268654,135,卖盘
188,09:39:22,19.91,2639761,1326,买盘
189,09:39:25,19.91,5040958,2531,卖盘
190,09:39:28,19.92,326671,164,卖盘
191,09:39:31,19.92,603547,303,卖盘
192,09:39:34,19.92,386357,194,卖盘
193,09:39:37,19.92,509834,256,买盘
194,09:39:40,19.91,442090,222,卖盘
195,09:39:43,19.9,1015556,510,卖盘
196,09:39:46,19.91,324545,163,卖盘
197,09:39:49,19.91,569497,286,卖盘
198,09:39:52,19.9,418060,210,卖盘
199,09:39:55,19.92,1154897,580,买盘
200,09:39:58,19.92,888418,446,买盘
201,09:40:01,19.94,1018528,511,买盘
202,09:40:04,19.95,2915390,1462,买盘
203,09:40:07,19.94,801751,402,卖盘
204,09:40:10,19.93,713526,358,卖盘
205,09:40:13,19.92,1400846,703,卖盘
206,09:40:16,19.93,2804755,1408,买盘
207,09:40:19,19.92,561841,282,卖盘
208,09:40:22,19.93,500109,251,买盘
209,09:40:25,19.94,886560,445,买盘
210,09:40:28,19.93,1708080,857,卖盘
211,09:40:31,19.93,649828,326,卖盘
212,09:40:34,19.93,372659,187,卖盘
213,09:40:37,19.93,834691,419,买盘
214,09:40:40,19.92,513983,258,中性盘
215,09:40:43,19.92,937962,471,买盘
216,09:40:46,19.91,378400,190,卖盘
217,09:40:49,19.91,649238,326,卖盘
218,09:40:52,19.92,358546,180,买盘
219,09:40:55,19.91,1224648,615,卖盘
220,09:40:58,19.91,930053,467,卖盘
221,09:41:01,19.92,1495743,751,买盘
222,09:41:04,19.91,432136,217,卖盘
223,09:41:07,19.91,195120,98,卖盘
224,09:41:10,19.91,918167,461,卖盘
225,09:41:13,19.91,929867,467,卖盘
226,09:41:16,19.91,1847662,928,卖盘
227,09:41:19,19.91,1256316,631,卖盘
228,09:41:22,19.91,1821511,915,买盘
229,09:41:25,19.91,1215948,611,买盘
230,09:41:28,19.9,1982075,996,卖盘
231,09:41:31,19.9,4280539,2151,卖盘
232,09:41:34,19.89,5028281,2528,卖盘
233,09:41:37,19.89,1682764,846,卖盘
234,09:41:40,19.88,1946428,979,卖盘
235,09:41:43,19.89,1599146,804,买盘
236,09:41:46,19.89,3654635,1838,卖盘
237,09:41:49,19.9,1924308,967,买盘
238,09:41:52,19.9,1844528,927,卖盘
239,09:41:55,19.9,632963,318,卖盘
240,09:41:58,19.91,1474800,741,买盘
241,09:42:01,19.92,3587431,1801,买盘
242,09:42:04,19.92,785137,394,卖盘
243,09:42:07,19.93,4919864,2469,买盘
244,09:42:10,19.93,426463,214,卖盘
245,09:42:13,19.92,1187471,596,卖盘
246,09:42:16,19.92,344547,173,买盘
247,09:42:19,19.91,687031,345,卖盘
248,09:42:22,19.92,794646,399,买盘
249,09:42:25,19.91,569468,286,卖盘
250,09:42:28,19.92,539676,271,买盘
251,09:42:31,19.92,390478,196,卖盘
252,09:42:34,19.92,318755,160,卖盘
253,09:42:37,19.92,223110,112,卖盘
254,09:42:40,19.92,306840,154,卖盘
255,09:42:43,19.92,189251,95,卖盘
256,09:42:46,19.92,414398,208,卖盘
257,09:42:49,19.93,249033,125,买盘
258,09:42:52,19.92,17929,9,卖盘
259,09:42:55,19.92,533985,268,卖盘
260,09:42:58,19.93,468285,235,买盘
261,09:43:01,19.94,1110084,557,买盘
262,09:43:04,19.94,825501,414,买盘
263,09:43:07,19.94,416753,209,卖盘
264,09:43:10,19.95,2316198,1161,买盘
265,09:43:13,19.95,71820,36,卖盘
266,09:43:16,19.95,799838,401,卖盘
267,09:43:19,19.95,291290,146,卖盘
268,09:43:22,19.94,450835,226,卖盘
269,09:43:25,19.95,269285,135,买盘
270,09:43:28,19.95,831886,417,买盘
271,09:43:31,19.95,183499,92,买盘
272,09:43:34,19.95,289261,145,买盘
273,09:43:37,19.95,315283,158,卖盘
274,09:43:40,19.95,97768,49,卖盘
275,09:43:43,19.96,135685,68,买盘
276,09:43:46,19.95,882096,442,卖盘
277,09:43:49,19.96,1486359,745,买盘
278,09:43:52,19.95,2351184,1178,卖盘
279,09:43:55,19.95,674514,338,卖盘
280,09:43:58,19.95,207535,104,卖盘
281,09:44:01,19.96,554826,278,买盘
282,09:44:04,19.95,588541,295,卖盘
283,09:44:07,19.95,580622,291,卖盘
284,09:44:10,19.95,468765,235,买盘
285,09:44:13,19.95,448848,225,买盘
286,09:44:16,19.95,614409,308,卖盘
287,09:44:19,19.95,397059,199,卖盘
288,09:44:22,19.96,752158,377,买盘
289,09:44:25,19.96,1828324,916,买盘
290,09:44:28,19.95,461006,231,卖盘
291,09:44:31,19.96,177658,89,买盘
292,09:44:34,19.96,135710,68,买盘
293,09:44:37,19.96,177642,89,卖盘
294,09:44:40,19.96,660618,331,买盘
295,09:44:43,19.96,838314,420,买盘
296,09:44:46,19.96,406993,204,买盘
297,09:44:49,19.96,804295,403,买盘
298,09:44:52,19.96,185583,93,买盘
299,09:44:55,19.96,227492,114,买盘
300,09:44:58,19.96,375158,188,买盘
301,09:45:01,19.95,2613544,1310,卖盘
302,09:45:04,19.95,1398471,701,买盘
303,09:45:07,19.94,1120662,562,卖盘
304,09:45:10,19.94,620282,311,卖盘
305,09:45:13,19.94,325048,163,卖盘
306,09:45:16,19.94,456712,229,卖盘
307,09:45:19,19.94,528390,265,买盘
308,09:45:22,19.94,305084,153,买盘
309,09:45:25,19.94,279178,140,买盘
310,09:45:28,19.93,322946,162,卖盘
311,09:45:31,19.94,109636,55,卖盘
312,09:45:34,19.94,51845,26,卖盘
313,09:45:37,19.94,2673031,1341,卖盘
314,09:45:40,19.95,83786,42,买盘
315,09:45:43,19.94,97709,49,卖盘
316,09:45:46,19.95,1981055,993,买盘
317,09:45:49,19.95,480808,241,卖盘
318,09:45:52,19.96,562549,282,买盘
319,09:45:55,19.95,1193013,598,卖盘
320,09:45:58,19.96,139657,70,买盘
321,09:46:01,19.96,249382,125,买盘
322,09:46:04,19.95,243392,122,卖盘
323,09:46:07,19.94,319101,160,卖盘
324,09:46:10,19.95,758050,380,买盘
325,09:46:13,19.96,63854,32,买盘
326,09:46:16,19.95,365087,183,卖盘
327,09:46:19,19.95,307367,154,卖盘
328,09:46:22,19.95,107735,54,卖盘
329,09:46:25,19.94,1533633,769,卖盘
330,09:46:28,19.95,424962,213,中性盘
331,09:46:31,19.95,323192,162,卖盘
332,09:46:34,19.95,181554,91,卖盘
333,09:46:37,19.95,628426,315,卖盘
334,09:46:40,19.96,468830,235,买盘
335,09:46:43,19.95,478787,240,买盘
336,09:46:46,19.97,3464169,1736,买盘
337,09:46:49,19.96,159719,80,卖盘
338,09:46:52,19.97,73854,37,买盘
339,09:46:55,19.98,6717288,3363,买盘
340,09:46:58,19.97,1999828,1001,卖盘
341,09:47:01,20.0,7358491,3681,买盘
342,09:47:04,20.0,3630046,1815,买盘
343,09:47:07,20.02,2251766,1125,买盘
344,09:47:10,20.01,979086,489,卖盘
345,09:47:13,20.02,302244,151,买盘
346,09:47:16,20.03,3099125,1548,买盘
347,09:47:19,20.02,1027142,513,卖盘
348,09:47:22,20.01,1875129,937,卖盘
349,09:47:25,20.0,1146569,573,卖盘
350,09:47:28,20.01,340070,170,买盘
351,09:47:31,20.0,216042,108,卖盘
352,09:47:34,20.0,458133,229,卖盘
353,09:47:37,19.99,550097,275,卖盘
354,09:47:40,20.0,879939,440,买盘
355,09:47:43,20.0,201971,101,买盘
356,09:47:46,19.98,775662,388,卖盘
357,09:47:49,19.99,723609,362,买盘
358,09:47:52,19.99,491521,246,买盘
359,09:47:55,19.98,279782,140,卖盘
360,09:47:58,19.99,367754,184,买盘
361,09:48:01,19.98,219844,110,卖盘
362,09:48:04,19.98,1392753,697,卖盘
363,09:48:07,19.99,1285170,643,买盘
364,09:48:10,19.99,235840,118,买盘
365,09:48:13,20.0,2396952,1199,买盘
366,09:48:16,19.99,573723,287,卖盘
367,09:48:19,19.99,505696,253,卖盘
368,09:48:22,20.0,757884,379,买盘
369,09:48:25,20.0,405951,203,买盘
370,09:48:28,20.0,165989,83,买盘
371,09:48:31,19.99,1247737,624,卖盘
372,09:48:34,20.0,3405290,1703,买盘
373,09:48:37,19.99,233897,117,卖盘
374,09:48:40,19.99,501767,251,买盘
375,09:48:43,19.99,213841,107,买盘
376,09:48:46,19.99,127931,64,买盘
377,09:48:49,19.99,187896,94,买盘
378,09:48:52,19.98,329676,165,卖盘
379,09:48:55,19.98,587427,294,中性盘
380,09:48:58,19.98,523351,262,买盘
381,09:49:01,19.97,371524,186,卖盘
382,09:49:04,19.98,301628,151,买盘
383,09:49:07,19.97,451388,226,卖盘
384,09:49:10,19.98,782857,392,买盘
385,09:49:13,19.98,341563,171,买盘
386,09:49:16,19.97,229706,115,卖盘
387,09:49:19,19.97,803054,402,卖盘
388,09:49:22,19.97,828751,415,中性盘
389,09:49:25,19.97,1044515,523,卖盘
390,09:49:28,19.98,682887,342,买盘
391,09:49:31,19.98,323591,162,买盘
392,09:49:34,19.98,395595,198,买盘
393,09:49:37,19.98,673152,337,买盘
394,09:49:40,19.96,227645,114,卖盘
395,09:49:43,19.97,653016,327,买盘
396,09:49:46,19.97,658961,330,买盘
397,09:49:49,19.97,323521,162,卖盘
398,09:49:52,19.98,423384,212,买盘
399,09:49:55,19.97,982548,492,卖盘
400,09:49:58,19.98,559232,280,买盘
401,09:50:01,19.97,369420,185,卖盘
402,09:50:04,19.96,607010,304,卖盘
403,09:50:07,19.97,293424,147,买盘
404,09:50:10,19.97,27949,14,买盘
405,09:50:13,19.96,139729,70,卖盘
406,09:50:16,19.97,558962,280,买盘
407,09:50:19,19.97,5035257,2521,买盘
408,09:50:22,19.98,459366,230,中性盘
409,09:50:25,19.98,283796,142,买盘
410,09:50:28,19.98,373755,187,卖盘
411,09:50:31,20.0,1029695,515,买盘
412,09:50:34,19.99,599710,300,卖盘
413,09:50:37,19.99,447771,224,卖盘
414,09:50:40,19.99,305834,153,买盘
415,09:50:43,19.98,389635,195,卖盘
416,09:50:46,19.98,587665,294,卖盘
417,09:50:49,19.99,319795,160,买盘
418,09:50:52,19.99,305837,153,买盘
419,09:50:55,19.98,229813,115,卖盘
420,09:50:58,19.99,57960,29,买盘
421,09:51:01,19.98,207802,104,卖盘
422,09:51:04,19.98,309578,155,买盘
423,09:51:07,19.97,165791,83,卖盘
424,09:51:10,19.97,61918,31,卖盘
425,09:51:13,19.99,1626495,814,买盘
426,09:51:16,20.0,501669,251,买盘
427,09:51:19,20.0,119985,60,买盘
428,09:51:22,19.99,33985,17,卖盘
429,09:51:25,19.99,495954,248,卖盘
430,09:51:28,20.0,417936,209,买盘
431,09:51:31,19.99,729884,365,卖盘
432,09:51:34,19.99,319919,160,卖盘
433,09:51:37,19.98,627934,314,卖盘
434,09:51:40,20.0,1061181,531,买盘
435,09:51:43,19.98,695691,348,卖盘
436,09:51:46,20.0,343884,172,买盘
437,09:51:49,20.0,167915,84,买盘
438,09:51:52,20.0,435778,218,买盘
439,09:51:55,20.0,645941,323,买盘
440,09:51:58,20.0,459974,230,买盘
441,09:52:01,20.0,2261880,1131,买盘
442,09:52:04,20.01,1186853,594,买盘
443,09:52:07,20.0,176005,88,卖盘
444,09:52:10,20.01,328117,164,买盘
445,09:52:13,20.01,702315,351,买盘
446,09:52:16,20.0,1033113,517,卖盘
447,09:52:19,20.0,809974,405,买盘
448,09:52:22,20.0,587977,294,买盘
449,09:52:25,20.0,372167,186,卖盘
450,09:52:28,20.01,1534213,767,买盘
451,09:52:31,20.0,3006321,1503,卖盘
452,09:52:34,20.02,218070,109,买盘
453,09:52:37,20.02,238215,119,买盘
454,09:52:40,20.02,1530933,765,买盘
455,09:52:43,20.02,532426,266,买盘
456,09:52:46,20.02,998983,499,买盘
457,09:52:49,20.02,154168,77,卖盘
458,09:52:52,20.03,190276,95,买盘
459,09:52:55,20.02,819020,409,卖盘
460,09:52:58,20.03,957360,478,买盘
461,09:53:01,20.02,602644,301,卖盘
462,09:53:04,20.03,536606,268,买盘
463,09:53:07,20.02,220312,110,卖盘
464,09:53:10,20.02,508497,254,卖盘
465,09:53:13,20.02,364293,182,买盘
466,09:53:16,20.01,1414850,707,卖盘
467,09:53:19,20.02,1829748,914,买盘
468,09:53:22,20.02,318335,159,卖盘
469,09:53:25,20.02,396391,198,卖盘
470,09:53:28,20.02,656565,328,买盘
471,09:53:31,20.02,2751832,1375,买盘
472,09:53:34,20.02,302331,151,卖盘
473,09:53:37,20.02,288370,144,卖盘
474,09:53:40,20.03,546761,273,买盘
475,09:53:43,20.03,2333482,1165,买盘
476,09:53:46,20.03,785488,392,卖盘
477,09:53:49,20.03,92157,46,卖盘
478,09:53:52,20.04,462841,231,买盘
479,09:53:55,20.05,254522,127,买盘
480,09:53:58,20.04,476991,238,卖盘
481,09:54:01,20.05,320704,160,买盘
482,09:54:04,20.04,450942,225,卖盘
483,09:54:07,20.05,1387306,692,买盘
484,09:54:10,20.07,6490726,3237,买盘
485,09:54:13,20.05,357052,178,卖盘
486,09:54:16,20.05,226577,113,卖盘
487,09:54:19,20.05,374930,187,买盘
488,09:54:22,20.06,874576,436,买盘
489,09:54:25,20.06,806390,402,买盘
490,09:54:28,20.06,52160,26,卖盘
491,09:54:31,20.06,304914,152,卖盘
492,09:54:34,20.07,280969,140,买盘
493,09:54:37,20.07,696302,347,买盘
494,09:54:40,20.06,1330313,663,卖盘
495,09:54:43,20.06,651905,325,买盘
496,09:54:46,20.05,483275,241,卖盘
497,09:54:49,20.05,491175,245,买盘
498,09:54:52,20.04,515059,257,卖盘
499,09:54:55,20.04,711584,355,买盘
500,09:54:58,20.04,322626,161,买盘
501,09:55:01,20.04,945639,472,买盘
502,09:55:04,20.05,487045,243,买盘
503,09:55:07,20.05,332790,166,买盘
504,09:55:10,20.05,477113,238,买盘
505,09:55:13,20.05,152391,76,卖盘
506,09:55:16,20.04,152374,76,卖盘
507,09:55:19,20.05,1459615,728,买盘
508,09:55:22,20.05,627449,313,买盘
509,09:55:25,20.05,427047,213,买盘
510,09:55:28,20.04,420971,210,卖盘
511,09:55:31,20.05,394950,197,买盘
512,09:55:34,20.05,541317,270,买盘
513,09:55:37,20.05,739783,369,买盘
514,09:55:40,20.05,238576,119,买盘
515,09:55:43,20.05,404863,202,买盘
516,09:55:46,20.04,430920,215,卖盘
517,09:55:49,20.04,332692,166,卖盘
518,09:55:52,20.02,410666,205,卖盘
519,09:55:55,20.03,280484,140,中性盘
520,09:55:58,20.04,292440,146,买盘
521,09:56:01,20.04,624883,312,买盘
522,09:56:04,20.03,875412,437,卖盘
523,09:56:07,20.04,1165849,582,买盘
524,09:56:10,20.04,553065,276,买盘
525,09:56:13,20.04,330660,165,卖盘
526,09:56:16,20.04,344695,172,卖盘
527,09:56:19,20.04,507206,253,卖盘
528,09:56:22,20.04,1238458,618,买盘
529,09:56:25,20.04,292503,146,买盘
530,09:56:28,20.05,416784,208,买盘
531,09:56:31,20.04,142306,71,卖盘
532,09:56:34,20.04,228552,114,卖盘
533,09:56:37,20.04,78175,39,卖盘
534,09:56:40,20.05,114267,57,买盘
535,09:56:43,20.04,547119,273,卖盘
536,09:56:46,20.04,512995,256,买盘
537,09:56:49,20.05,428922,214,买盘
538,09:56:52,20.04,665471,332,卖盘
539,09:56:55,20.04,432822,216,买盘
540,09:56:58,20.04,240469,120,买盘
541,09:57:01,20.04,314528,157,买盘
542,09:57:04,20.03,288520,144,卖盘
543,09:57:07,20.02,398639,199,卖盘
544,09:57:10,20.03,606763,303,中性盘
545,09:57:13,20.03,354500,177,买盘
546,09:57:16,20.03,570589,285,买盘
547,09:57:19,20.02,1008616,504,中性盘
548,09:57:22,20.01,1962489,980,卖盘
549,09:57:25,20.02,480490,240,买盘
550,09:57:28,20.02,164143,82,卖盘
551,09:57:31,20.02,578659,289,卖盘
552,09:57:34,20.0,216152,108,卖盘
553,09:57:37,20.0,178061,89,卖盘
554,09:57:40,20.01,476081,238,买盘
555,09:57:43,20.0,214102,107,卖盘
556,09:57:46,20.0,150061,75,卖盘
557,09:57:49,20.0,442066,221,卖盘
558,09:57:52,20.01,188042,94,买盘
559,09:57:55,20.01,134057,67,买盘
560,09:57:58,20.0,460070,230,卖盘
561,09:58:01,20.01,696348,348,买盘
562,09:58:04,20.01,330111,165,卖盘
563,09:58:07,20.01,892438,446,买盘
564,09:58:10,20.0,406186,203,卖盘
565,09:58:13,20.01,254096,127,买盘
566,09:58:16,20.01,218099,109,买盘
567,09:58:19,20.01,2092935,1046,买盘
568,09:58:22,20.01,274264,137,卖盘
569,09:58:25,20.02,472446,236,买盘
570,09:58:28,20.02,440394,220,买盘
571,09:58:31,20.02,502479,251,买盘
572,09:58:34,20.02,324299,162,买盘
573,09:58:37,20.02,254176,127,买盘
574,09:58:40,20.02,174146,87,买盘
575,09:58:43,20.02,512319,256,买盘
576,09:58:46,20.0,168081,84,卖盘
577,09:58:49,20.01,194072,97,买盘
578,09:58:52,20.01,308141,154,买盘
579,09:58:55,20.01,146051,73,买盘
580,09:58:58,20.0,78026,39,卖盘
581,09:59:01,20.01,430096,215,买盘
582,09:59:04,20.01,80024,40,买盘
583,09:59:07,20.0,1478044,739,卖盘
584,09:59:10,20.0,398057,199,卖盘
585,09:59:13,20.01,302143,151,买盘
586,09:59:16,20.01,558153,279,买盘
587,09:59:19,20.0,334053,167,卖盘
588,09:59:22,20.0,214031,107,卖盘
589,09:59:25,20.01,684098,342,买盘
590,09:59:28,20.0,450134,225,卖盘
591,09:59:31,20.0,482097,241,卖盘
592,09:59:34,20.01,902319,451,买盘
593,09:59:37,20.01,142043,71,买盘
594,09:59:40,20.0,404024,202,卖盘
595,09:59:43,20.0,342000,171,买盘
596,09:59:46,20.0,197969,99,买盘
597,09:59:49,19.99,287901,144,卖盘
598,09:59:52,20.0,355985,178,买盘
599,09:59:55,20.0,511895,256,买盘
600,09:59:58,19.99,403865,202,卖盘
601,10:00:01,19.99,261896,131,卖盘
602,10:00:04,19.99,779641,390,卖盘
603,10:00:07,19.99,707480,354,买盘
604,10:00:10,19.98,2499309,1251,卖盘
605,10:00:13,19.97,421508,211,卖盘
606,10:00:16,19.98,475476,238,买盘
607,10:00:19,19.99,1196864,599,买盘
608,10:00:22,20.0,1155712,578,买盘
609,10:00:25,20.0,163972,82,买盘
610,10:00:28,19.99,163994,82,卖盘
611,10:00:31,20.0,253977,127,买盘
612,10:00:34,19.99,705998,353,卖盘
613,10:00:37,20.0,283985,142,买盘
614,10:00:40,20.0,155947,78,买盘
615,10:00:43,19.99,165952,83,卖盘
616,10:00:46,19.98,999392,500,卖盘
617,10:00:49,19.99,453650,227,买盘
618,10:00:52,19.99,1075005,538,买盘
619,10:00:55,19.99,269858,135,买盘
620,10:00:58,19.99,1170091,585,买盘
621,10:01:01,20.0,2176928,1088,买盘
622,10:01:04,20.0,1631227,815,买盘
623,10:01:07,20.0,586072,293,买盘
624,10:01:10,20.01,706051,353,买盘
625,10:01:13,20.0,192074,96,卖盘
626,10:01:16,20.01,518336,259,买盘
627,10:01:19,20.02,372329,186,买盘
628,10:01:22,20.02,348365,174,卖盘
629,10:01:25,20.03,460585,230,买盘
630,10:01:28,20.02,116157,58,中性盘
631,10:01:31,20.01,392242,196,卖盘
632,10:01:34,20.02,302210,151,买盘
633,10:01:37,20.01,142057,71,中性盘
634,10:01:40,20.01,276055,138,买盘
635,10:01:43,20.01,80035,40,买盘
636,10:01:46,20.0,280029,140,卖盘
637,10:01:49,20.0,198026,99,卖盘
638,10:01:52,20.0,243969,122,买盘
639,10:01:55,20.0,306000,153,买盘
640,10:01:58,20.0,79997,40,买盘
641,10:02:01,20.0,541780,271,买盘
642,10:02:04,20.0,131991,66,买盘
643,10:02:07,20.0,469896,235,买盘
644,10:02:10,19.99,977533,489,卖盘
645,10:02:13,19.99,455683,228,买盘
646,10:02:16,19.99,277835,139,买盘
647,10:02:19,19.99,83958,42,买盘
648,10:02:22,19.98,409643,205,卖盘
649,10:02:25,19.99,371681,186,买盘
650,10:02:28,19.99,1353009,677,买盘
651,10:02:31,19.99,359809,180,买盘
652,10:02:34,19.99,195899,98,买盘
653,10:02:37,19.99,1474766,738,买盘
654,10:02:40,19.99,123972,62,卖盘
655,10:02:43,19.99,111998,56,卖盘
656,10:02:46,20.0,525926,263,买盘
657,10:02:49,19.99,979523,490,卖盘
658,10:02:52,19.98,293755,147,卖盘
659,10:02:55,19.98,361725,181,卖盘
660,10:02:58,19.98,517670,259,卖盘
661,10:03:01,19.98,1535341,768,卖盘
662,10:03:04,19.99,481717,241,买盘
663,10:03:07,19.99,451781,226,卖盘
664,10:03:10,19.99,205964,103,卖盘
665,10:03:13,20.0,149955,75,买盘
666,10:03:16,19.99,721919,361,卖盘
667,10:03:19,19.99,491750,246,卖盘
668,10:03:22,20.0,481853,241,买盘
669,10:03:25,20.0,147983,74,买盘
670,10:03:28,20.0,217988,109,买盘
671,10:03:31,20.0,745989,373,买盘
672,10:03:34,20.0,127972,64,买盘
673,10:03:37,19.99,175942,88,卖盘
674,10:03:40,20.0,99983,50,买盘
675,10:03:43,20.0,315933,158,买盘
676,10:03:46,19.99,205949,103,卖盘
677,10:03:49,20.01,788028,394,买盘
678,10:03:52,20.01,176027,88,买盘
679,10:03:55,20.0,190017,95,卖盘
680,10:03:58,20.01,356131,178,买盘
681,10:04:01,20.0,432082,216,卖盘
682,10:04:04,20.0,237958,119,买盘
683,10:04:07,20.0,485933,243,买盘
684,10:04:10,19.99,247900,124,卖盘
685,10:04:13,19.98,631716,316,卖盘
686,10:04:16,20.0,327921,164,买盘
687,10:04:19,19.99,469683,235,中性盘
688,10:04:22,19.99,269856,135,卖盘
689,10:04:25,19.99,183908,92,买盘
690,10:04:28,19.99,349709,175,买盘
691,10:04:31,19.99,383797,192,买盘
692,10:04:34,19.98,421658,211,卖盘
693,10:04:37,19.98,233792,117,卖盘
694,10:04:40,19.98,107908,54,卖盘
695,10:04:43,19.99,227780,114,买盘
696,10:04:46,19.99,51971,26,买盘
697,10:04:49,19.98,1214776,608,卖盘
698,10:04:52,19.97,583324,292,卖盘
699,10:04:55,19.98,299589,150,买盘
700,10:04:58,19.98,545346,273,买盘
701,10:05:01,19.98,345621,173,买盘
702,10:05:04,19.98,309658,155,买盘
703,10:05:07,19.98,445536,223,买盘
704,10:05:10,19.98,277725,139,卖盘
705,10:05:13,19.98,1317183,659,卖盘
706,10:05:16,19.99,129925,65,买盘
707,10:05:19,19.98,505554,253,卖盘
708,10:05:22,19.98,327672,164,买盘
709,10:05:25,19.98,1120845,561,买盘
710,10:05:28,19.97,1174446,588,卖盘
711,10:05:31,19.98,153837,77,买盘
712,10:05:34,19.97,489332,245,卖盘
713,10:05:37,19.97,163790,82,卖盘
714,10:05:40,19.97,671242,336,卖盘
715,10:05:43,19.98,607309,304,买盘
716,10:05:46,19.97,1911484,957,卖盘
717,10:05:49,19.96,171740,86,卖盘
718,10:05:52,19.97,419261,210,买盘
719,10:05:55,19.96,938292,470,卖盘
720,10:05:58,19.97,135755,68,买盘
721,10:06:01,19.97,1331930,667,买盘
722,10:06:04,19.95,1457092,730,卖盘
723,10:06:07,19.96,211576,106,买盘
724,10:06:10,19.96,389220,195,买盘
725,10:06:13,19.96,488947,245,买盘
726,10:06:16,19.96,293411,147,买盘
727,10:06:19,19.96,441029,221,买盘
728,10:06:22,19.96,375150,188,买盘
729,10:06:25,19.96,363236,182,买盘
730,10:06:28,19.96,748486,375,买盘
731,10:06:31,19.96,351300,176,卖盘
732,10:06:34,19.97,253535,127,买盘
733,10:06:37,19.96,2535863,1271,卖盘
734,10:06:40,19.97,698638,350,买盘
735,10:06:43,19.97,197626,99,买盘
736,10:06:46,19.96,906348,454,卖盘
737,10:06:49,19.95,189615,95,卖盘
738,10:06:52,19.96,151628,76,买盘
739,10:06:55,19.95,434931,218,卖盘
740,10:06:58,19.95,105762,53,卖盘
741,10:07:01,19.94,2372108,1189,卖盘
742,10:07:04,19.95,367060,184,买盘
743,10:07:07,19.94,456719,229,卖盘
744,10:07:10,19.94,664297,333,卖盘
745,10:07:13,19.94,400905,201,卖盘
746,10:07:16,19.95,480624,241,买盘
747,10:07:19,19.95,293189,147,买盘
748,10:07:22,19.94,309088,155,卖盘
749,10:07:25,19.95,484569,243,买盘
750,10:07:28,19.94,650047,326,卖盘
751,10:07:31,19.93,187365,94,卖盘
752,10:07:34,19.94,847148,425,买盘
753,10:07:37,19.94,287052,144,买盘
754,10:07:40,19.93,695565,349,卖盘
755,10:07:43,19.94,273084,137,买盘
756,10:07:46,19.93,1690213,848,卖盘
757,10:07:49,19.93,237108,119,买盘
758,10:07:52,19.93,191275,96,买盘
759,10:07:55,19.93,1670062,838,买盘
760,10:07:58,19.93,647732,325,买盘
761,10:08:01,19.93,593852,298,卖盘
762,10:08:04,19.94,1086240,545,买盘
763,10:08:07,19.93,370667,186,中性盘
764,10:08:10,19.93,241254,121,卖盘
765,10:08:13,19.94,364812,183,买盘
766,10:08:16,19.94,185441,93,买盘
767,10:08:19,19.93,241179,121,卖盘
768,10:08:22,19.93,366790,184,卖盘
769,10:08:25,19.93,765336,384,卖盘
770,10:08:28,19.93,446351,224,买盘
771,10:08:31,19.92,251082,126,卖盘
772,10:08:34,19.93,705244,354,买盘
773,10:08:37,19.93,440291,221,买盘
774,10:08:40,19.92,312782,157,卖盘
775,10:08:43,19.92,557833,280,卖盘
776,10:08:46,19.92,165408,83,卖盘
777,10:08:49,19.93,3037948,1525,买盘
778,10:08:52,19.92,651339,327,买盘
779,10:08:55,19.92,247008,124,买盘
780,10:08:58,19.92,242998,122,买盘
781,10:09:01,19.92,396330,199,买盘
782,10:09:04,19.91,1863604,936,卖盘
783,10:09:07,19.91,2673943,1343,卖盘
784,10:09:10,19.92,1443516,725,买盘
785,10:09:13,19.91,388330,195,卖盘
786,10:09:16,19.91,3088068,1551,卖盘
787,10:09:19,19.91,63712,32,买盘
788,10:09:22,19.91,240821,121,买盘
789,10:09:25,19.91,312451,157,买盘
790,10:09:28,19.9,451894,227,卖盘
791,10:09:31,19.91,338379,170,买盘
792,10:09:34,19.9,356356,179,卖盘
793,10:09:37,19.91,332487,167,买盘
794,10:09:40,19.9,577242,290,卖盘
795,10:09:43,19.9,597197,300,卖盘
796,10:09:46,19.91,222967,112,买盘
797,10:09:49,19.91,93534,47,买盘
798,10:09:52,19.91,483660,243,买盘
799,10:09:55,19.91,2103460,1057,买盘
800,10:09:58,19.91,232918,117,买盘
801,10:10:01,19.91,547353,275,买盘
802,10:10:04,19.91,730629,367,买盘
803,10:10:07,19.9,756377,380,卖盘
804,10:10:10,19.91,384256,193,买盘
805,10:10:13,19.91,87594,44,买盘
806,10:10:16,19.92,226975,114,买盘
807,10:10:19,19.91,81643,41,卖盘
808,10:10:22,19.92,296672,149,买盘
809,10:10:25,19.91,185200,93,卖盘
810,10:10:28,19.92,173279,87,买盘
811,10:10:31,19.92,264831,133,买盘
812,10:10:34,19.92,65726,33,买盘
813,10:10:37,19.91,446092,224,卖盘
814,10:10:40,19.91,193160,97,卖盘
815,10:10:43,19.91,290740,146,卖盘
816,10:10:46,19.91,1359918,683,卖盘
817,10:10:49,19.91,410201,206,买盘
818,10:10:52,19.92,219020,110,买盘
819,10:10:55,19.91,258942,130,卖盘
820,10:10:58,19.91,336482,169,卖盘
821,10:11:01,19.92,135402,68,买盘
822,10:11:04,19.91,1379807,693,卖盘
823,10:11:07,19.92,147351,74,买盘
824,10:11:10,19.91,75684,38,卖盘
825,10:11:13,19.91,430130,216,卖盘
826,10:11:16,19.92,69702,35,买盘
827,10:11:19,19.91,137384,69,卖盘
828,10:11:22,19.92,131413,66,买盘
829,10:11:25,19.91,252867,127,卖盘
830,10:11:28,19.92,1085107,545,买盘
831,10:11:31,19.91,2102516,1056,卖盘
832,10:11:34,19.91,463770,233,买盘
833,10:11:37,19.91,503732,253,卖盘
834,10:11:40,19.92,167254,84,买盘
835,10:11:43,19.92,67709,34,买盘
836,10:11:46,19.92,141368,71,买盘
837,10:11:49,19.92,75674,38,买盘
838,10:11:52,19.91,217026,109,卖盘
839,10:11:55,19.92,69691,35,买盘
840,10:11:58,19.91,350449,176,卖盘
841,10:12:01,19.92,155328,78,买盘
842,10:12:04,19.91,535594,269,卖盘
843,10:12:07,19.92,191180,96,买盘
844,10:12:10,19.92,109550,55,买盘
845,10:12:13,19.92,75693,38,买盘
846,10:12:16,19.91,145373,73,卖盘
847,10:12:19,19.92,308750,155,买盘
848,10:12:22,19.92,2058716,1034,买盘
849,10:12:25,19.91,804415,404,卖盘
850,10:12:28,19.92,223037,112,买盘
851,10:12:31,19.91,29868,15,卖盘
852,10:12:34,19.92,111517,56,买盘
853,10:12:37,19.91,29872,15,卖盘
854,10:12:40,19.92,137395,69,买盘
855,10:12:43,19.92,284732,143,买盘
856,10:12:46,19.91,1333972,670,卖盘
857,10:12:49,19.9,210982,106,卖盘
858,10:12:52,19.9,647060,325,卖盘
859,10:12:55,19.9,105500,53,卖盘
860,10:12:58,19.91,272706,137,买盘
861,10:13:01,19.91,312588,157,卖盘
862,10:13:04,19.91,201056,101,买盘
863,10:13:07,19.91,336470,169,买盘
864,10:13:10,19.91,589318,296,买盘
865,10:13:13,19.91,185143,93,买盘
866,10:13:16,19.9,609227,306,卖盘
867,10:13:19,19.91,278743,140,卖盘
868,10:13:22,19.91,641128,322,卖盘
869,10:13:25,19.91,199054,100,买盘
870,10:13:28,19.91,599272,301,买盘
871,10:13:31,19.91,682689,343,买盘
872,10:13:34,19.91,784454,394,买盘
873,10:13:37,19.91,187129,94,买盘
874,10:13:40,19.91,99524,50,买盘
875,10:13:43,19.91,453944,228,买盘
876,10:13:46,19.91,87593,44,买盘
877,10:13:49,19.91,131383,66,买盘
878,10:13:52,19.91,159263,80,买盘
879,10:13:55,19.91,1590299,799,买盘
880,10:13:58,19.9,310510,156,卖盘
881,10:14:01,19.91,436004,219,买盘
882,10:14:04,19.9,262761,132,卖盘
883,10:14:07,19.91,39814,20,买盘
884,10:14:10,19.91,1045223,525,买盘
885,10:14:13,19.91,1133384,569,卖盘
886,10:14:16,19.91,115486,58,卖盘
887,10:14:19,19.92,83637,42,买盘
888,10:14:22,19.92,906612,455,买盘
889,10:14:25,19.93,402588,202,买盘
890,10:14:28,19.93,460530,231,卖盘
891,10:14:31,19.93,83676,42,买盘
892,10:14:34,19.93,131515,66,买盘
893,10:14:37,19.93,61762,31,买盘
894,10:14:40,19.93,117574,59,卖盘
895,10:14:43,19.94,27906,14,买盘
896,10:14:46,19.94,159459,80,买盘
897,10:14:49,19.93,881006,442,卖盘
898,10:14:52,19.93,119557,60,买盘
899,10:14:55,19.93,71744,36,买盘
900,10:14:58,19.93,67759,34,买盘
901,10:15:01,19.92,185322,93,卖盘
902,10:15:04,19.93,53806,27,买盘
903,10:15:07,19.93,33870,17,买盘
904,10:15:10,19.92,229184,115,卖盘
905,10:15:13,19.92,1171321,588,卖盘
906,10:15:16,19.93,169363,85,买盘
907,10:15:19,19.93,219150,110,买盘
908,10:15:22,19.93,193315,97,买盘
909,10:15:25,19.93,356805,179,买盘
910,10:15:28,19.94,87696,44,买盘
911,10:15:31,19.93,49826,25,卖盘
912,10:15:34,19.94,133539,67,买盘
913,10:15:37,19.93,7972,4,卖盘
914,10:15:40,19.94,31904,16,买盘
915,10:15:43,19.93,476305,239,卖盘
916,10:15:46,19.93,310788,156,卖盘
917,10:15:49,19.93,308983,155,买盘
918,10:15:52,19.93,137510,69,买盘
919,10:15:55,19.92,75723,38,卖盘
920,10:15:58,19.93,591693,297,买盘
921,10:16:01,19.91,203168,102,卖盘
922,10:16:04,19.92,1136891,571,买盘
923,10:16:07,19.91,2224004,1117,卖盘
924,10:16:10,19.91,159292,80,卖盘
925,10:16:13,19.91,141390,71,卖盘
926,10:16:16,19.92,143374,72,买盘
927,10:16:19,19.92,416203,209,买盘
928,10:16:22,19.91,29876,15,卖盘
929,10:16:25,19.92,27889,14,卖盘
930,10:16:28,19.92,667409,335,买盘
931,10:16:31,19.92,480076,241,卖盘
932,10:16:34,19.92,452233,227,卖盘
933,10:16:37,19.93,139499,70,买盘
934,10:16:40,19.93,3271585,1642,买盘
935,10:16:43,19.94,639853,321,买盘
936,10:16:46,19.93,107650,54,卖盘
937,10:16:49,19.93,93701,47,卖盘
938,10:16:52,19.93,185372,93,卖盘
939,10:16:55,19.93,157466,79,卖盘
940,10:16:58,19.94,219309,110,买盘
941,10:17:01,19.94,1804528,905,买盘
942,10:17:04,19.93,390703,196,卖盘
943,10:17:07,19.94,263138,132,买盘
944,10:17:10,19.93,314900,158,卖盘
945,10:17:13,19.94,33890,17,买盘
946,10:17:16,19.93,1333054,669,卖盘
947,10:17:19,19.93,231154,116,买盘
948,10:17:22,19.93,944668,474,买盘
949,10:17:25,19.93,131543,66,卖盘
950,10:17:28,19.94,811152,407,买盘
951,10:17:31,19.93,1074019,539,卖盘
952,10:17:34,19.93,89693,45,卖盘
953,10:17:37,19.93,382664,192,卖盘
954,10:17:40,19.93,75745,38,卖盘
955,10:17:43,19.93,288985,145,卖盘
956,10:17:46,19.94,39867,20,买盘
957,10:17:49,19.93,294969,148,卖盘
958,10:17:52,19.93,151501,76,卖盘
959,10:17:55,19.93,512206,257,卖盘
960,10:17:58,19.93,143504,72,卖盘
961,10:18:01,19.93,75739,38,卖盘
962,10:18:04,19.93,281081,141,卖盘
963,10:18:07,19.94,307062,154,买盘
964,10:18:10,19.94,1423611,714,买盘
965,10:18:13,19.94,189482,95,卖盘
966,10:18:16,19.95,119642,60,买盘
967,10:18:19,19.94,177475,89,卖盘
968,10:18:22,19.94,520439,261,卖盘
969,10:18:25,19.94,67802,34,卖盘
970,10:18:28,19.95,57839,29,买盘
971,10:18:31,19.95,159541,80,买盘
972,10:18:34,19.95,93724,47,买盘
973,10:18:37,19.94,145577,73,卖盘
974,10:18:40,19.94,57827,29,卖盘
975,10:18:43,19.94,305094,153,卖盘
976,10:18:46,19.95,89737,45,买盘
977,10:18:49,19.94,93731,47,卖盘
978,10:18:52,19.94,57830,29,卖盘
979,10:18:55,19.94,95717,48,卖盘
980,10:18:58,19.94,29910,15,卖盘
981,10:19:01,19.95,321049,161,买盘
982,10:19:04,19.94,632110,317,卖盘
983,10:19:07,19.94,317073,159,卖盘
984,10:19:10,19.94,183497,92,卖盘
985,10:19:13,19.95,1186727,595,买盘
986,10:19:16,19.94,1115245,559,卖盘
987,10:19:19,19.95,638350,320,买盘
988,10:19:22,19.95,530555,266,买盘
989,10:19:25,19.94,269300,135,卖盘
990,10:19:28,19.95,35909,18,卖盘
991,10:19:31,19.95,83791,42,卖盘
992,10:19:34,19.95,17955,9,卖盘
993,10:19:37,19.95,203490,102,卖盘
994,10:19:40,19.95,53880,27,卖盘
995,10:19:43,19.95,213465,107,卖盘
996,10:19:46,19.95,49882,25,卖盘
997,10:19:49,19.95,323231,162,卖盘
998,10:19:52,19.95,357107,179,卖盘
999,10:19:55,19.95,237407,119,卖盘
1000,10:19:58,19.95,365086,183,卖盘
1001,10:20:01,19.96,103752,52,买盘
1002,10:20:04,19.96,1716550,860,买盘
1003,10:20:07,19.97,233581,117,买盘
1004,10:20:10,19.96,337439,169,卖盘
1005,10:20:13,19.97,449046,225,买盘
1006,10:20:16,19.97,309508,155,买盘
1007,10:20:19,19.97,279544,140,买盘
1008,10:20:22,19.97,244624,123,买盘
1009,10:20:25,19.96,95828,48,卖盘
1010,10:20:28,19.96,129799,65,卖盘
1011,10:20:31,19.97,63898,32,买盘
1012,10:20:34,19.97,117769,59,买盘
1013,10:20:37,19.97,93856,47,买盘
1014,10:20:40,19.97,89821,45,买盘
1015,10:20:43,19.96,217601,109,卖盘
1016,10:20:46,19.96,45909,23,卖盘
1017,10:20:49,19.96,67865,34,卖盘
1018,10:20:52,19.96,212582,107,卖盘
1019,10:20:55,19.96,45899,23,买盘
1020,10:20:58,19.95,89782,45,卖盘
1021,10:21:01,19.95,626432,314,卖盘
1022,10:21:04,19.96,289298,145,买盘
1023,10:21:07,19.95,1670624,837,卖盘
1024,10:21:10,19.95,159608,80,卖盘
1025,10:21:13,19.96,17959,9,买盘
1026,10:21:16,19.96,59869,30,买盘
1027,10:21:19,19.96,157613,79,买盘
1028,10:21:22,19.96,49892,25,买盘
1029,10:21:25,19.95,133685,67,卖盘
1030,10:21:28,19.95,107744,54,卖盘
1031,10:21:31,19.95,732166,367,卖盘
1032,10:21:34,19.95,203462,102,卖盘
1033,10:21:37,19.95,291371,146,卖盘
1034,10:21:40,19.94,51870,26,卖盘
1035,10:21:43,19.94,434852,218,卖盘
1036,10:21:46,19.95,255268,128,卖盘
1037,10:21:49,19.94,464650,233,卖盘
1038,10:21:52,19.94,420770,211,卖盘
1039,10:21:55,19.94,175446,88,卖盘
1040,10:21:58,19.93,488385,245,卖盘
1041,10:22:01,19.95,1298038,651,买盘
1042,10:22:04,19.94,191447,96,卖盘
1043,10:22:07,19.94,45869,23,卖盘
1044,10:22:10,19.94,369056,185,卖盘
1045,10:22:13,19.94,169501,85,卖盘
1046,10:22:16,19.94,1645027,825,卖盘
1047,10:22:19,19.95,1559191,782,买盘
1048,10:22:22,19.94,367052,184,卖盘
1049,10:22:25,19.94,426768,214,卖盘
1050,10:22:28,19.94,237261,119,卖盘
1051,10:22:31,19.94,410916,206,卖盘
1052,10:22:34,19.94,175480,88,卖盘
1053,10:22:37,19.94,680022,341,卖盘
1054,10:22:40,19.93,893660,448,卖盘
1055,10:22:43,19.94,412736,207,中性盘
1056,10:22:46,19.95,215355,108,买盘
1057,10:22:49,19.94,51845,26,卖盘
1058,10:22:52,19.94,402740,202,卖盘
1059,10:22:55,19.94,115654,58,卖盘
1060,10:22:58,19.93,321016,161,卖盘
1061,10:23:01,19.93,492346,247,卖盘
1062,10:23:04,19.94,167433,84,买盘
1063,10:23:07,19.93,617979,310,卖盘
1064,10:23:10,19.94,320882,161,买盘
1065,10:23:13,19.95,979019,491,买盘
1066,10:23:16,19.93,462497,232,卖盘
1067,10:23:19,19.94,199384,100,买盘
1068,10:23:22,19.94,21936,11,卖盘
1069,10:23:25,19.94,49850,25,卖盘
1070,10:23:28,19.94,133599,67,卖盘
1071,10:23:31,19.94,127617,64,卖盘
1072,10:23:34,19.94,155546,78,卖盘
1073,10:23:37,19.94,157567,79,卖盘
1074,10:23:40,19.94,434668,218,卖盘
1075,10:23:43,19.94,633912,318,买盘
1076,10:23:46,19.93,145501,73,卖盘
1077,10:23:49,19.93,55822,28,卖盘
1078,10:23:52,19.93,723461,363,卖盘
1079,10:23:55,19.93,400597,201,卖盘
1080,10:23:58,19.93,181369,91,卖盘
1081,10:24:01,19.93,37868,19,卖盘
1082,10:24:04,19.93,167412,84,卖盘
1083,10:24:07,19.93,61791,31,卖盘
1084,10:24:10,19.92,490258,246,卖盘
1085,10:24:13,19.92,89670,45,卖盘
1086,10:24:16,19.92,3985,2,卖盘
1087,10:24:19,19.92,27888,14,卖盘
1088,10:24:22,19.92,1073702,539,卖盘
1089,10:24:25,19.92,1604125,805,卖盘
1090,10:24:28,19.92,334664,168,卖盘
1091,10:24:31,19.92,85658,43,卖盘
1092,10:24:34,19.92,171315,86,卖盘
1093,10:24:37,19.92,1251105,628,卖盘
1094,10:24:40,19.92,1601573,804,买盘
1095,10:24:43,19.92,460142,231,卖盘
1096,10:24:46,19.93,79692,40,买盘
1097,10:24:49,19.92,51793,26,卖盘
1098,10:24:52,19.93,47815,24,买盘
1099,10:24:55,19.92,21920,11,卖盘
1100,10:24:58,19.92,29881,15,卖盘
1101,10:25:01,19.92,15936,8,卖盘
1102,10:25:04,19.92,266932,134,卖盘
1103,10:25:07,19.92,511884,257,卖盘
1104,10:25:10,19.93,1233004,619,买盘
1105,10:25:13,19.92,629478,316,卖盘
1106,10:25:16,19.93,436454,219,买盘
1107,10:25:19,19.94,412612,207,买盘
1108,10:25:22,19.93,55806,28,卖盘
1109,10:25:25,19.93,161425,81,卖盘
1110,10:25:28,19.92,101626,51,卖盘
1111,10:25:31,19.92,119544,60,卖盘
1112,10:25:34,19.92,37852,19,卖盘
1113,10:25:37,19.93,49802,25,买盘
1114,10:25:40,19.93,99618,50,买盘
1115,10:25:43,19.92,33866,17,卖盘
1116,10:25:46,19.92,209242,105,卖盘
1117,10:25:49,19.92,137449,69,卖盘
1118,10:25:52,19.91,611519,307,卖盘
1119,10:25:55,19.92,262933,132,买盘
1120,10:25:58,19.92,254954,128,买盘
1121,10:26:01,19.92,117511,59,买盘
1122,10:26:04,19.92,37844,19,买盘
1123,10:26:07,19.92,17924,9,买盘
1124,10:26:10,19.91,19918,10,卖盘
1125,10:26:13,19.91,19910,10,卖盘
1126,10:26:16,19.92,986030,495,买盘
1127,10:26:19,19.92,252993,127,卖盘
1128,10:26:22,19.92,555655,279,卖盘
1129,10:26:25,19.92,123508,62,卖盘
1130,10:26:28,19.91,93626,47,卖盘
1131,10:26:31,19.91,25886,13,卖盘
1132,10:26:34,19.91,87614,44,卖盘
1133,10:26:37,19.91,131406,66,卖盘
1134,10:26:40,19.92,258916,130,买盘
1135,10:26:43,19.91,91587,46,卖盘
1136,10:26:46,19.92,113498,57,买盘
1137,10:26:49,19.91,1003464,504,卖盘
1138,10:26:52,19.9,300624,151,卖盘
1139,10:26:55,19.9,87592,44,卖盘
1140,10:26:58,19.91,65695,33,买盘
1141,10:27:01,19.91,835814,420,买盘
1142,10:27:04,19.91,264700,133,买盘
1143,10:27:07,19.9,614993,309,卖盘
1144,10:27:10,19.9,537334,270,卖盘
1145,10:27:13,19.9,1430857,719,卖盘
1146,10:27:16,19.9,1747785,878,卖盘
1147,10:27:19,19.91,497514,250,买盘
1148,10:27:22,19.9,306484,154,卖盘
1149,10:27:25,19.9,111458,56,卖盘
1150,10:27:28,19.91,427920,215,买盘
1151,10:27:31,19.9,274635,138,卖盘
1152,10:27:34,19.9,73638,37,卖盘
1153,10:27:37,19.9,250740,126,卖盘
1154,10:27:40,19.9,2298452,1155,卖盘
1155,10:27:43,19.9,459712,231,卖盘
1156,10:27:46,19.9,429862,216,卖盘
1157,10:27:49,19.9,583191,293,卖盘
1158,10:27:52,19.9,37815,19,卖盘
1159,10:27:55,19.9,652829,328,卖盘
1160,10:27:58,19.9,3416841,1717,卖盘
1161,10:28:01,19.9,953288,479,卖盘
1162,10:28:04,19.9,149256,75,卖盘
1163,10:28:07,19.91,3404201,1710,买盘
1164,10:28:10,19.91,2470633,1241,买盘
1165,10:28:13,19.91,205121,103,卖盘
1166,10:28:16,19.92,503980,253,买盘
1167,10:28:19,19.92,637616,320,卖盘
1168,10:28:22,19.92,79700,40,卖盘
1169,10:28:25,19.91,444322,223,卖盘
1170,10:28:28,19.92,372479,187,买盘
1171,10:28:31,19.92,659148,331,卖盘
1172,10:28:34,19.92,336780,169,卖盘
1173,10:28:37,19.92,448225,225,卖盘
1174,10:28:40,19.91,131438,66,卖盘
1175,10:28:43,19.92,141406,71,买盘
1176,10:28:46,19.91,543547,273,卖盘
1177,10:28:49,19.91,396193,199,卖盘
1178,10:28:52,19.9,352507,177,卖盘
1179,10:28:55,19.91,390107,196,买盘
1180,10:28:58,19.91,551430,277,买盘
1181,10:29:01,19.91,290585,146,买盘
1182,10:29:04,19.9,127396,64,卖盘
1183,10:29:07,19.91,242877,122,中性盘
1184,10:29:10,19.91,328434,165,卖盘
1185,10:29:13,19.9,153310,77,卖盘
1186,10:29:16,19.9,135415,68,卖盘
1187,10:29:19,19.9,354254,178,卖盘
1188,10:29:22,19.9,296622,149,卖盘
1189,10:29:25,19.91,73671,37,卖盘
1190,10:29:28,19.92,537579,270,买盘
1191,10:29:31,19.93,1316711,661,买盘
1192,10:29:34,19.92,567748,285,卖盘
1193,10:29:37,19.93,25903,13,买盘
1194,10:29:40,19.92,57779,29,卖盘
1195,10:29:43,19.92,346674,174,卖盘
1196,10:29:46,19.93,111576,56,买盘
1197,10:29:49,19.91,1201097,603,卖盘
1198,10:29:52,19.92,485899,244,买盘
1199,10:29:55,19.92,45806,23,买盘
1200,10:29:58,19.91,145448,73,卖盘
1201,10:30:01,19.91,1254628,630,卖盘
1202,10:30:04,19.93,2575296,1292,买盘
1203,10:30:07,19.95,259269,130,买盘
1204,10:30:10,19.93,155476,78,卖盘
1205,10:30:13,19.94,61796,31,卖盘
1206,10:30:16,19.94,33894,17,买盘
1207,10:30:19,19.93,1066788,535,卖盘
1208,10:30:22,19.93,279268,140,卖盘
1209,10:30:25,19.93,476352,239,卖盘
1210,10:30:28,19.94,99711,50,卖盘
1211,10:30:31,19.95,524255,263,买盘
1212,10:30:34,19.95,360877,181,买盘
1213,10:30:37,19.94,139589,70,中性盘
1214,10:30:40,19.94,31906,16,卖盘
1215,10:30:43,19.95,115659,58,买盘
1216,10:30:46,19.94,23930,12,卖盘
1217,10:30:49,19.94,181497,91,卖盘
1218,10:30:52,19.94,129619,65,卖盘
1219,10:30:55,19.95,5985,3,买盘
1220,10:30:58,19.94,67796,34,卖盘
1221,10:31:01,19.94,283170,142,卖盘
1222,10:31:04,19.94,117655,59,卖盘
1223,10:31:07,19.94,95723,48,卖盘
1224,10:31:10,19.94,33905,17,卖盘
1225,10:31:13,19.95,65804,33,买盘
1226,10:31:16,19.94,33910,17,卖盘
1227,10:31:19,19.94,1437735,721,卖盘
1228,10:31:22,19.93,227241,114,卖盘
1229,10:31:25,19.94,97666,49,买盘
1230,10:31:28,19.95,482701,242,买盘
1231,10:31:31,19.93,79744,40,卖盘
1232,10:31:34,19.94,37893,19,买盘
1233,10:31:37,19.94,175463,88,买盘
1234,10:31:40,19.94,119606,60,卖盘
1235,10:31:43,19.94,191354,96,买盘
1236,10:31:46,19.94,59808,30,买盘
1237,10:31:49,19.94,468554,235,买盘
1238,10:31:52,19.94,167487,84,买盘
1239,10:31:55,19.94,11968,6,卖盘
1240,10:31:58,19.94,133660,67,卖盘
1241,10:32:01,19.94,25926,13,卖盘
1242,10:32:04,19.94,19949,10,卖盘
1243,10:32:07,19.95,1360528,682,买盘
1244,10:32:10,19.96,1949172,977,买盘
1245,10:32:13,19.95,147680,74,卖盘
1246,10:32:16,19.96,650689,326,买盘
1247,10:32:19,19.95,5397120,2704,卖盘
1248,10:32:22,19.96,333474,167,卖盘
1249,10:32:25,19.96,479037,240,卖盘
1250,10:32:28,19.96,109797,55,买盘
1251,10:32:31,19.97,1743162,873,买盘
1252,10:32:34,19.96,417222,209,卖盘
1253,10:32:37,19.96,169670,85,卖盘
1254,10:32:40,19.96,27948,14,卖盘
1255,10:32:43,19.97,31949,16,买盘
1256,10:32:46,19.97,676765,339,买盘
1257,10:32:49,19.96,67881,34,卖盘
1258,10:32:52,19.96,932480,467,卖盘
1259,10:32:55,19.97,4264656,2138,买盘
1260,10:32:58,19.97,503215,252,买盘
1261,10:33:01,19.96,29948,15,卖盘
1262,10:33:04,19.97,1922977,963,买盘
1263,10:33:07,19.97,586783,294,买盘
1264,10:33:10,19.96,2370227,1188,中性盘
1265,10:33:13,19.97,820714,411,买盘
1266,10:33:16,19.97,1162262,582,卖盘
1267,10:33:19,19.97,665025,333,卖盘
1268,10:33:22,19.97,431502,216,买盘
1269,10:33:25,19.97,89888,45,买盘
1270,10:33:28,19.98,317681,159,买盘
1271,10:33:31,19.97,561224,281,卖盘
1272,10:33:34,19.98,249739,125,买盘
1273,10:33:37,19.98,507461,254,买盘
1274,10:33:40,19.98,343530,172,买盘
1275,10:33:43,19.98,2779189,1391,买盘
1276,10:33:46,19.97,363643,182,卖盘
1277,10:33:49,19.98,185881,93,买盘
1278,10:33:52,19.98,67929,34,卖盘
1279,10:33:55,19.99,275775,138,买盘
1280,10:33:58,19.98,1049455,525,卖盘
1281,10:34:01,19.98,819480,410,卖盘
1282,10:34:04,19.99,43978,22,买盘
1283,10:34:07,19.99,119887,60,买盘
1284,10:34:10,19.99,49969,25,买盘
1285,10:34:13,19.98,183900,92,卖盘
1286,10:34:16,19.99,35982,18,买盘
1287,10:34:19,19.98,305697,153,卖盘
1288,10:34:22,19.98,607399,304,卖盘
1289,10:34:25,19.98,41958,21,买盘
1290,10:34:28,19.98,573289,287,买盘
1291,10:34:31,19.97,389609,195,卖盘
1292,10:34:34,19.97,159816,80,卖盘
1293,10:34:37,19.97,293643,147,卖盘
1294,10:34:40,19.98,113876,57,买盘
1295,10:34:43,19.98,109872,55,买盘
1296,10:34:46,19.98,69910,35,买盘
1297,10:34:49,19.97,73898,37,卖盘
1298,10:34:52,19.97,45934,23,卖盘
1299,10:34:55,19.98,37961,19,买盘
1300,10:34:58,19.98,25972,13,买盘
1301,10:35:01,19.96,1665024,834,卖盘
1302,10:35:04,19.96,4656685,2333,卖盘
1303,10:35:07,19.96,71881,36,卖盘
1304,10:35:10,19.96,415370,208,卖盘
1305,10:35:13,19.96,906493,454,卖盘
1306,10:35:16,19.97,157717,79,买盘
1307,10:35:19,19.96,520971,261,卖盘
1308,10:35:22,19.96,281443,141,卖盘
1309,10:35:25,19.96,47905,24,卖盘
1310,10:35:28,19.97,21958,11,买盘
1311,10:35:31,19.96,23952,12,卖盘
1312,10:35:34,19.97,49916,25,买盘
1313,10:35:37,19.97,35945,18,买盘
1314,10:35:40,19.96,77851,39,卖盘
1315,10:35:43,19.96,63879,32,卖盘
1316,10:35:46,19.97,7988,4,买盘
1317,10:35:52,19.97,5991,3,买盘
1318,10:35:55,19.96,598800,300,卖盘
1319,10:35:58,19.96,101820,51,卖盘
1320,10:36:01,19.96,37924,19,卖盘
1321,10:36:04,19.96,31936,16,卖盘
1322,10:36:07,19.96,43913,22,卖盘
1323,10:36:10,19.96,235528,118,卖盘
1324,10:36:13,19.96,95814,48,卖盘
1325,10:36:16,19.96,9980,5,卖盘
1326,10:36:19,19.96,241521,121,卖盘
1327,10:36:22,19.96,297423,149,卖盘
1328,10:36:25,19.96,5217549,2614,卖盘
1329,10:36:28,19.95,945671,474,卖盘
1330,10:36:31,19.95,33912,17,卖盘
1331,10:36:34,19.95,21940,11,买盘
1332,10:36:37,19.95,285284,143,买盘
1333,10:36:40,19.95,556403,279,卖盘
1334,10:36:43,19.94,15962,8,卖盘
1335,10:36:46,19.94,215386,108,卖盘
1336,10:36:49,19.95,125681,63,买盘
1337,10:36:52,19.94,23928,12,卖盘
1338,10:36:55,19.95,209423,105,买盘
1339,10:36:58,19.94,61815,31,卖盘
1340,10:37:01,19.94,269192,135,卖盘
1341,10:37:04,19.95,93723,47,买盘
1342,10:37:07,19.94,1005019,504,卖盘
1343,10:37:10,19.94,265147,133,买盘
1344,10:37:13,19.94,109666,55,买盘
1345,10:37:16,19.94,145563,73,卖盘
1346,10:37:19,19.94,279160,140,卖盘
1347,10:37:22,19.95,35898,18,买盘
1348,10:37:25,19.94,751732,377,卖盘
1349,10:37:28,19.93,157501,79,卖盘
1350,10:37:31,19.93,133591,67,卖盘
1351,10:37:34,19.94,21925,11,买盘
1352,10:37:37,19.94,125563,63,买盘
1353,10:37:40,19.94,103665,52,买盘
1354,10:37:43,19.94,49850,25,买盘
1355,10:37:46,19.95,119699,60,买盘
1356,10:37:49,19.94,45862,23,卖盘
1357,10:37:52,19.94,79781,40,卖盘
1358,10:37:55,19.94,13959,7,卖盘
1359,10:37:58,19.94,79760,40,卖盘
1360,10:38:01,19.95,73815,37,买盘
1361,10:38:04,19.94,45863,23,卖盘
1362,10:38:07,19.95,41884,21,买盘
1363,10:38:10,19.95,7980,4,买盘
1364,10:38:13,19.95,17952,9,买盘
1365,10:38:16,19.95,19950,10,买盘
1366,10:38:19,19.95,47869,24,买盘
1367,10:38:22,19.94,15953,8,卖盘
1368,10:38:25,19.95,41890,21,买盘
1369,10:38:28,19.94,117648,59,卖盘
1370,10:38:31,19.94,187440,94,卖盘
1371,10:38:34,19.95,195420,98,买盘
1372,10:38:37,19.94,203400,102,卖盘
1373,10:38:40,19.94,939544,471,卖盘
1374,10:38:43,19.94,89741,45,卖盘
1375,10:38:46,19.93,307098,154,卖盘
1376,10:38:49,19.93,105638,53,卖盘
1377,10:38:52,19.93,127588,64,卖盘
1378,10:38:55,19.94,235177,118,买盘
1379,10:38:58,19.93,171423,86,卖盘
1380,10:39:01,19.93,113601,57,卖盘
1381,10:39:04,19.94,163428,82,买盘
1382,10:39:07,19.93,334833,168,卖盘
1383,10:39:10,19.93,1299438,652,卖盘
1384,10:39:13,19.94,193380,97,买盘
1385,10:39:16,19.93,15950,8,卖盘
1386,10:39:19,19.93,81743,41,卖盘
1387,10:39:22,19.93,2159962,1084,卖盘
1388,10:39:25,19.92,739048,371,卖盘
1389,10:39:28,19.92,157384,79,卖盘
1390,10:39:31,19.93,15941,8,买盘
1391,10:39:34,19.93,175311,88,买盘
1392,10:39:37,19.92,528084,265,卖盘
1393,10:39:40,19.92,474200,238,卖盘
1394,10:39:43,19.92,256971,129,卖盘
1395,10:39:46,19.93,51805,26,买盘
1396,10:39:49,19.92,67728,34,卖盘
1397,10:39:52,19.92,153385,77,卖盘
1398,10:39:55,19.92,9960,5,卖盘
1399,10:39:58,19.92,137448,69,卖盘
1400,10:40:01,19.92,47815,24,卖盘
1401,10:40:04,19.92,135435,68,卖盘
1402,10:40:07,19.92,145376,73,买盘
1403,10:40:10,19.92,266857,134,买盘
1404,10:40:13,19.91,77653,39,卖盘
1405,10:40:16,19.92,57744,29,买盘
1406,10:40:19,19.91,179201,90,卖盘
1407,10:40:22,19.91,137421,69,卖盘
1408,10:40:25,19.91,318562,160,卖盘
1409,10:40:28,19.91,89602,45,卖盘
1410,10:40:31,19.91,402232,202,卖盘
1411,10:40:34,19.91,201143,101,卖盘
1412,10:40:37,19.91,45796,23,卖盘
1413,10:40:40,19.91,266818,134,卖盘
1414,10:40:43,19.92,67709,34,买盘
1415,10:40:46,19.92,207066,104,买盘
1416,10:40:49,19.91,426126,214,卖盘
1417,10:40:52,19.91,145396,73,卖盘
1418,10:40:55,19.91,274772,138,卖盘
1419,10:40:58,19.92,33851,17,买盘
1420,10:41:01,19.91,609246,306,卖盘
1421,10:41:04,19.92,486008,244,买盘
1422,10:41:07,19.92,336499,169,买盘
1423,10:41:10,19.91,135431,68,卖盘
1424,10:41:13,19.91,181192,91,卖盘
1425,10:41:16,19.92,711081,357,买盘
1426,10:41:19,19.92,533658,268,买盘
1427,10:41:22,19.91,1148829,577,卖盘
1428,10:41:25,19.91,302655,152,卖盘
1429,10:41:28,19.91,217040,109,卖盘
1430,10:41:31,19.91,197114,99,卖盘
1431,10:41:34,19.91,33852,17,卖盘
1432,10:41:37,19.92,756872,380,买盘
1433,10:41:40,19.91,151325,76,卖盘
1434,10:41:43,19.92,519661,261,买盘
1435,10:41:46,19.91,2142406,1076,卖盘
1436,10:41:49,19.92,1097160,551,买盘
1437,10:41:52,19.91,342459,172,卖盘
1438,10:41:55,19.91,55752,28,卖盘
1439,10:41:58,19.91,408169,205,卖盘
1440,10:42:01,19.91,384265,193,卖盘
1441,10:42:04,19.91,199060,100,买盘
1442,10:42:07,19.9,137315,69,卖盘
1443,10:42:10,19.9,129371,65,卖盘
1444,10:42:13,19.91,75642,38,买盘
1445,10:42:16,19.9,169162,85,卖盘
1446,10:42:19,19.9,403977,203,卖盘
1447,10:42:22,19.9,173132,87,卖盘
1448,10:42:25,19.9,139308,70,卖盘
1449,10:42:28,19.9,344274,173,卖盘
1450,10:42:31,19.91,147272,74,买盘
1451,10:42:34,19.9,282582,142,卖盘
1452,10:42:37,19.9,159202,80,卖盘
1453,10:42:40,19.91,310474,156,买盘
1454,10:42:43,19.91,127368,64,买盘
1455,10:42:46,19.9,796004,400,卖盘
1456,10:42:49,19.9,1094505,550,卖盘
1457,10:42:52,19.9,276615,139,卖盘
1458,10:42:55,19.9,89556,45,卖盘
1459,10:42:58,19.91,71646,36,买盘
1460,10:43:01,19.91,204979,103,买盘
1461,10:43:04,19.9,6885411,3460,卖盘
1462,10:43:07,19.9,819937,412,卖盘
1463,10:43:10,19.91,272644,137,买盘
1464,10:43:13,19.91,143336,72,买盘
1465,10:43:16,19.9,242835,122,卖盘
1466,10:43:19,19.91,91548,46,买盘
1467,10:43:22,19.9,129350,65,卖盘
1468,10:43:25,19.9,187062,94,卖盘
1469,10:43:28,19.91,344299,173,买盘
1470,10:43:31,19.9,272644,137,卖盘
1471,10:43:34,19.9,224877,113,卖盘
1472,10:43:37,19.9,2149204,1080,卖盘
1473,10:43:40,19.9,1966125,988,卖盘
1474,10:43:43,19.9,447865,225,卖盘
1475,10:43:46,19.9,899502,452,卖盘
1476,10:43:49,19.91,1823161,916,买盘
1477,10:43:52,19.91,320432,161,买盘
1478,10:43:55,19.91,197024,99,买盘
1479,10:43:58,19.9,101493,51,卖盘
1480,10:44:01,19.9,849731,427,卖盘
1481,10:44:04,19.9,819810,412,买盘
1482,10:44:07,19.89,1721067,865,卖盘
1483,10:44:10,19.9,330184,166,买盘
1484,10:44:13,19.89,186970,94,卖盘
1485,10:44:16,19.89,348075,175,卖盘
1486,10:44:19,19.89,451613,227,卖盘
1487,10:44:22,19.89,391870,197,卖盘
1488,10:44:25,19.9,113418,57,买盘
1489,10:44:28,19.9,91525,46,买盘
1490,10:44:31,19.9,153196,77,买盘
1491,10:44:34,19.9,260565,131,买盘
1492,10:44:37,19.9,220862,111,买盘
1493,10:44:40,19.9,2626673,1320,买盘
1494,10:44:43,19.9,722133,363,买盘
1495,10:44:46,19.9,109455,55,卖盘
1496,10:44:49,19.9,7960,4,卖盘
1497,10:44:52,19.91,453747,228,买盘
1498,10:44:55,19.89,670474,337,卖盘
1499,10:44:58,19.9,125383,63,卖盘
1500,10:45:01,19.91,248754,125,买盘
1501,10:45:04,19.9,35824,18,卖盘
1502,10:45:07,19.91,39820,20,买盘
1503,10:45:10,19.91,185163,93,买盘
1504,10:45:13,19.9,27873,14,卖盘
1505,10:45:16,19.91,27874,14,卖盘
1506,10:45:19,19.89,1229643,618,卖盘
1507,10:45:22,19.89,1559704,784,卖盘
1508,10:45:25,19.9,125328,63,中性盘
1509,10:45:28,19.9,1227317,617,卖盘
1510,10:45:31,19.91,37822,19,买盘
1511,10:45:34,19.9,1314823,661,卖盘
1512,10:45:37,19.89,1163649,585,卖盘
1513,10:45:40,19.9,246698,124,买盘
1514,10:45:43,19.89,77607,39,卖盘
1515,10:45:46,19.89,123320,62,卖盘
1516,10:45:49,19.9,49750,25,买盘
1517,10:45:52,19.9,51740,26,买盘
1518,10:45:55,19.89,87539,44,卖盘
1519,10:45:58,19.89,260595,131,卖盘
1520,10:46:01,19.9,21890,11,买盘
1521,10:46:04,19.89,471413,237,卖盘
1522,10:46:07,19.9,155159,78,买盘
1523,10:46:10,19.9,25865,13,买盘
1524,10:46:13,19.9,51727,26,买盘
1525,10:46:16,19.9,21888,11,买盘
1526,10:46:19,19.9,31838,16,买盘
1527,10:46:22,19.89,27852,14,卖盘
1528,10:46:25,19.9,53704,27,买盘
1529,10:46:28,19.9,59700,30,买盘
1530,10:46:31,19.9,31834,16,买盘
1531,10:46:34,19.89,141228,71,卖盘
1532,10:46:37,19.89,71617,36,卖盘
1533,10:46:40,19.9,513218,258,买盘
1534,10:46:43,19.9,1388372,698,买盘
1535,10:46:46,19.9,29843,15,买盘
1536,10:46:49,19.89,83538,42,卖盘
1537,10:46:52,19.89,55705,28,卖盘
1538,10:46:55,19.89,45750,23,卖盘
1539,10:46:58,19.9,7960,4,买盘
1540,10:47:01,19.89,192947,97,卖盘
1541,10:47:04,19.89,69621,35,卖盘
1542,10:47:07,19.9,242764,122,买盘
1543,10:47:10,19.89,1279052,643,卖盘
1544,10:47:13,19.89,79562,40,卖盘
1545,10:47:16,19.89,346087,174,卖盘
1546,10:47:19,19.9,85533,43,买盘
1547,10:47:22,19.89,59670,30,卖盘
1548,10:47:25,19.9,105453,53,买盘
1549,10:47:28,19.89,31827,16,卖盘
1550,10:47:31,19.89,29839,15,卖盘
1551,10:47:34,19.89,7959,4,卖盘
1552,10:47:37,19.89,71617,36,卖盘
1553,10:47:40,19.89,95473,48,卖盘
1554,10:47:43,19.89,65651,33,卖盘
1555,10:47:46,19.9,117354,59,买盘
1556,10:47:49,19.89,35802,18,卖盘
1557,10:47:52,19.89,39795,20,卖盘
1558,10:47:55,19.89,139239,70,卖盘
1559,10:47:58,19.89,298341,150,卖盘
1560,10:48:01,19.89,178956,90,买盘
1561,10:48:04,19.88,147166,74,卖盘
1562,10:48:07,19.88,218691,110,卖盘
1563,10:48:10,19.89,57676,29,买盘
1564,10:48:13,19.89,459455,231,买盘
1565,10:48:16,19.89,83516,42,中性盘
1566,10:48:19,19.89,230640,116,买盘
1567,10:48:22,19.89,127248,64,买盘
1568,10:48:25,19.88,143152,72,卖盘
1569,10:48:28,19.88,206792,104,卖盘
1570,10:48:31,19.89,115309,58,买盘
1571,10:48:34,19.88,155071,78,卖盘
1572,10:48:37,19.88,689856,347,卖盘
1573,10:48:40,19.89,167020,84,买盘
1574,10:48:43,19.89,51692,26,买盘
1575,10:48:46,19.89,67625,34,买盘
1576,10:48:49,19.88,924425,465,卖盘
1577,10:48:52,19.88,107353,54,卖盘
1578,10:48:55,19.88,69585,35,卖盘
1579,10:48:58,19.88,51697,26,卖盘
1580,10:49:01,19.89,437380,220,买盘
1581,10:49:04,19.89,194911,98,买盘
1582,10:49:07,19.89,59653,30,买盘
1583,10:49:10,19.88,2039703,1026,卖盘
1584,10:49:13,19.89,206792,104,买盘
1585,10:49:16,19.89,499214,251,买盘
1586,10:49:19,19.88,1531507,770,卖盘
1587,10:49:22,19.89,356093,179,买盘
1588,10:49:25,19.9,107415,54,买盘
1589,10:49:28,19.89,423654,213,卖盘
1590,10:49:31,19.89,540997,272,买盘
1591,10:49:34,19.89,141204,71,买盘
1592,10:49:37,19.89,250614,126,卖盘
1593,10:49:40,19.9,23874,12,买盘
1594,10:49:43,19.9,381911,192,买盘
1595,10:49:46,19.89,111393,56,卖盘
1596,10:49:49,19.89,179093,90,卖盘
1597,10:49:52,19.89,182989,92,卖盘
1598,10:49:55,19.9,67654,34,买盘
1599,10:49:58,19.9,23879,12,买盘
1600,10:50:01,19.9,51729,26,买盘
1601,10:50:04,19.9,105434,53,买盘
1602,10:50:07,19.9,135316,68,买盘
1603,10:50:10,19.89,139239,70,卖盘
1604,10:50:13,19.9,33825,17,买盘
1605,10:50:16,19.9,23877,12,买盘
1606,10:50:19,19.89,240682,121,卖盘
1607,10:50:22,19.89,198900,100,卖盘
1608,10:50:25,19.89,141255,71,卖盘
1609,10:50:28,19.89,624597,314,卖盘
1610,10:50:31,19.89,244754,123,卖盘
1611,10:50:34,19.9,161182,81,买盘
1612,10:50:37,19.9,234736,118,买盘
1613,10:50:40,19.9,113418,57,买盘
1614,10:50:43,19.9,541028,272,买盘
1615,10:50:46,19.89,747956,376,卖盘
1616,10:50:49,19.9,799945,402,买盘
1617,10:50:52,19.89,89516,45,卖盘
1618,10:50:55,19.89,27847,14,卖盘
1619,10:50:58,19.9,13929,7,买盘
1620,10:51:01,19.9,55701,28,买盘
1621,10:51:04,19.9,173128,87,买盘
1622,10:51:07,19.9,147238,74,买盘
1623,10:51:10,19.89,33814,17,卖盘
1624,10:51:13,19.89,179071,90,卖盘
1625,10:51:16,19.9,19891,10,买盘
1626,10:51:19,19.9,75597,38,买盘
1627,10:51:22,19.89,89506,45,卖盘
1628,10:51:25,19.89,696240,350,卖盘
1629,10:51:28,19.89,77556,39,买盘
1630,10:51:31,19.89,413682,208,买盘
1631,10:51:34,19.89,141202,71,买盘
1632,10:51:37,19.89,65618,33,买盘
1633,10:51:40,19.89,236671,119,买盘
1634,10:51:43,19.88,69594,35,卖盘
1635,10:51:46,19.88,63627,32,卖盘
1636,10:51:49,19.89,39776,20,买盘
1637,10:51:52,19.88,3976,2,卖盘
1638,10:51:55,19.88,29827,15,卖盘
1639,10:51:58,19.88,141148,71,卖盘
1640,10:52:01,19.88,27832,14,卖盘
1641,10:52:04,19.89,41763,21,买盘
1642,10:52:07,19.88,1045917,526,卖盘
1643,10:52:10,19.89,192884,97,买盘
1644,10:52:13,19.88,268480,135,卖盘
1645,10:52:16,19.89,87500,44,买盘
1646,10:52:19,19.9,89508,45,买盘
1647,10:52:22,19.89,5967,3,卖盘
1648,10:52:25,19.89,25857,13,卖盘
1649,10:52:28,19.9,220769,111,买盘
1650,10:52:31,19.89,59674,30,卖盘
1651,10:52:34,19.89,282514,142,卖盘
1652,10:52:37,19.9,192963,97,买盘
1653,10:52:40,19.9,65658,33,买盘
1654,10:52:43,19.89,59677,30,卖盘
1655,10:52:46,19.89,37798,19,卖盘
1656,10:52:49,19.89,73613,37,卖盘
1657,10:52:52,19.89,93483,47,卖盘
1658,10:52:55,19.89,234715,118,卖盘
1659,10:52:58,19.9,272497,137,买盘
1660,10:53:01,19.89,268473,135,卖盘
1661,10:53:04,19.89,149145,75,买盘
1662,10:53:07,19.89,39776,20,买盘
1663,10:53:10,19.89,61653,31,买盘
1664,10:53:13,19.89,43757,22,买盘
1665,10:53:16,19.88,37782,19,卖盘
1666,10:53:19,19.89,338129,170,买盘
1667,10:53:22,19.89,91480,46,买盘
1668,10:53:25,19.89,411591,207,买盘
1669,10:53:28,19.89,125307,63,卖盘
1670,10:53:31,19.89,19887,10,买盘
1671,10:53:34,19.89,61651,31,买盘
1672,10:53:37,19.89,85511,43,买盘
1673,10:53:40,19.89,7954,4,买盘
1674,10:53:43,19.88,425631,214,卖盘
1675,10:53:46,19.88,31808,16,卖盘
1676,10:53:49,19.88,109360,55,卖盘
1677,10:53:52,19.89,65633,33,买盘
1678,10:53:55,19.89,11932,6,买盘
1679,10:53:58,19.88,228626,115,卖盘
1680,10:54:01,19.88,3158492,1588,卖盘
1681,10:54:04,19.88,791237,398,卖盘
1682,10:54:07,19.89,524850,264,买盘
1683,10:54:10,19.89,131246,66,买盘
1684,10:54:13,19.89,109341,55,买盘
1685,10:54:16,19.89,431576,217,买盘
1686,10:54:19,19.88,761643,383,卖盘
1687,10:54:22,19.89,1395599,702,买盘
1688,10:54:25,19.88,210746,106,卖盘
1689,10:54:28,19.89,161098,81,买盘
1690,10:54:31,19.88,129232,65,卖盘
1691,10:54:34,19.89,763742,384,买盘
1692,10:54:37,19.88,298264,150,卖盘
1693,10:54:40,19.89,204774,103,买盘
1694,10:54:43,19.89,986322,496,买盘
1695,10:54:46,19.88,188861,95,卖盘
1696,10:54:49,19.89,41764,21,买盘
1697,10:54:52,19.88,236588,119,卖盘
1698,10:54:55,19.88,43748,22,卖盘
1699,10:54:58,19.88,141162,71,卖盘
1700,10:55:01,19.89,552860,278,买盘
1701,10:55:04,19.89,835299,420,买盘
1702,10:55:07,19.88,1466162,737,卖盘
1703,10:55:10,19.89,843097,424,中性盘
1704,10:55:13,19.89,917086,461,买盘
1705,10:55:16,19.89,310310,156,卖盘
1706,10:55:19,19.89,194963,98,卖盘
1707,10:55:22,19.89,208855,105,卖盘
1708,10:55:25,19.89,73593,37,卖盘
1709,10:55:28,19.88,127243,64,卖盘
1710,10:55:31,19.89,469599,236,卖盘
1711,10:55:34,19.89,632533,318,买盘
1712,10:55:37,19.89,169065,85,卖盘
1713,10:55:40,19.89,49742,25,卖盘
1714,10:55:43,19.89,171060,86,卖盘
1715,10:55:46,19.89,139230,70,卖盘
1716,10:55:49,19.89,481489,242,卖盘
1717,10:55:52,19.9,334158,168,买盘
1718,10:55:55,19.9,457681,230,买盘
1719,10:55:58,19.9,292387,147,买盘
1720,10:56:01,19.89,135254,68,卖盘
1721,10:56:04,19.89,35815,18,卖盘
1722,10:56:07,19.89,85527,43,卖盘
1723,10:56:10,19.89,35802,18,卖盘
1724,10:56:13,19.89,228778,115,卖盘
1725,10:56:16,19.89,47736,24,卖盘
1726,10:56:19,19.91,5778251,2904,买盘
1727,10:56:22,19.91,51054,26,卖盘
1728,10:56:25,19.91,25883,13,卖盘
1729,10:56:28,19.92,117473,59,买盘
1730,10:56:31,19.92,67716,34,买盘
1731,10:56:34,19.92,77657,39,买盘
1732,10:56:37,19.91,163310,82,卖盘
1733,10:56:40,19.91,605981,304,卖盘
1734,10:56:43,19.91,11946,6,买盘
1735,10:56:46,19.91,244778,123,买盘
1736,10:56:49,19.91,19910,10,买盘
1737,10:56:52,19.9,67672,34,卖盘
1738,10:56:58,19.9,23880,12,卖盘
1739,10:57:01,19.9,25870,13,卖盘
1740,10:57:04,19.9,165170,83,卖盘
1741,10:57:07,19.9,19900,10,买盘
1742,10:57:10,19.9,81590,41,买盘
1743,10:57:13,19.9,69645,35,买盘
1744,10:57:16,19.89,19894,10,卖盘
1745,10:57:19,19.89,487540,245,卖盘
1746,10:57:22,19.9,509440,256,买盘
1747,10:57:25,19.89,1229202,618,卖盘
1748,10:57:28,19.9,7959,4,买盘
1749,10:57:31,19.89,109417,55,卖盘
1750,10:57:34,19.9,149176,75,买盘
1751,10:57:37,19.88,863207,434,卖盘
1752,10:57:40,19.88,3976,2,卖盘
1753,10:57:43,19.88,3976,2,卖盘
1754,10:57:46,19.89,97419,49,买盘
1755,10:57:49,19.89,560622,282,买盘
1756,10:57:52,19.89,445523,224,买盘
1757,10:57:55,19.88,69594,35,卖盘
1758,10:57:58,19.88,81510,41,卖盘
1759,10:58:01,19.88,3976,2,卖盘
1760,10:58:04,19.89,230624,116,买盘
1761,10:58:07,19.89,107396,54,买盘
1762,10:58:10,19.89,89502,45,买盘
1763,10:58:13,19.88,125303,63,卖盘
1764,10:58:16,19.89,3978,2,买盘
1765,10:58:19,19.88,97433,49,卖盘
1766,10:58:22,19.88,1131195,569,卖盘
1767,10:58:25,19.89,844192,425,买盘
1768,10:58:28,19.88,129231,65,卖盘
1769,10:58:31,19.89,61659,31,买盘
1770,10:58:34,19.88,512910,258,卖盘
1771,10:58:37,19.88,218685,110,卖盘
1772,10:58:40,19.88,133199,67,卖盘
1773,10:58:43,19.89,433410,218,买盘
1774,10:58:46,19.89,397605,200,买盘
1775,10:58:49,19.88,12053484,6063,卖盘
1776,10:58:52,19.88,3799300,1912,买盘
1777,10:58:55,19.88,97376,49,买盘
1778,10:58:58,19.88,133142,67,买盘
1779,10:59:01,19.88,1590283,800,买盘
1780,10:59:04,19.88,2258653,1136,买盘
1781,10:59:07,19.89,47731,24,中性盘
1782,10:59:10,19.89,55682,28,买盘
1783,10:59:13,19.89,19886,10,买盘
1784,10:59:16,19.88,180908,91,卖盘
1785,10:59:19,19.89,49706,25,买盘
1786,10:59:22,19.89,25847,13,买盘
1787,10:59:25,19.89,3977,2,买盘
1788,10:59:28,19.88,19880,10,卖盘
1789,10:59:31,19.88,371761,187,卖盘
1790,10:59:34,19.88,1278295,643,卖盘
1791,10:59:37,19.88,45724,23,买盘
1792,10:59:40,19.88,97412,49,买盘
1793,10:59:43,19.88,57652,29,买盘
1794,10:59:46,19.88,97412,49,买盘
1795,10:59:49,19.88,157052,79,买盘
1796,10:59:52,19.88,982080,494,买盘
1797,10:59:55,19.89,53683,27,买盘
1798,10:59:58,19.88,228625,115,卖盘
1799,11:00:01,19.89,5967,3,买盘
1800,11:00:04,19.88,1526784,768,卖盘
1801,11:00:07,19.88,743514,374,卖盘
1802,11:00:10,19.88,435374,219,卖盘
1803,11:00:13,19.88,234600,118,卖盘
1804,11:00:16,19.88,1097376,552,卖盘
1805,11:00:19,19.88,115306,58,卖盘
1806,11:00:22,19.88,3371648,1696,卖盘
1807,11:00:25,19.89,296222,149,买盘
1808,11:00:28,19.88,415499,209,卖盘
1809,11:00:31,19.88,292253,147,卖盘
1810,11:00:34,19.88,135186,68,卖盘
1811,11:00:37,19.89,55671,28,买盘
1812,11:00:40,19.88,121269,61,卖盘
1813,11:00:43,19.89,304249,153,买盘
1814,11:00:46,19.88,37779,19,卖盘
1815,11:00:49,19.88,198800,100,卖盘
1816,11:00:52,19.89,95439,48,买盘
1817,11:00:55,19.88,25845,13,卖盘
1818,11:00:58,19.88,47730,24,卖盘
1819,11:01:01,19.88,51688,26,卖盘
1820,11:01:04,19.88,139160,70,卖盘
1821,11:01:10,19.88,236573,119,卖盘
1822,11:01:13,19.88,308142,155,卖盘
1823,11:01:16,19.88,188923,95,卖盘
1824,11:01:19,19.88,254467,128,卖盘
1825,11:01:22,19.89,105373,53,买盘
1826,11:01:25,19.88,206763,104,卖盘
1827,11:01:28,19.89,67626,34,买盘
1828,11:01:31,19.89,97440,49,买盘
1829,11:01:34,19.88,151091,76,卖盘
1830,11:01:37,19.88,51708,26,卖盘
1831,11:01:40,19.88,49701,25,卖盘
1832,11:01:43,19.88,194845,98,卖盘
1833,11:01:46,19.88,97416,49,卖盘
1834,11:01:49,19.88,81526,41,卖盘
1835,11:01:52,19.89,101400,51,买盘
1836,11:01:55,19.89,288369,145,买盘
1837,11:01:58,19.88,39775,20,卖盘
1838,11:02:01,19.88,673936,339,卖盘
1839,11:02:04,19.89,37791,19,买盘
1840,11:02:07,19.88,147122,74,卖盘
1841,11:02:10,19.88,1095413,551,卖盘
1842,11:02:13,19.88,1126718,567,买盘
1843,11:02:16,19.88,330008,166,买盘
1844,11:02:19,19.88,91489,46,买盘
1845,11:02:22,19.88,49706,25,卖盘
1846,11:02:25,19.88,308149,155,卖盘
1847,11:02:28,19.88,119288,60,卖盘
1848,11:02:31,19.88,340005,171,卖盘
1849,11:02:34,19.88,238569,120,卖盘
1850,11:02:37,19.88,1107316,557,买盘
1851,11:02:40,19.88,107363,54,买盘
1852,11:02:43,19.88,57663,29,卖盘
1853,11:02:46,19.89,11934,6,买盘
1854,11:02:49,19.89,49705,25,买盘
1855,11:02:52,19.88,49705,25,卖盘
1856,11:02:55,19.89,65619,33,买盘
1857,11:02:58,19.89,3978,2,买盘
1858,11:03:01,19.89,121289,61,买盘
1859,11:03:04,19.88,226641,114,卖盘
1860,11:03:07,19.88,55674,28,卖盘
1861,11:03:10,19.88,254480,128,卖盘
1862,11:03:13,19.88,137224,69,卖盘
1863,11:03:16,19.88,51695,26,卖盘
1864,11:03:19,19.89,109376,55,买盘
1865,11:03:22,19.89,121305,61,买盘
1866,11:03:25,19.88,11931,6,卖盘
1867,11:03:28,19.88,79543,40,卖盘
1868,11:03:31,19.88,53679,27,卖盘
1869,11:03:34,19.88,95459,48,卖盘
1870,11:03:37,19.88,77541,39,卖盘
1871,11:03:40,19.88,107354,54,卖盘
1872,11:03:43,19.88,15907,8,卖盘
1873,11:03:46,19.89,2511056,1263,买盘
1874,11:03:49,19.88,610394,307,卖盘
1875,11:03:52,19.88,190860,96,卖盘
1876,11:03:55,19.89,523093,263,买盘
1877,11:03:58,19.89,137228,69,买盘
1878,11:04:01,19.89,1461206,735,买盘
1879,11:04:04,19.89,1173476,590,买盘
1880,11:04:07,19.89,190973,96,卖盘
1881,11:04:10,19.89,93486,47,卖盘
1882,11:04:13,19.89,179013,90,卖盘
1883,11:04:16,19.89,27850,14,卖盘
1884,11:04:19,19.9,11939,6,买盘
1885,11:04:22,19.89,115370,58,卖盘
1886,11:04:25,19.9,1331307,669,买盘
1887,11:04:28,19.91,674654,339,买盘
1888,11:04:31,19.91,451940,227,买盘
1889,11:04:34,19.91,226985,114,卖盘
1890,11:04:37,19.92,63722,32,买盘
1891,11:04:40,19.91,13939,7,卖盘
1892,11:04:43,19.91,49798,25,卖盘
1893,11:04:46,19.92,23903,12,买盘
1894,11:04:49,19.92,21909,11,买盘
1895,11:04:52,19.92,167328,84,买盘
1896,11:04:55,19.92,81658,41,买盘
1897,11:04:58,19.92,645406,324,买盘
1898,11:05:01,19.91,149348,75,卖盘
1899,11:05:04,19.91,67727,34,卖盘
1900,11:05:07,19.91,7967,4,卖盘
1901,11:05:10,19.92,85675,43,卖盘
1902,11:05:13,19.92,67730,34,卖盘
1903,11:05:16,19.94,2810130,1410,买盘
1904,11:05:19,19.92,639518,321,卖盘
1905,11:05:22,19.93,231174,116,买盘
1906,11:05:25,19.92,89648,45,卖盘
1907,11:05:28,19.92,7969,4,卖盘
1908,11:05:31,19.93,23916,12,买盘
1909,11:05:34,19.93,147424,74,买盘
1910,11:05:37,19.92,41833,21,卖盘
1911,11:05:40,19.92,113559,57,卖盘
1912,11:05:43,19.92,7969,4,卖盘
1913,11:05:46,19.92,9960,5,卖盘
1914,11:05:49,19.92,41832,21,卖盘
1915,11:05:52,19.92,13944,7,卖盘
1916,11:05:55,19.92,57788,29,卖盘
1917,11:05:58,19.93,33874,17,买盘
1918,11:06:01,19.92,51793,26,卖盘
1919,11:06:04,19.92,33873,17,卖盘
1920,11:06:07,19.93,5978,3,买盘
1921,11:06:10,19.92,67745,34,卖盘
1922,11:06:13,19.92,509952,256,卖盘
1923,11:06:16,19.92,308777,155,卖盘
1924,11:06:19,19.92,35857,18,卖盘
1925,11:06:22,19.92,33872,17,卖盘
1926,11:06:25,19.92,27889,14,卖盘
1927,11:06:28,19.92,79692,40,卖盘
1928,11:06:31,19.93,1530537,768,买盘
1929,11:06:34,19.93,360690,181,买盘
1930,11:06:37,19.92,183266,92,卖盘
1931,11:06:40,19.92,225127,113,卖盘
1932,11:06:43,19.93,35868,18,买盘
1933,11:06:46,19.93,191246,96,买盘
1934,11:06:49,19.92,17929,9,卖盘
1935,11:06:52,19.92,294817,148,卖盘
1936,11:06:55,19.92,410353,206,卖盘
1937,11:06:58,19.92,171318,86,卖盘
1938,11:07:01,19.92,250993,126,卖盘
1939,11:07:04,19.92,139449,70,卖盘
1940,11:07:07,19.92,241050,121,卖盘
1941,11:07:10,19.92,121513,61,卖盘
1942,11:07:13,19.93,167335,84,买盘
1943,11:07:16,19.92,370518,186,卖盘
1944,11:07:19,19.92,153386,77,卖盘
1945,11:07:22,19.91,324602,163,卖盘
1946,11:07:25,19.91,29866,15,卖盘
1947,11:07:28,19.91,19910,10,卖盘
1948,11:07:31,19.91,17926,9,卖盘
1949,11:07:34,19.91,360471,181,卖盘
1950,11:07:37,19.92,286710,144,买盘
1951,11:07:40,19.91,260860,131,卖盘
1952,11:07:43,19.91,635143,319,卖盘
1953,11:07:46,19.92,213103,107,买盘
1954,11:07:49,19.92,25889,13,买盘
1955,11:07:52,19.91,400259,201,卖盘
1956,11:07:55,19.91,224986,113,卖盘
1957,11:07:58,19.92,461977,232,买盘
1958,11:08:01,19.92,223007,112,买盘
1959,11:08:04,19.91,623184,313,卖盘
1960,11:08:07,19.9,226863,114,卖盘
1961,11:08:10,19.9,206961,104,卖盘
1962,11:08:13,19.9,310447,156,卖盘
1963,11:08:16,19.9,437803,220,卖盘
1964,11:08:19,19.91,511581,257,买盘
1965,11:08:22,19.9,750233,377,卖盘
1966,11:08:25,19.9,145274,73,卖盘
1967,11:08:28,19.89,186968,94,卖盘
1968,11:08:31,19.89,545180,274,卖盘
1969,11:08:34,19.89,690428,347,卖盘
1970,11:08:37,19.89,87529,44,卖盘
1971,11:08:40,19.9,614829,309,买盘
1972,11:08:43,19.9,167120,84,买盘
1973,11:08:46,19.89,232719,117,卖盘
1974,11:08:49,19.89,220806,111,卖盘
1975,11:08:52,19.89,117354,59,卖盘
1976,11:08:55,19.89,340119,171,买盘
1977,11:08:58,19.9,169077,85,买盘
1978,11:09:01,19.9,656420,330,买盘
1979,11:09:04,19.88,280485,141,卖盘
1980,11:09:07,19.89,210920,106,卖盘
1981,11:09:10,19.9,736543,370,买盘
1982,11:09:13,19.9,590828,297,买盘
1983,11:09:16,19.91,700637,352,买盘
1984,11:09:19,19.89,151168,76,卖盘
1985,11:09:22,19.9,330236,166,买盘
1986,11:09:25,19.9,189124,95,中性盘
1987,11:09:28,19.92,3071230,1543,买盘
1988,11:09:31,19.91,680949,342,卖盘
1989,11:09:34,19.9,455855,229,卖盘
1990,11:09:37,19.89,509407,256,卖盘
1991,11:09:40,19.89,37800,19,卖盘
1992,11:09:43,19.9,51735,26,买盘
1993,11:09:46,19.9,11938,6,买盘
1994,11:09:49,19.9,107482,54,卖盘
1995,11:09:52,19.9,218800,110,买盘
1996,11:09:55,19.9,151211,76,买盘
1997,11:09:58,19.9,107433,54,买盘
1998,11:10:01,19.89,39790,20,卖盘
1999,11:10:04,19.89,123332,62,卖盘
2000,11:10:07,19.9,21881,11,买盘
2001,11:10:10,19.9,330332,166,买盘
2002,11:10:13,19.89,374110,188,卖盘
2003,11:10:16,19.9,209006,105,中性盘
2004,11:10:19,19.91,109500,55,买盘
2005,11:10:22,19.9,61723,31,卖盘
2006,11:10:25,19.91,67661,34,中性盘
2007,11:10:28,19.9,135385,68,卖盘
2008,11:10:31,19.9,9952,5,卖盘
2009,11:10:34,19.91,27870,14,买盘
2010,11:10:37,19.92,487612,245,买盘
2011,11:10:40,19.91,43785,22,中性盘
2012,11:10:43,19.92,364042,183,买盘
2013,11:10:46,19.9,29862,15,卖盘
2014,11:10:49,19.9,1990,1,卖盘
2015,11:10:52,19.91,37822,19,买盘
2016,11:10:55,19.91,39819,20,买盘
2017,11:10:58,19.91,99543,50,卖盘
2018,11:11:01,19.91,217021,109,卖盘
2019,11:11:04,19.91,65706,33,卖盘
2020,11:11:07,19.91,99554,50,卖盘
2021,11:11:10,19.9,23887,12,卖盘
2022,11:11:13,19.91,11945,6,买盘
2023,11:11:16,19.9,89569,45,卖盘
2024,11:11:19,19.9,49761,25,卖盘
2025,11:11:22,19.9,31841,16,卖盘
2026,11:11:25,19.9,81604,41,卖盘
2027,11:11:28,19.9,59701,30,卖盘
2028,11:11:31,19.9,65673,33,卖盘
2029,11:11:34,19.9,13931,7,卖盘
2030,11:11:37,19.91,143297,72,买盘
2031,11:11:40,19.91,220893,111,买盘
2032,11:11:43,19.91,49759,25,买盘
2033,11:11:46,19.91,7963,4,买盘
2034,11:11:49,19.9,5970,3,卖盘
2035,11:11:52,19.9,33835,17,卖盘
2036,11:11:55,19.9,71641,36,卖盘
2037,11:11:58,19.9,895496,450,卖盘
2038,11:12:01,19.9,230811,116,买盘
2039,11:12:04,19.89,258578,130,卖盘
2040,11:12:07,19.9,89527,45,买盘
2041,11:12:10,19.89,561090,282,卖盘
2042,11:12:13,19.9,1042765,524,买盘
2043,11:12:16,19.9,979210,492,卖盘
2044,11:12:19,19.9,2101867,1056,卖盘
2045,11:12:22,19.9,276653,139,卖盘
2046,11:12:25,19.9,415804,209,买盘
2047,11:12:28,19.9,338533,170,买盘
2048,11:12:31,19.89,185015,93,卖盘
2049,11:12:34,19.9,57706,29,买盘
2050,11:12:37,19.9,61663,31,买盘
2051,11:12:40,19.9,81589,41,买盘
2052,11:12:43,19.9,127357,64,买盘
2053,11:12:46,19.9,153227,77,买盘
2054,11:12:49,19.9,123369,62,买盘
2055,11:12:52,19.9,49750,25,买盘
2056,11:12:55,19.9,21889,11,买盘
2057,11:12:58,19.9,139293,70,买盘
2058,11:13:01,19.89,103455,52,卖盘
2059,11:13:04,19.9,123350,62,买盘
2060,11:13:07,19.89,529087,266,卖盘
2061,11:13:10,19.9,75607,38,买盘
2062,11:13:13,19.89,495453,249,卖盘
2063,11:13:16,19.89,181010,91,卖盘
2064,11:13:19,19.89,75585,38,卖盘
2065,11:13:22,19.9,244653,123,买盘
2066,11:13:25,19.9,35808,18,买盘
2067,11:13:28,19.89,634531,319,卖盘
2068,11:13:31,19.89,139240,70,卖盘
2069,11:13:34,19.89,542884,273,卖盘
2070,11:13:37,19.89,857607,431,卖盘
2071,11:13:40,19.89,198973,100,卖盘
2072,11:13:43,19.89,526941,265,卖盘
2073,11:13:46,19.88,348021,175,卖盘
2074,11:13:49,19.88,278521,140,卖盘
2075,11:13:52,19.88,190863,96,卖盘
2076,11:13:55,19.9,529160,266,买盘
2077,11:13:58,19.9,1470572,739,买盘
2078,11:14:01,19.9,189107,95,卖盘
2079,11:14:04,19.9,585133,294,卖盘
2080,11:14:07,19.91,314529,158,中性盘
2081,11:14:10,19.9,161278,81,卖盘
2082,11:14:13,19.91,65684,33,卖盘
2083,11:14:16,19.9,113467,57,卖盘
2084,11:14:19,19.91,85584,43,买盘
2085,11:14:22,19.9,201075,101,卖盘
2086,11:14:25,19.91,105560,53,中性盘
2087,11:14:28,19.91,904501,454,卖盘
2088,11:14:31,19.91,229059,115,卖盘
2089,11:14:34,19.91,370235,186,卖盘
2090,11:14:37,19.92,115542,58,卖盘
2091,11:14:40,19.92,57769,29,卖盘
2092,11:14:43,19.91,575639,289,卖盘
2093,11:14:46,19.92,97583,49,买盘
2094,11:14:49,19.92,39838,20,买盘
2095,11:14:52,19.91,33857,17,卖盘
2096,11:14:55,19.91,31856,16,卖盘
2097,11:14:58,19.91,67695,34,卖盘
2098,11:15:01,19.91,318565,160,卖盘
2099,11:15:04,19.91,141366,71,卖盘
2100,11:15:07,19.91,139341,70,买盘
2101,11:15:10,19.9,193071,97,卖盘
2102,11:15:13,19.91,169230,85,买盘
2103,11:15:16,19.91,59707,30,买盘
2104,11:15:19,19.91,105522,53,买盘
2105,11:15:22,19.9,63684,32,卖盘
2106,11:15:25,19.9,11942,6,卖盘
2107,11:15:28,19.9,718723,361,卖盘
2108,11:15:31,19.9,113449,57,卖盘
2109,11:15:34,19.9,77622,39,卖盘
2110,11:15:37,19.9,85572,43,卖盘
2111,11:15:40,19.9,7962,4,卖盘
2112,11:15:43,19.9,254720,128,卖盘
2113,11:15:46,19.91,714738,359,买盘
2114,11:15:49,19.9,202968,102,卖盘
2115,11:15:52,19.9,557210,280,卖盘
2116,11:15:55,19.9,300523,151,卖盘
2117,11:15:58,19.9,133338,67,卖盘
2118,11:16:01,19.91,224877,113,买盘
2119,11:16:04,19.9,200998,101,卖盘
2120,11:16:07,19.9,3036756,1526,买盘
2121,11:16:10,19.9,716511,360,卖盘
2122,11:16:13,19.9,179126,90,卖盘
2123,11:16:16,19.92,151324,76,买盘
2124,11:16:19,19.91,21897,11,买盘
2125,11:16:22,19.91,79635,40,买盘
2126,11:16:25,19.91,155296,78,买盘
2127,11:16:28,19.91,123438,62,买盘
2128,11:16:31,19.91,99547,50,买盘
2129,11:16:34,19.91,272679,137,卖盘
2130,11:16:37,19.91,23897,12,卖盘
2131,11:16:40,19.91,203082,102,卖盘
2132,11:16:43,19.91,35840,18,卖盘
2133,11:16:46,19.91,5973,3,卖盘
2134,11:16:49,19.91,453956,228,卖盘
2135,11:16:52,19.9,33835,17,卖盘
2136,11:16:55,19.91,133340,67,买盘
2137,11:16:58,19.9,45786,23,卖盘
2138,11:17:01,19.91,814050,409,买盘
2139,11:17:04,19.9,226864,114,卖盘
2140,11:17:07,19.9,29860,15,卖盘
2141,11:17:10,19.9,254729,128,卖盘
2142,11:17:13,19.91,121393,61,买盘
2143,11:17:16,19.9,155288,78,卖盘
2144,11:17:19,19.9,109451,55,卖盘
2145,11:17:22,19.9,19900,10,卖盘
2146,11:17:25,19.9,139315,70,卖盘
2147,11:17:28,19.9,195021,98,卖盘
2148,11:17:31,19.9,93531,47,卖盘
2149,11:17:34,19.9,63689,32,卖盘
2150,11:17:37,19.91,45774,23,买盘
2151,11:17:40,19.91,43792,22,买盘
2152,11:17:43,19.9,177111,89,卖盘
2153,11:17:46,19.9,11941,6,卖盘
2154,11:17:49,19.91,366344,184,买盘
2155,11:17:52,19.91,51756,26,买盘
2156,11:17:55,19.91,1401623,704,买盘
2157,11:17:58,19.91,139382,70,卖盘
2158,11:18:01,19.92,416222,209,买盘
2159,11:18:04,19.91,39822,20,卖盘
2160,11:18:07,19.91,51766,26,卖盘
2161,11:18:10,19.92,7966,4,买盘
2162,11:18:13,19.92,334574,168,买盘
2163,11:18:16,19.92,685224,344,买盘
2164,11:18:19,19.92,55758,28,买盘
2165,11:18:22,19.91,11951,6,卖盘
2166,11:18:25,19.91,318718,160,卖盘
2167,11:18:28,19.92,45805,23,买盘
2168,11:18:31,19.91,145355,73,卖盘
2169,11:18:34,19.92,3100886,1557,买盘
2170,11:18:37,19.92,585716,294,卖盘
2171,11:18:40,19.93,81687,41,买盘
2172,11:18:43,19.92,167332,84,卖盘
2173,11:18:46,19.93,29881,15,买盘
2174,11:18:49,19.91,125459,63,卖盘
2175,11:18:52,19.92,27885,14,买盘
2176,11:18:55,19.92,141395,71,买盘
2177,11:18:58,19.91,39821,20,卖盘
2178,11:19:01,19.91,161275,81,卖盘
2179,11:19:04,19.91,17924,9,卖盘
2180,11:19:07,19.92,21909,11,买盘
2181,11:19:10,19.92,7968,4,买盘
2182,11:19:13,19.91,177199,89,卖盘
2183,11:19:16,19.92,235030,118,买盘
2184,11:19:19,19.91,37840,19,卖盘
2185,11:19:22,19.91,33860,17,卖盘
2186,11:19:25,19.91,135429,68,卖盘
2187,11:19:28,19.91,35842,18,卖盘
2188,11:19:31,19.92,466129,234,买盘
2189,11:19:34,19.92,39842,20,卖盘
2190,11:19:37,19.92,71712,36,卖盘
2191,11:19:40,19.92,33865,17,卖盘
2192,11:19:43,19.92,119544,60,卖盘
2193,11:19:46,19.92,75696,38,卖盘
2194,11:19:49,19.92,5977,3,卖盘
2195,11:19:52,19.92,9961,5,卖盘
2196,11:19:55,19.92,57768,29,卖盘
2197,11:19:58,19.92,209158,105,买盘
2198,11:20:01,19.92,113545,57,卖盘
2199,11:20:04,19.91,73668,37,卖盘
2200,11:20:07,19.91,225072,113,卖盘
2201,11:20:10,19.91,73668,37,卖盘
2202,11:20:13,19.92,47786,24,买盘
2203,11:20:16,19.92,5974,3,买盘
2204,11:20:19,19.91,179190,90,卖盘
2205,11:20:22,19.91,131408,66,卖盘
2206,11:20:25,19.91,250868,126,卖盘
2207,11:20:28,19.91,151316,76,卖盘
2208,11:20:31,19.91,224966,113,买盘
2209,11:20:34,19.91,45781,23,买盘
2210,11:20:37,19.9,111460,56,卖盘
2211,11:20:40,19.91,348252,175,买盘
2212,11:20:43,19.9,57712,29,卖盘
2213,11:20:46,19.91,9951,5,买盘
2214,11:20:49,19.91,35831,18,买盘
2215,11:20:52,19.9,89552,45,卖盘
2216,11:20:55,19.91,25881,13,买盘
2217,11:20:58,19.9,2052751,1032,卖盘
2218,11:21:01,19.9,200990,101,买盘
2219,11:21:04,19.91,250656,126,买盘
2220,11:21:07,19.9,83580,42,卖盘
2221,11:21:10,19.91,81610,41,买盘
2222,11:21:13,19.9,15922,8,卖盘
2223,11:21:16,19.9,97544,49,卖盘
2224,11:21:19,19.9,71640,36,卖盘
2225,11:21:22,19.9,119405,60,卖盘
2226,11:21:25,19.9,109454,55,卖盘
2227,11:21:28,19.91,207035,104,买盘
2228,11:21:31,19.91,282585,142,买盘
2229,11:21:34,19.9,131340,66,卖盘
2230,11:21:37,19.9,101495,51,卖盘
2231,11:21:40,19.9,672616,338,卖盘
2232,11:21:43,19.9,109451,55,卖盘
2233,11:21:46,19.91,97512,49,买盘
2234,11:21:49,19.9,39800,20,卖盘
2235,11:21:52,19.9,65670,33,卖盘
2236,11:21:55,19.9,3980,2,卖盘
2237,11:21:58,19.9,155220,78,卖盘
2238,11:22:01,19.9,53735,27,卖盘
2239,11:22:04,19.9,47767,24,卖盘
2240,11:22:07,19.9,268645,135,买盘
2241,11:22:10,19.89,322236,162,卖盘
2242,11:22:13,19.9,324369,163,买盘
2243,11:22:16,19.9,43780,22,卖盘
2244,11:22:19,19.89,441665,222,卖盘
2245,11:22:22,19.9,153214,77,买盘
2246,11:22:25,19.9,195013,98,卖盘
2247,11:22:28,19.9,145273,73,卖盘
2248,11:22:31,19.9,195054,98,卖盘
2249,11:22:34,19.9,45770,23,卖盘
2250,11:22:37,19.9,25870,13,卖盘
2251,11:22:40,19.89,250677,126,卖盘
2252,11:22:43,19.9,232813,117,买盘
2253,11:22:46,19.89,190945,96,卖盘
2254,11:22:49,19.89,77579,39,卖盘
2255,11:22:52,19.9,39786,20,买盘
2256,11:22:55,19.89,29840,15,卖盘
2257,11:22:58,19.9,224869,113,买盘
2258,11:23:01,19.91,137346,69,买盘
2259,11:23:04,19.91,31847,16,买盘
2260,11:23:07,19.9,33843,17,卖盘
2261,11:23:10,19.9,7960,4,卖盘
2262,11:23:13,19.9,73663,37,卖盘
2263,11:23:16,19.91,109503,55,买盘
2264,11:23:19,19.92,1885749,947,买盘
2265,11:23:22,19.92,123465,62,买盘
2266,11:23:25,19.92,250943,126,卖盘
2267,11:23:31,19.93,39844,20,买盘
2268,11:23:34,19.93,19923,10,买盘
2269,11:23:37,19.93,2005051,1007,买盘
2270,11:23:40,19.92,19921,10,卖盘
2271,11:23:43,19.92,133463,67,买盘
2272,11:23:46,19.92,479872,241,买盘
2273,11:23:49,19.92,2028815,1018,买盘
2274,11:23:52,19.92,61752,31,卖盘
2275,11:23:55,19.92,304775,153,买盘
2276,11:23:58,19.92,103584,52,买盘
2277,11:24:01,19.92,119520,60,卖盘
2278,11:24:04,19.92,1247869,627,中性盘
2279,11:24:10,19.91,111545,56,卖盘
2280,11:24:13,19.92,113503,57,买盘
2281,11:24:16,19.91,193205,97,卖盘
2282,11:24:19,19.92,35851,18,买盘
2283,11:24:25,19.92,13944,7,买盘
2284,11:24:28,19.91,181181,91,卖盘
2285,11:24:31,19.91,9955,5,卖盘
2286,11:24:34,19.92,1992,1,买盘
2287,11:24:37,19.92,189213,95,买盘
2288,11:24:40,19.92,145353,73,买盘
2289,11:24:43,19.91,2530562,1271,卖盘
2290,11:24:46,19.91,2960617,1487,买盘
2291,11:24:49,19.92,25889,13,买盘
2292,11:24:52,19.91,27885,14,卖盘
2293,11:24:55,19.91,11946,6,卖盘
2294,11:24:58,19.92,81650,41,买盘
2295,11:25:01,19.91,11951,6,卖盘
2296,11:25:04,19.91,69708,35,卖盘
2297,11:25:07,19.91,113494,57,卖盘
2298,11:25:10,19.91,153310,77,卖盘
2299,11:25:13,19.91,143352,72,买盘
2300,11:25:16,19.92,117507,59,买盘
2301,11:25:19,19.91,111540,56,卖盘
2302,11:25:22,19.9,111512,56,卖盘
2303,11:25:25,19.91,153363,77,中性盘
2304,11:25:28,19.91,97559,49,卖盘
2305,11:25:31,19.91,280774,141,卖盘
2306,11:25:34,19.91,71671,36,买盘
2307,11:25:37,19.9,155283,78,卖盘
2308,11:25:40,19.91,13937,7,买盘
2309,11:25:43,19.9,19903,10,卖盘
2310,11:25:46,19.91,81620,41,买盘
2311,11:25:49,19.91,3982,2,买盘
2312,11:25:52,19.9,73647,37,卖盘
2313,11:25:55,19.91,111477,56,买盘
2314,11:25:58,19.91,467885,235,买盘
2315,11:26:01,19.91,201004,101,买盘
2316,11:26:04,19.92,71696,36,买盘
2317,11:26:07,19.92,59735,30,买盘
2318,11:26:10,19.91,469715,236,卖盘
2319,11:26:13,19.91,234863,118,卖盘
2320,11:26:16,19.91,97535,49,买盘
2321,11:26:19,19.89,316395,159,卖盘
2322,11:26:22,19.9,143280,72,卖盘
2323,11:26:25,19.9,461689,232,中性盘
2324,11:26:28,19.91,244868,123,买盘
2325,11:26:31,19.91,734542,369,买盘
2326,11:26:34,19.91,583102,293,买盘
2327,11:26:37,19.9,23889,12,卖盘
2328,11:26:40,19.89,262694,132,卖盘
2329,11:26:43,19.9,89555,45,卖盘
2330,11:26:46,19.91,433646,218,买盘
2331,11:26:49,19.9,517186,260,中性盘
2332,11:26:52,19.9,135279,68,中性盘
2333,11:26:55,19.9,105489,53,中性盘
2334,11:26:58,19.89,238717,120,卖盘
2335,11:27:01,19.91,300573,151,买盘
2336,11:27:04,19.91,109473,55,买盘
2337,11:27:07,19.9,115439,58,卖盘
2338,11:27:10,19.9,127360,64,买盘
2339,11:27:13,19.9,75639,38,卖盘
2340,11:27:16,19.9,189054,95,卖盘
2341,11:27:19,19.91,219001,110,买盘
2342,11:27:22,19.91,1077131,541,买盘
2343,11:27:25,19.92,1089614,547,买盘
2344,11:27:28,19.92,1040082,522,卖盘
2345,11:27:31,19.92,221133,111,卖盘
2346,11:27:34,19.92,19926,10,卖盘
2347,11:27:37,19.92,240951,121,卖盘
2348,11:27:40,19.91,107523,54,中性盘
2349,11:27:43,19.92,31867,16,中性盘
2350,11:27:46,19.92,1992,1,卖盘
2351,11:27:49,19.92,5976,3,卖盘
2352,11:27:52,19.9,2149506,1080,卖盘
2353,11:27:55,19.93,79720,40,买盘
2354,11:27:58,19.91,29870,15,卖盘
2355,11:28:01,19.92,3984,2,买盘
2356,11:28:04,19.91,11946,6,卖盘
2357,11:28:07,19.92,1992,1,买盘
2358,11:28:10,19.91,61721,31,卖盘
2359,11:28:13,19.92,1992,1,买盘
2360,11:28:16,19.92,9960,5,买盘
2361,11:28:19,19.92,43818,22,买盘
2362,11:28:22,19.91,31867,16,卖盘
2363,11:28:25,19.91,7966,4,卖盘
2364,11:28:31,19.91,205073,103,卖盘
2365,11:28:34,19.91,69685,35,买盘
2366,11:28:37,19.91,13940,7,卖盘
2367,11:28:40,19.91,11946,6,卖盘
2368,11:28:43,19.91,19911,10,买盘
2369,11:28:46,19.91,11946,6,卖盘
2370,11:28:49,19.91,87604,44,卖盘
2371,11:28:52,19.91,203084,102,买盘
2372,11:28:55,19.91,139375,70,卖盘
2373,11:28:58,19.92,31872,16,买盘
2374,11:29:01,19.92,127436,64,买盘
2375,11:29:04,19.92,714824,359,买盘
2376,11:29:07,19.91,117512,59,中性盘
2377,11:29:10,19.91,123442,62,买盘
2378,11:29:13,19.91,55750,28,卖盘
2379,11:29:16,19.91,316570,159,卖盘
2380,11:29:19,19.9,101545,51,卖盘
2381,11:29:22,19.91,21902,11,卖盘
2382,11:29:25,19.92,51771,26,买盘
2383,11:29:28,19.91,11947,6,卖盘
2384,11:29:31,19.91,336556,169,卖盘
2385,11:29:34,19.92,9960,5,买盘
2386,11:29:37,19.91,21902,11,卖盘
2387,11:29:40,19.92,185184,93,买盘
2388,11:29:43,19.91,35851,18,卖盘
2389,11:29:46,19.92,2071567,1041,买盘
2390,11:29:49,19.91,73700,37,中性盘
2391,11:29:52,19.91,61721,31,中性盘
2392,11:29:55,19.9,7962,4,卖盘
2393,11:29:58,19.91,61734,31,买盘
2394,11:30:01,19.9,51742,26,卖盘
2395,13:00:01,19.9,2046905,1028,卖盘
2396,13:00:04,19.9,4140767,2080,买盘
2397,13:00:07,19.91,3332461,1674,中性盘
2398,13:00:10,19.9,2398441,1205,卖盘
2399,13:00:13,19.9,1644048,826,卖盘
2400,13:00:16,19.9,1835056,922,卖盘
2401,13:00:19,19.9,776139,390,卖盘
2402,13:00:22,19.89,282515,142,卖盘
2403,13:00:25,19.9,250640,126,买盘
2404,13:00:28,19.89,85533,43,卖盘
2405,13:00:31,19.89,236661,119,卖盘
2406,13:00:34,19.88,83527,42,卖盘
2407,13:00:37,19.89,184896,93,买盘
2408,13:00:40,19.88,220698,111,卖盘
2409,13:00:43,19.89,57681,29,买盘
2410,13:00:46,19.88,97445,49,卖盘
2411,13:00:49,19.89,23866,12,买盘
2412,13:00:52,19.89,194839,98,买盘
2413,13:00:55,19.88,232601,117,卖盘
2414,13:00:58,19.89,141184,71,买盘
2415,13:01:01,19.89,15910,8,买盘
2416,13:01:04,19.89,1481772,745,买盘
2417,13:01:07,19.88,53709,27,卖盘
2418,13:01:10,19.89,334062,168,买盘
2419,13:01:13,19.89,21879,11,买盘
2420,13:01:16,19.89,206839,104,买盘
2421,13:01:19,19.89,282439,142,卖盘
2422,13:01:22,19.89,119341,60,中性盘
2423,13:01:25,19.9,551230,277,买盘
2424,13:01:28,19.9,240880,121,卖盘
2425,13:01:31,19.91,23882,12,买盘
2426,13:01:34,19.91,5973,3,买盘
2427,13:01:37,19.9,27864,14,卖盘
2428,13:01:40,19.9,77610,39,卖盘
2429,13:01:43,19.9,73660,37,卖盘
2430,13:01:46,19.9,189053,95,卖盘
2431,13:01:49,19.9,9953,5,卖盘
2432,13:01:52,19.9,73630,37,卖盘
2433,13:01:55,19.9,61690,31,卖盘
2434,13:01:58,19.9,314420,158,买盘
2435,13:02:01,19.9,214862,108,卖盘
2436,13:02:04,19.89,208948,105,卖盘
2437,13:02:07,19.9,252729,127,买盘
2438,13:02:10,19.89,9949,5,卖盘
2439,13:02:13,19.89,91495,46,卖盘
2440,13:02:16,19.89,125313,63,卖盘
2441,13:02:19,19.89,129281,65,卖盘
2442,13:02:22,19.89,218743,110,卖盘
2443,13:02:25,19.89,39774,20,买盘
2444,13:02:28,19.9,5689069,2859,买盘
2445,13:02:31,19.89,435748,219,卖盘
2446,13:02:34,19.89,359877,181,买盘
2447,13:02:37,19.89,471384,237,买盘
2448,13:02:40,19.89,31812,16,买盘
2449,13:02:43,19.89,59645,30,买盘
2450,13:02:46,19.89,176988,89,买盘
2451,13:02:49,19.88,312241,157,卖盘
2452,13:02:52,19.89,51706,26,买盘
2453,13:02:55,19.89,1028262,517,买盘
2454,13:02:58,19.89,2053764,1033,买盘
2455,13:03:01,19.88,131253,66,卖盘
2456,13:03:04,19.89,226746,114,卖盘
2457,13:03:07,19.9,47741,24,买盘
2458,13:03:10,19.89,69632,35,卖盘
2459,13:03:13,19.9,97472,49,买盘
2460,13:03:16,19.89,67612,34,买盘
2461,13:03:19,19.88,256468,129,卖盘
2462,13:03:22,19.88,23857,12,卖盘
2463,13:03:25,19.88,45724,23,卖盘
2464,13:03:28,19.88,93439,47,卖盘
2465,13:03:31,19.88,1336604,672,卖盘
2466,13:03:34,19.88,95433,48,卖盘
2467,13:03:37,19.88,33798,17,卖盘
2468,13:03:40,19.88,163024,82,卖盘
2469,13:03:43,19.88,1149066,578,卖盘
2470,13:03:46,19.88,1184858,596,卖盘
2471,13:03:49,19.88,1296182,652,卖盘
2472,13:03:52,19.87,1353156,681,卖盘
2473,13:03:55,19.88,449203,226,买盘
2474,13:03:58,19.88,1663136,837,买盘
2475,13:04:01,19.88,2014850,1014,买盘
2476,13:04:04,19.88,556514,280,买盘
2477,13:04:07,19.88,115283,58,买盘
2478,13:04:10,19.88,328017,165,买盘
2479,13:04:13,19.89,359742,181,买盘
2480,13:04:16,19.88,192834,97,卖盘
2481,13:04:19,19.88,141132,71,买盘
2482,13:04:22,19.88,105383,53,卖盘
2483,13:04:25,19.87,39758,20,卖盘
2484,13:04:28,19.88,353864,178,买盘
2485,13:04:31,19.87,73546,37,卖盘
2486,13:04:34,19.87,9938,5,卖盘
2487,13:04:37,19.88,1202149,605,买盘
2488,13:04:40,19.87,1510126,760,卖盘
2489,13:04:43,19.88,242424,122,买盘
2490,13:04:46,19.87,1732788,872,卖盘
2491,13:04:49,19.87,822930,414,卖盘
2492,13:04:52,19.87,1430701,720,卖盘
2493,13:04:55,19.87,1414816,712,卖盘
2494,13:04:58,19.87,421266,212,卖盘
2495,13:05:01,19.86,441071,222,卖盘
2496,13:05:04,19.87,486706,245,买盘
2497,13:05:07,19.86,91381,46,卖盘
2498,13:05:10,19.86,121159,61,卖盘
2499,13:05:13,19.86,369449,186,卖盘
2500,13:05:16,19.86,208532,105,卖盘
2501,13:05:19,19.86,184707,93,卖盘
2502,13:05:22,19.87,363552,183,买盘
2503,13:05:25,19.87,285994,144,买盘
2504,13:05:28,19.86,85408,43,卖盘
2505,13:05:31,19.87,97322,49,买盘
2506,13:05:34,19.86,9931,5,卖盘
2507,13:05:37,19.87,242373,122,买盘
2508,13:05:40,19.86,1477637,744,卖盘
2509,13:05:43,19.86,303887,153,卖盘
2510,13:05:46,19.86,79442,40,卖盘
2511,13:05:49,19.87,133106,67,买盘
2512,13:05:52,19.87,748749,377,买盘
2513,13:05:55,19.86,254218,128,卖盘
2514,13:05:58,19.86,41712,21,卖盘
2515,13:06:01,19.87,109240,55,买盘
2516,13:06:04,19.86,647436,326,卖盘
2517,13:06:07,19.87,2518367,1268,买盘
2518,13:06:10,19.86,137048,69,卖盘
2519,13:06:13,19.86,1110205,559,卖盘
2520,13:06:16,19.86,79454,40,卖盘
2521,13:06:19,19.87,135093,68,买盘
2522,13:06:22,19.86,21847,11,卖盘
2523,13:06:25,19.86,162860,82,卖盘
2524,13:06:28,19.87,75480,38,买盘
2525,13:06:31,19.86,212508,107,卖盘
2526,13:06:34,19.87,387348,195,买盘
2527,13:06:37,19.86,10629108,5352,卖盘
2528,13:06:40,19.85,317781,160,卖盘
2529,13:06:43,19.86,440852,222,买盘
2530,13:06:46,19.86,202573,102,中性盘
2531,13:06:49,19.86,741055,373,卖盘
2532,13:06:52,19.86,87390,44,卖盘
2533,13:06:55,19.87,148953,75,买盘
2534,13:06:58,19.86,184699,93,卖盘
2535,13:07:01,19.87,21854,11,买盘
2536,13:07:04,19.87,83414,42,买盘
2537,13:07:07,19.86,1110179,559,卖盘
2538,13:07:10,19.87,3344155,1683,买盘
2539,13:07:13,19.88,145074,73,买盘
2540,13:07:16,19.87,2265197,1140,卖盘
2541,13:07:19,19.88,35779,18,买盘
2542,13:07:22,19.87,31793,16,卖盘
2543,13:07:25,19.87,216588,109,卖盘
2544,13:07:28,19.89,2254412,1134,买盘
2545,13:07:31,19.89,433215,218,买盘
2546,13:07:34,19.88,21871,11,卖盘
2547,13:07:37,19.88,43738,22,卖盘
2548,13:07:40,19.89,23860,12,买盘
2549,13:07:43,19.88,117302,59,卖盘
2550,13:07:46,19.89,159042,80,买盘
2551,13:07:49,19.89,37786,19,买盘
2552,13:07:52,19.89,121277,61,买盘
2553,13:07:55,19.88,13922,7,卖盘
2554,13:07:58,19.9,4710177,2368,买盘
2555,13:08:01,19.9,591008,297,买盘
2556,13:08:04,19.9,332486,167,卖盘
2557,13:08:07,19.91,296479,149,买盘
2558,13:08:10,19.91,41793,21,买盘
2559,13:08:13,19.91,7962,4,买盘
2560,13:08:16,19.91,258830,130,买盘
2561,13:08:19,19.91,45773,23,买盘
2562,13:08:22,19.91,35833,18,买盘
2563,13:08:25,19.9,159202,80,卖盘
2564,13:08:28,19.9,55701,28,买盘
2565,13:08:31,19.9,15920,8,买盘
2566,13:08:34,19.89,73610,37,卖盘
2567,13:08:37,19.9,258610,130,买盘
2568,13:08:40,19.9,83568,42,买盘
2569,13:08:43,19.9,95519,48,买盘
2570,13:08:46,19.89,260559,131,卖盘
2571,13:08:49,19.89,308276,155,买盘
2572,13:08:52,19.9,3166770,1592,买盘
2573,13:08:55,19.9,87600,44,买盘
2574,13:08:58,19.9,33833,17,卖盘
2575,13:09:01,19.91,21893,11,买盘
2576,13:09:04,19.89,185077,93,卖盘
2577,13:09:07,19.91,903779,454,买盘
2578,13:09:10,19.91,93583,47,卖盘
2579,13:09:13,19.9,199061,100,卖盘
2580,13:09:16,19.91,107489,54,买盘
2581,13:09:19,19.91,27874,14,买盘
2582,13:09:22,19.9,185072,93,卖盘
2583,13:09:25,19.91,57711,29,买盘
2584,13:09:28,19.9,123390,62,卖盘
2585,13:09:31,19.91,49775,25,买盘
2586,13:09:34,19.92,1323994,665,买盘
2587,13:09:37,19.91,37836,19,卖盘
2588,13:09:40,19.92,79669,40,买盘
2589,13:09:43,19.92,165302,83,买盘
2590,13:09:46,19.91,203083,102,卖盘
2591,13:09:49,19.91,240845,121,卖盘
2592,13:09:52,19.91,49776,25,卖盘
2593,13:09:55,19.91,75658,38,买盘
2594,13:09:58,19.91,15923,8,买盘
2595,13:10:01,19.91,127367,64,买盘
2596,13:10:04,19.9,63681,32,卖盘
2597,13:10:07,19.91,59709,30,买盘
2598,13:10:10,19.91,59703,30,买盘
2599,13:10:13,19.91,37829,19,买盘
2600,13:10:16,19.91,31856,16,买盘
2601,13:10:19,19.91,43802,22,买盘
2602,13:10:22,19.9,67665,34,卖盘
2603,13:10:25,19.91,75624,38,买盘
2604,13:10:28,19.9,537338,270,卖盘
2605,13:10:31,19.9,274628,138,卖盘
2606,13:10:34,19.9,254811,128,卖盘
2607,13:10:37,19.9,35836,18,卖盘
2608,13:10:40,19.9,89572,45,卖盘
2609,13:10:43,19.91,65680,33,买盘
2610,13:10:46,19.91,51744,26,买盘
2611,13:10:49,19.9,218966,110,卖盘
2612,13:10:52,19.91,23883,12,买盘
2613,13:10:55,19.9,49751,25,卖盘
2614,13:10:58,19.91,153307,77,买盘
2615,13:11:01,19.91,27874,14,买盘
2616,13:11:04,19.9,161192,81,卖盘
2617,13:11:07,19.91,127394,64,买盘
2618,13:11:10,19.91,324373,163,买盘
2619,13:11:13,19.9,218904,110,卖盘
2620,13:11:16,19.9,485563,244,卖盘
2621,13:11:19,19.9,105473,53,卖盘
2622,13:11:22,19.91,1910484,960,买盘
2623,13:11:25,19.9,181120,91,卖盘
2624,13:11:28,19.9,9950,5,买盘
2625,13:11:31,19.9,244683,123,买盘
2626,13:11:34,19.9,77600,39,买盘
2627,13:11:37,19.89,439574,221,卖盘
2628,13:11:40,19.9,328227,165,买盘
2629,13:11:43,19.89,210846,106,卖盘
2630,13:11:46,19.89,77575,39,卖盘
2631,13:11:49,19.9,443549,223,买盘
2632,13:11:52,19.9,204970,103,买盘
2633,13:11:55,19.89,83541,42,卖盘
2634,13:11:58,19.9,65664,33,买盘
2635,13:12:01,19.9,173106,87,买盘
2636,13:12:04,19.89,135255,68,卖盘
2637,13:12:07,19.9,11940,6,买盘
2638,13:12:10,19.9,47737,24,买盘
2639,13:12:13,19.9,990566,498,买盘
2640,13:12:16,19.9,308308,155,买盘
2641,13:12:19,19.89,284446,143,卖盘
2642,13:12:22,19.89,65640,33,卖盘
2643,13:12:25,19.89,107408,54,卖盘
2644,13:12:28,19.9,1042733,524,买盘
2645,13:12:31,19.9,65657,33,买盘
2646,13:12:34,19.9,45750,23,买盘
2647,13:12:37,19.9,29850,15,买盘
2648,13:12:40,19.9,2696352,1356,买盘
2649,13:12:43,19.9,161130,81,买盘
2650,13:12:46,19.89,35806,18,卖盘
2651,13:12:49,19.9,13925,7,买盘
2652,13:12:52,19.89,27859,14,卖盘
2653,13:12:55,19.89,99453,50,卖盘
2654,13:12:58,19.9,165097,83,买盘
2655,13:13:01,19.89,1788405,899,卖盘
2656,13:13:04,19.89,55708,28,卖盘
2657,13:13:07,19.89,69617,35,卖盘
2658,13:13:10,19.89,95486,48,卖盘
2659,13:13:13,19.89,53706,27,卖盘
2660,13:13:16,19.9,13929,7,买盘
2661,13:13:19,19.89,69617,35,卖盘
2662,13:13:22,19.9,21883,11,买盘
2663,13:13:25,19.9,67606,34,买盘
2664,13:13:28,19.89,71606,36,卖盘
2665,13:13:31,19.89,41771,21,卖盘
2666,13:13:34,19.89,133303,67,卖盘
2667,13:13:37,19.9,177027,89,买盘
2668,13:13:40,19.89,513375,258,卖盘
2669,13:13:43,19.89,206860,104,卖盘
2670,13:13:46,19.9,87519,44,买盘
2671,13:13:49,19.9,186986,94,买盘
2672,13:13:52,19.9,93526,47,买盘
2673,13:13:55,19.9,65644,33,买盘
2674,13:13:58,19.9,67636,34,买盘
2675,13:14:01,19.89,11935,6,卖盘
2676,13:14:04,19.9,51720,26,买盘
2677,13:14:07,19.89,57683,29,卖盘
2678,13:14:10,19.89,71606,36,卖盘
2679,13:14:13,19.88,727944,366,卖盘
2680,13:14:16,19.88,119319,60,卖盘
2681,13:14:19,19.89,389744,196,买盘
2682,13:14:22,19.89,75561,38,买盘
2683,13:14:25,19.88,485084,244,卖盘
2684,13:14:28,19.89,290344,146,买盘
2685,13:14:31,19.89,97423,49,买盘
2686,13:14:34,19.89,3978,2,买盘
2687,13:14:37,19.88,23859,12,卖盘
2688,13:14:40,19.89,5966,3,买盘
2689,13:14:43,19.89,49716,25,买盘
2690,13:14:46,19.89,47715,24,买盘
2691,13:14:49,19.88,63619,32,卖盘
2692,13:14:52,19.88,290273,146,卖盘
2693,13:14:55,19.88,288269,145,卖盘
2694,13:14:58,19.89,63628,32,买盘
2695,13:15:01,19.89,357823,180,买盘
2696,13:15:04,19.89,81532,41,买盘
2697,13:15:07,19.88,332028,167,卖盘
2698,13:15:10,19.89,101435,51,买盘
2699,13:15:13,19.89,153126,77,买盘
2700,13:15:16,19.9,3246989,1633,买盘
2701,13:15:19,19.9,141272,71,买盘
2702,13:15:22,19.9,23872,12,买盘
2703,13:15:25,19.9,23877,12,买盘
2704,13:15:28,19.9,115392,58,买盘
2705,13:15:31,19.9,5970,3,买盘
2706,13:15:34,19.89,77578,39,卖盘
2707,13:15:37,19.89,67629,34,卖盘
2708,13:15:40,19.89,15914,8,卖盘
2709,13:15:43,19.89,61661,31,卖盘
2710,13:15:46,19.89,1104429,555,卖盘
2711,13:15:49,19.9,117380,59,买盘
2712,13:15:52,19.89,77582,39,卖盘
2713,13:15:55,19.9,21884,11,买盘
2714,13:15:58,19.9,73601,37,买盘
2715,13:16:01,19.89,89518,45,卖盘
2716,13:16:04,19.89,87518,44,卖盘
2717,13:16:07,19.9,1826643,918,买盘
2718,13:16:10,19.9,712396,358,买盘
2719,13:16:13,19.91,770056,387,买盘
2720,13:16:16,19.91,194997,98,买盘
2721,13:16:19,19.91,157205,79,买盘
2722,13:16:22,19.91,89590,45,买盘
2723,13:16:25,19.91,137338,69,买盘
2724,13:16:28,19.91,73664,37,买盘
2725,13:16:31,19.91,105496,53,买盘
2726,13:16:34,19.91,73644,37,买盘
2727,13:16:37,19.9,51740,26,卖盘
2728,13:16:40,19.9,155242,78,卖盘
2729,13:16:43,19.91,9955,5,买盘
2730,13:16:46,19.91,57713,29,买盘
2731,13:16:49,19.9,424028,213,卖盘
2732,13:16:52,19.9,37814,19,卖盘
2733,13:16:55,19.9,298594,150,卖盘
2734,13:16:58,19.9,189141,95,卖盘
2735,13:17:01,19.9,13931,7,卖盘
2736,13:17:04,19.9,151250,76,卖盘
2737,13:17:07,19.9,409940,206,卖盘
2738,13:17:10,19.9,398012,200,卖盘
2739,13:17:13,19.9,358203,180,买盘
2740,13:17:16,19.9,312432,157,买盘
2741,13:17:19,19.9,185074,93,卖盘
2742,13:17:22,19.9,101491,51,卖盘
2743,13:17:25,19.9,39800,20,卖盘
2744,13:17:28,19.9,28855,15,卖盘
2745,13:17:31,19.9,119404,60,卖盘
2746,13:17:34,19.91,167174,84,买盘
2747,13:17:37,19.9,29863,15,卖盘
2748,13:17:40,19.9,63680,32,卖盘
2749,13:17:43,19.9,63684,32,卖盘
2750,13:17:46,19.9,298500,150,卖盘
2751,13:17:49,19.9,1072611,539,卖盘
2752,13:17:52,19.91,471699,237,买盘
2753,13:17:55,19.9,11942,6,卖盘
2754,13:17:58,19.9,93530,47,卖盘
2755,13:18:01,19.91,81594,41,买盘
2756,13:18:04,19.9,81593,41,卖盘
2757,13:18:07,19.9,1990,1,卖盘
2758,13:18:10,19.91,87563,44,买盘
2759,13:18:13,19.9,216912,109,卖盘
2760,13:18:16,19.9,724361,364,买盘
2761,13:18:19,19.9,47764,24,卖盘
2762,13:18:22,19.89,13928,7,卖盘
2763,13:18:25,19.89,632513,318,卖盘
2764,13:18:28,19.89,296369,149,卖盘
2765,13:18:31,19.9,276578,139,买盘
2766,13:18:34,19.89,290398,146,卖盘
2767,13:18:37,19.89,421675,212,买盘
2768,13:18:40,19.9,33821,17,买盘
2769,13:18:43,19.9,2391980,1202,买盘
2770,13:18:46,19.9,39796,20,买盘
2771,13:18:49,19.89,57707,29,卖盘
2772,13:18:52,19.9,45748,23,买盘
2773,13:18:55,19.89,29838,15,卖盘
2774,13:18:58,19.89,137288,69,卖盘
2775,13:19:01,19.89,83548,42,卖盘
2776,13:19:04,19.89,99458,50,卖盘
2777,13:19:07,19.9,43761,22,买盘
2778,13:19:10,19.9,45752,23,买盘
2779,13:19:13,19.89,278494,140,卖盘
2780,13:19:16,19.89,21885,11,卖盘
2781,13:19:19,19.89,284427,143,卖盘
2782,13:19:22,19.89,17903,9,卖盘
2783,13:19:25,19.89,180006,91,卖盘
2784,13:19:28,19.9,45752,23,买盘
2785,13:19:31,19.89,55699,28,卖盘
2786,13:19:34,19.89,47736,24,卖盘
2787,13:19:37,19.89,1989,1,卖盘
2788,13:19:40,19.9,39783,20,买盘
2789,13:19:43,19.89,53709,27,卖盘
2790,13:19:49,19.89,529074,266,卖盘
2791,13:19:52,19.89,258573,130,卖盘
2792,13:19:55,19.89,91506,46,卖盘
2793,13:19:58,19.89,407745,205,卖盘
2794,13:20:01,19.9,272517,137,买盘
2795,13:20:04,19.89,566867,285,卖盘
2796,13:20:07,19.89,1288893,648,买盘
2797,13:20:10,19.9,375967,189,买盘
2798,13:20:13,19.89,65652,33,卖盘
2799,13:20:16,19.89,310285,156,卖盘
2800,13:20:19,19.89,262550,132,卖盘
2801,13:20:22,19.89,173054,87,卖盘
2802,13:20:25,19.89,972622,489,买盘
2803,13:20:28,19.89,475376,239,买盘
2804,13:20:31,19.88,268507,135,卖盘
2805,13:20:34,19.88,188949,95,卖盘
2806,13:20:37,19.89,198892,100,买盘
2807,13:20:40,19.89,77571,39,买盘
2808,13:20:43,19.88,81536,41,卖盘
2809,13:20:46,19.89,220779,111,买盘
2810,13:20:49,19.88,2157047,1085,卖盘
2811,13:20:52,19.89,63659,32,中性盘
2812,13:20:55,19.89,33813,17,卖盘
2813,13:20:58,19.88,117293,59,卖盘
2814,13:21:01,19.88,610333,307,卖盘
2815,13:21:04,19.89,328185,165,买盘
2816,13:21:07,19.89,2197759,1105,买盘
2817,13:21:10,19.88,3142066,1580,卖盘
2818,13:21:13,19.88,232636,117,卖盘
2819,13:21:16,19.89,3978,2,买盘
2820,13:21:19,19.88,89460,45,卖盘
2821,13:21:22,19.88,81513,41,卖盘
2822,13:21:25,19.88,395708,199,卖盘
2823,13:21:28,19.88,137137,69,买盘
2824,13:21:31,19.88,238526,120,买盘
2825,13:21:34,19.88,170938,86,买盘
2826,13:21:37,19.87,149036,75,卖盘
2827,13:21:40,19.87,137120,69,卖盘
2828,13:21:43,19.88,39760,20,买盘
2829,13:21:46,19.88,147044,74,买盘
2830,13:21:49,19.88,155016,78,买盘
2831,13:21:52,19.87,363657,183,卖盘
2832,13:21:55,19.87,192746,97,卖盘
2833,13:21:58,19.88,21868,11,买盘
2834,13:22:01,19.88,79486,40,买盘
2835,13:22:04,19.87,276216,139,卖盘
2836,13:22:07,19.87,23852,12,卖盘
2837,13:22:10,19.87,1549860,780,卖盘
2838,13:22:13,19.87,232457,117,买盘
2839,13:22:16,19.87,123194,62,买盘
2840,13:22:19,19.86,162868,82,卖盘
2841,13:22:22,19.86,248324,125,卖盘
2842,13:22:25,19.87,166835,84,买盘
2843,13:22:28,19.86,113203,57,卖盘
2844,13:22:31,19.86,1174232,591,卖盘
2845,13:22:34,19.86,236342,119,卖盘
2846,13:22:37,19.86,87385,44,卖盘
2847,13:22:40,19.87,182720,92,买盘
2848,13:22:43,19.86,158905,80,卖盘
2849,13:22:46,19.87,212509,107,买盘
2850,13:22:49,19.86,152974,77,卖盘
2851,13:22:52,19.87,89413,45,买盘
2852,13:22:55,19.86,111224,56,卖盘
2853,13:22:58,19.86,943489,475,卖盘
2854,13:23:01,19.86,226413,114,卖盘
2855,13:23:04,19.86,69514,35,卖盘
2856,13:23:07,19.87,224480,113,买盘
2857,13:23:10,19.87,226413,114,买盘
2858,13:23:13,19.87,67530,34,买盘
2859,13:23:16,19.87,428992,216,买盘
2860,13:23:19,19.86,655387,330,卖盘
2861,13:23:22,19.86,550172,277,卖盘
2862,13:23:25,19.87,1533747,772,买盘
2863,13:23:28,19.86,127115,64,卖盘
2864,13:23:31,19.86,1489552,750,卖盘
2865,13:23:34,19.86,135075,68,卖盘
2866,13:23:37,19.86,2003876,1009,卖盘
2867,13:23:40,19.86,645460,325,卖盘
2868,13:23:43,19.86,166857,84,卖盘
2869,13:23:46,19.86,168851,85,卖盘
2870,13:23:49,19.86,460753,232,卖盘
2871,13:23:52,19.87,43696,22,买盘
2872,13:23:55,19.86,460753,232,卖盘
2873,13:23:58,19.86,506480,255,卖盘
2874,13:24:01,19.86,1503409,757,卖盘
2875,13:24:04,19.86,556098,280,卖盘
2876,13:24:07,19.86,480614,242,卖盘
2877,13:24:10,19.86,448872,226,卖盘
2878,13:24:13,19.86,111218,56,卖盘
2879,13:24:16,19.86,216503,109,卖盘
2880,13:24:19,19.86,260195,131,卖盘
2881,13:24:22,19.86,333649,168,卖盘
2882,13:24:25,19.86,4930519,2482,卖盘
2883,13:24:28,19.86,746714,376,卖盘
2884,13:24:31,19.87,716722,361,买盘
2885,13:24:34,19.87,1672172,842,买盘
2886,13:24:37,19.86,490447,247,卖盘
2887,13:24:40,19.86,208539,105,中性盘
2888,13:24:43,19.86,534439,269,卖盘
2889,13:24:46,19.87,244336,123,买盘
2890,13:24:49,19.87,117182,59,买盘
2891,13:24:52,19.87,164841,83,买盘
2892,13:24:55,19.86,91361,46,卖盘
2893,13:24:58,19.87,415276,209,买盘
2894,13:25:01,19.86,278059,140,卖盘
2895,13:25:04,19.87,724902,365,买盘
2896,13:25:07,19.86,184658,93,卖盘
2897,13:25:10,19.87,246296,124,买盘
2898,13:25:13,19.86,335682,169,卖盘
2899,13:25:16,19.87,226441,114,买盘
2900,13:25:19,19.86,93343,47,卖盘
2901,13:25:22,19.86,127134,64,卖盘
2902,13:25:25,19.87,129094,65,买盘
2903,13:25:28,19.85,418948,211,卖盘
2904,13:25:31,19.87,172719,87,买盘
2905,13:25:34,19.87,448837,226,买盘
2906,13:25:37,19.86,810607,408,卖盘
2907,13:25:40,19.87,307796,155,买盘
2908,13:25:43,19.86,631551,318,卖盘
2909,13:25:46,19.86,569960,287,卖盘
2910,13:25:49,19.87,466735,235,买盘
2911,13:25:52,19.87,327710,165,买盘
2912,13:25:55,19.86,188671,95,卖盘
2913,13:25:58,19.86,268114,135,卖盘
2914,13:26:01,19.87,129113,65,买盘
2915,13:26:04,19.87,927467,467,买盘
2916,13:26:07,19.86,434873,219,卖盘
2917,13:26:10,19.87,363363,183,买盘
2918,13:26:13,19.86,146976,74,卖盘
2919,13:26:16,19.86,113203,57,卖盘
2920,13:26:19,19.87,53634,27,买盘
2921,13:26:22,19.87,1518038,764,买盘
2922,13:26:25,19.87,512658,258,卖盘
2923,13:26:28,19.87,667637,336,卖盘
2924,13:26:31,19.87,820508,413,买盘
2925,13:26:34,19.87,415221,209,买盘
2926,13:26:37,19.87,39738,20,买盘
2927,13:26:40,19.87,57622,29,买盘
2928,13:26:43,19.86,1029255,518,卖盘
2929,13:26:46,19.87,31787,16,买盘
2930,13:26:49,19.87,1068881,538,买盘
2931,13:26:52,19.87,154968,78,卖盘
2932,13:26:55,19.87,105300,53,卖盘
2933,13:26:58,19.88,123200,62,买盘
2934,13:27:01,19.88,656030,330,买盘
2935,13:27:04,19.88,713389,359,卖盘
2936,13:27:07,19.88,135153,68,买盘
2937,13:27:10,19.88,39754,20,买盘
2938,13:27:13,19.88,292228,147,买盘
2939,13:27:16,19.88,2122555,1068,卖盘
2940,13:27:19,19.88,174941,88,卖盘
2941,13:27:22,19.88,797407,401,买盘
2942,13:27:25,19.89,745850,375,买盘
2943,13:27:28,19.88,298204,150,卖盘
2944,13:27:31,19.89,407697,205,买盘
2945,13:27:34,19.89,1302272,655,买盘
2946,13:27:37,19.88,101394,51,卖盘
2947,13:27:40,19.88,190852,96,卖盘
2948,13:27:43,19.88,389836,196,卖盘
2949,13:27:46,19.88,614504,309,卖盘
2950,13:27:49,19.89,19887,10,买盘
2951,13:27:52,19.88,19880,10,卖盘
2952,13:27:55,19.88,95427,48,卖盘
2953,13:27:58,19.89,169056,85,买盘
2954,13:28:01,19.88,41758,21,卖盘
2955,13:28:04,19.88,1230958,619,卖盘
2956,13:28:07,19.89,193010,97,卖盘
2957,13:28:10,19.89,1307337,657,买盘
2958,13:28:13,19.9,358098,180,买盘
2959,13:28:16,19.9,577098,290,买盘
2960,13:28:19,19.9,274639,138,卖盘
2961,13:28:22,19.9,67661,34,卖盘
2962,13:28:25,19.9,103481,52,卖盘
2963,13:28:28,19.9,119420,60,卖盘
2964,13:28:31,19.9,392057,197,卖盘
2965,13:28:34,19.9,740283,372,卖盘
2966,13:28:37,19.9,1711248,860,买盘
2967,13:28:40,19.9,83603,42,卖盘
2968,13:28:43,19.91,1873457,941,买盘
2969,13:28:46,19.91,2725699,1369,买盘
2970,13:28:49,19.92,342501,172,买盘
2971,13:28:52,19.9,161253,81,卖盘
2972,13:28:55,19.91,207065,104,卖盘
2973,13:28:58,19.91,33848,17,卖盘
2974,13:29:01,19.92,846259,425,买盘
2975,13:29:04,19.91,2084553,1047,卖盘
2976,13:29:07,19.91,220941,111,买盘
2977,13:29:10,19.9,386225,194,卖盘
2978,13:29:13,19.91,1519121,763,买盘
2979,13:29:16,19.91,2911570,1462,卖盘
2980,13:29:19,19.93,284892,143,买盘
2981,13:29:22,19.92,91637,46,卖盘
2982,13:29:25,19.93,745374,374,买盘
2983,13:29:28,19.93,2437558,1223,买盘
2984,13:29:31,19.94,510384,256,买盘
2985,13:29:34,19.93,516104,259,卖盘
2986,13:29:37,19.93,99647,50,买盘
2987,13:29:40,19.93,101643,51,买盘
2988,13:29:43,19.92,177293,89,卖盘
2989,13:29:46,19.93,179348,90,买盘
2990,13:29:49,19.93,633743,318,买盘
2991,13:29:52,19.93,39852,20,买盘
2992,13:29:55,19.92,400502,201,卖盘
2993,13:29:58,19.93,41850,21,买盘
2994,13:30:01,19.94,4759169,2387,买盘
2995,13:30:04,19.94,817438,410,买盘
2996,13:30:07,19.95,667772,335,买盘
2997,13:30:10,19.94,4632368,2322,卖盘
2998,13:30:13,19.94,263232,132,卖盘
2999,13:30:16,19.94,127665,64,卖盘
3000,13:30:19,19.95,4156582,2084,买盘
3001,13:30:22,19.95,918724,461,卖盘
3002,13:30:25,19.95,145633,73,买盘
3003,13:30:28,19.94,107688,54,卖盘
3004,13:30:31,19.94,111718,56,卖盘
3005,13:30:34,19.94,2291324,1149,卖盘
3006,13:30:37,19.94,83736,42,买盘
3007,13:30:40,19.94,95687,48,买盘
3008,13:30:43,19.94,1321903,663,买盘
3009,13:30:46,19.94,219329,110,买盘
3010,13:30:49,19.93,47835,24,卖盘
3011,13:30:52,19.94,9968,5,买盘
3012,13:30:55,19.93,153513,77,卖盘
3013,13:30:58,19.93,3987,2,卖盘
3014,13:31:01,19.93,145495,73,卖盘
3015,13:31:04,19.94,45846,23,买盘
3016,13:31:07,19.93,906820,455,卖盘
3017,13:31:10,19.93,123571,62,卖盘
3018,13:31:13,19.93,506260,254,卖盘
3019,13:31:16,19.93,85690,43,买盘
3020,13:31:19,19.93,41852,21,买盘
3021,13:31:22,19.93,31887,16,买盘
3022,13:31:25,19.93,23907,12,买盘
3023,13:31:28,19.93,9965,5,买盘
3024,13:31:31,19.93,73706,37,买盘
3025,13:31:34,19.92,75702,38,卖盘
3026,13:31:37,19.93,414386,208,买盘
3027,13:31:40,19.93,97622,49,买盘
3028,13:31:43,19.93,75706,38,买盘
3029,13:31:46,19.93,9964,5,买盘
3030,13:31:49,19.93,4687037,2351,买盘
3031,13:31:52,19.94,195385,98,买盘
3032,13:31:55,19.94,75732,38,买盘
3033,13:31:58,19.94,3567201,1789,买盘
3034,13:32:01,19.94,356944,179,卖盘
3035,13:32:04,19.94,3543916,1777,卖盘
3036,13:32:07,19.94,275204,138,卖盘
3037,13:32:10,19.94,49849,25,买盘
3038,13:32:13,19.94,193360,97,买盘
3039,13:32:16,19.93,125575,63,卖盘
3040,13:32:19,19.94,1994,1,买盘
3041,13:32:22,19.94,9970,5,买盘
