,成交时间,成交价格,成交金额,成交量,性质
0,09:25:03,64.89,28356930,4370,卖盘
1,09:30:03,64.92,1213853,187,买盘
2,09:30:06,64.92,3260286,502,卖盘
3,09:30:09,64.99,3021041,465,买盘
4,09:30:12,64.99,1150351,177,卖盘
5,09:30:15,65.0,2528286,389,买盘
6,09:30:18,64.99,3643954,561,卖盘
7,09:30:21,65.0,1488410,229,中性盘
8,09:30:24,65.0,6047125,931,卖盘
9,09:30:27,65.04,1209358,186,买盘
10,09:30:30,65.01,1469641,226,卖盘
11,09:30:33,65.0,3440101,529,卖盘
12,09:30:36,65.04,3412852,525,中性盘
13,09:30:39,65.06,6799987,1046,中性盘
14,09:30:42,65.02,3453280,531,卖盘
15,09:30:45,65.04,3687150,567,买盘
16,09:30:48,65.07,2633930,405,买盘
17,09:30:51,65.09,3455171,531,买盘
18,09:30:54,65.05,3013091,463,卖盘
19,09:30:57,65.13,3033565,466,买盘
20,09:31:00,65.24,2959510,454,买盘
21,09:31:03,65.3,2635375,404,买盘
22,09:31:06,65.3,3489386,534,买盘
23,09:31:09,65.3,2802558,429,卖盘
24,09:31:12,65.4,2930624,448,中性盘
25,09:31:15,65.44,1995765,305,买盘
26,09:31:18,65.5,6222372,951,买盘
27,09:31:21,65.51,6032545,921,买盘
28,09:31:24,65.58,2544007,388,买盘
29,09:31:27,65.63,3640823,555,买盘
30,09:31:30,65.65,1942777,296,买盘
31,09:31:33,65.67,3638074,554,买盘
32,09:31:36,65.72,2108668,321,买盘
33,09:31:39,65.78,4155986,632,买盘
34,09:31:42,65.79,2657863,404,买盘
35,09:31:45,65.81,3566721,542,买盘
36,09:31:48,65.87,6546098,994,买盘
37,09:31:51,65.91,2615041,397,买盘
38,09:31:54,65.93,2986455,453,买盘
39,09:31:57,65.98,5836651,885,买盘
40,09:32:00,65.99,5012970,760,买盘
41,09:32:03,66.0,7185847,1089,买盘
42,09:32:06,66.05,8705660,1319,买盘
43,09:32:09,66.06,4472042,677,买盘
44,09:32:12,66.1,2472028,374,中性盘
45,09:32:15,66.14,5408486,818,中性盘
46,09:32:18,66.06,8132655,1231,卖盘
47,09:32:21,65.9,24733374,3749,卖盘
48,09:32:24,65.83,7686999,1167,卖盘
49,09:32:27,65.78,5304385,806,卖盘
50,09:32:30,65.77,5532745,841,卖盘
51,09:32:33,65.77,2387150,363,买盘
52,09:32:36,65.73,9146643,1391,卖盘
53,09:32:39,65.74,10741264,1634,中性盘
54,09:32:42,65.82,6123150,931,买盘
55,09:32:45,65.77,4538523,690,卖盘
56,09:32:48,65.77,1763101,268,卖盘
57,09:32:51,65.77,5046805,767,卖盘
58,09:32:54,65.76,2742497,417,卖盘
59,09:32:57,65.77,1986250,302,买盘
60,09:33:00,65.77,3116991,474,买盘
61,09:33:03,65.75,4576314,696,卖盘
62,09:33:06,65.74,5668851,862,卖盘
63,09:33:09,65.82,7066577,1074,买盘
64,09:33:12,65.78,4100235,623,卖盘
65,09:33:15,65.91,4115457,625,买盘
66,09:33:18,65.96,6881597,1044,中性盘
67,09:33:21,65.97,983033,149,买盘
68,09:33:24,66.0,3477272,527,买盘
69,09:33:27,66.0,3656221,554,买盘
70,09:33:30,66.0,2376167,360,卖盘
71,09:33:33,65.99,5225970,792,卖盘
72,09:33:36,66.0,4268029,647,买盘
73,09:33:39,65.94,2889482,438,卖盘
74,09:33:42,65.94,2571070,390,买盘
75,09:33:45,65.94,2221461,337,买盘
76,09:33:48,65.96,2762170,419,买盘
77,09:33:51,65.96,2526362,383,卖盘
78,09:33:54,65.97,6232299,945,买盘
79,09:33:57,65.97,4505882,683,买盘
80,09:34:00,65.96,1714652,260,中性盘
81,09:34:03,65.94,3085285,468,卖盘
82,09:34:06,65.95,1734177,263,买盘
83,09:34:09,65.89,1964308,298,卖盘
84,09:34:12,65.9,1172886,178,买盘
85,09:34:15,65.9,3730619,566,买盘
86,09:34:18,65.9,5048282,766,卖盘
87,09:34:21,65.92,6158672,934,中性盘
88,09:34:24,65.98,7078217,1073,买盘
89,09:34:27,65.95,3047715,462,卖盘
90,09:34:30,65.96,1029052,156,中性盘
91,09:34:33,65.98,4057940,615,买盘
92,09:34:36,66.0,6210220,941,买盘
93,09:34:39,66.02,8159715,1236,买盘
94,09:34:42,66.06,4520666,685,买盘
95,09:34:45,66.01,1809595,274,卖盘
96,09:34:48,65.93,7318970,1109,卖盘
97,09:34:51,66.01,7022166,1065,买盘
98,09:34:54,66.0,1754986,266,卖盘
99,09:34:57,65.9,2111216,320,卖盘
100,09:35:00,66.0,2018982,306,买盘
101,09:35:03,65.9,2106074,319,卖盘
102,09:35:06,65.94,2080634,316,卖盘
103,09:35:09,65.95,1621836,246,买盘
104,09:35:12,65.95,1866027,283,买盘
105,09:35:15,65.9,4047351,614,卖盘
106,09:35:18,65.91,586859,89,中性盘
107,09:35:21,65.92,1371566,208,中性盘
108,09:35:24,65.97,2604942,395,买盘
109,09:35:27,65.96,903499,137,卖盘
110,09:35:30,65.96,685966,104,买盘
111,09:35:33,65.97,1958863,297,买盘
112,09:35:36,65.95,2492877,378,中性盘
113,09:35:39,65.93,2571941,390,卖盘
114,09:35:42,65.99,5712570,866,买盘
115,09:35:45,65.97,890657,135,中性盘
116,09:35:48,66.05,15553919,2357,买盘
117,09:35:51,66.24,28336027,4284,买盘
118,09:35:54,66.3,5500941,830,买盘
119,09:35:57,66.33,3488032,526,买盘
120,09:36:00,66.35,3448348,520,买盘
121,09:36:03,66.35,3529219,532,买盘
122,09:36:06,66.37,2243291,338,买盘
123,09:36:09,66.4,2137596,322,买盘
124,09:36:12,66.4,1427531,215,买盘
125,09:36:15,66.39,5285558,796,卖盘
126,09:36:18,66.39,5804080,874,卖盘
127,09:36:21,66.39,5682662,856,中性盘
128,09:36:24,66.35,5539391,835,卖盘
129,09:36:27,66.34,1737817,262,中性盘
130,09:36:30,66.34,3341768,504,买盘
131,09:36:33,66.3,2499533,377,卖盘
132,09:36:36,66.28,3593203,542,卖盘
133,09:36:39,66.28,5522298,833,买盘
134,09:36:42,66.28,2763683,417,买盘
135,09:36:45,66.27,2001030,302,中性盘
136,09:36:48,66.26,3883097,586,中性盘
137,09:36:51,66.24,3107454,469,卖盘
138,09:36:54,66.27,4552640,687,买盘
139,09:36:57,66.27,2935264,443,卖盘
140,09:37:00,66.27,2902885,438,买盘
141,09:37:03,66.35,6963143,1050,买盘
142,09:37:06,66.38,4922653,742,买盘
143,09:37:09,66.39,2529036,381,买盘
144,09:37:12,66.33,5713423,861,卖盘
145,09:37:15,66.33,1757721,265,买盘
146,09:37:18,66.33,1094477,165,买盘
147,09:37:21,66.33,1373531,207,卖盘
148,09:37:24,66.37,1711626,258,买盘
149,09:37:27,66.35,1088284,164,中性盘
150,09:37:30,66.37,3848898,580,买盘
151,09:37:33,66.37,3112245,469,买盘
152,09:37:36,66.38,1573020,237,买盘
153,09:37:39,66.35,1904874,287,卖盘
154,09:37:42,66.37,1533094,231,买盘
155,09:37:45,66.37,1167907,176,买盘
156,09:37:48,66.35,2409082,363,卖盘
157,09:37:51,66.36,1917642,289,买盘
158,09:37:54,66.37,1785088,269,买盘
159,09:37:57,66.4,11108301,1673,买盘
160,09:38:00,66.47,6411464,965,买盘
161,09:38:03,66.54,18647334,2804,买盘
162,09:38:06,66.59,13863306,2082,买盘
163,09:38:09,66.6,5483616,823,买盘
164,09:38:12,66.6,2158855,324,卖盘
165,09:38:15,66.65,2312451,347,中性盘
166,09:38:18,66.6,7509126,1127,卖盘
167,09:38:21,66.61,4625433,694,中性盘
168,09:38:24,66.65,7886674,1183,买盘
169,09:38:27,66.65,4518880,678,买盘
170,09:38:30,66.66,4273088,641,中性盘
171,09:38:33,66.67,3573520,536,买盘
172,09:38:36,66.68,5720387,858,买盘
173,09:38:39,66.69,2140756,321,买盘
174,09:38:42,66.71,1327187,199,买盘
175,09:38:45,66.73,1631095,244,买盘
176,09:38:48,66.75,1494992,224,买盘
177,09:38:51,66.75,1381659,207,买盘
178,09:38:54,66.76,2797480,419,买盘
179,09:38:57,66.78,4013264,601,买盘
180,09:39:00,66.8,5736523,859,买盘
181,09:39:03,66.8,4949670,741,买盘
182,09:39:06,66.82,7054240,1056,买盘
183,09:39:09,66.82,1443143,216,买盘
184,09:39:12,66.85,1864822,279,买盘
185,09:39:15,66.86,1804955,270,买盘
186,09:39:18,66.86,3764227,563,买盘
187,09:39:21,66.88,7863621,1176,买盘
188,09:39:24,66.9,4729212,707,买盘
189,09:39:27,66.93,2348734,351,买盘
190,09:39:30,66.95,1666841,249,买盘
191,09:39:33,66.96,3120168,466,买盘
192,09:39:36,66.99,3610089,539,买盘
193,09:39:39,66.98,3376181,504,卖盘
194,09:39:42,67.0,3543881,529,买盘
195,09:39:45,66.99,7938951,1185,卖盘
196,09:39:48,67.0,12870484,1921,买盘
197,09:39:51,67.01,7015147,1047,买盘
198,09:39:54,67.02,2587041,386,中性盘
199,09:39:57,67.04,1769823,264,中性盘
200,09:40:00,67.06,3158288,471,买盘
201,09:40:03,67.01,25709002,3836,卖盘
202,09:40:06,66.97,16080096,2401,卖盘
203,09:40:09,66.98,4183310,625,买盘
204,09:40:12,66.88,4110146,614,卖盘
205,09:40:15,66.88,5653424,845,卖盘
206,09:40:18,66.88,4266939,638,买盘
207,09:40:21,66.8,3449294,516,卖盘
208,09:40:24,66.8,4543188,680,卖盘
209,09:40:27,66.79,4149494,621,卖盘
210,09:40:30,66.79,4073796,610,买盘
211,09:40:33,66.79,3379062,506,买盘
212,09:40:36,66.77,2003139,300,中性盘
213,09:40:39,66.76,1515589,227,卖盘
214,09:40:42,66.76,2824115,423,买盘
215,09:40:45,66.77,4233298,634,买盘
216,09:40:48,66.79,5415778,811,买盘
217,09:40:51,66.79,2404357,360,中性盘
218,09:40:54,66.81,2257253,338,买盘
219,09:40:57,66.81,1576683,236,卖盘
220,09:41:00,66.84,2058984,308,卖盘
221,09:41:03,66.85,1570895,235,买盘
222,09:41:06,66.85,3389191,507,买盘
223,09:41:09,66.85,1350456,202,卖盘
224,09:41:12,66.87,5536805,828,买盘
225,09:41:15,66.87,1304063,195,买盘
226,09:41:18,66.88,1718564,257,中性盘
227,09:41:21,66.9,1331382,199,买盘
228,09:41:24,66.93,869659,130,买盘
229,09:41:27,66.95,883480,132,买盘
230,09:41:30,66.98,3602108,538,买盘
231,09:41:33,66.96,3483073,520,中性盘
232,09:41:36,66.98,823805,123,买盘
233,09:41:39,66.99,3576197,534,买盘
234,09:41:42,67.0,5044655,753,买盘
235,09:41:45,67.0,7055010,1053,买盘
236,09:41:48,67.03,3136265,468,买盘
237,09:41:51,67.01,2037501,304,卖盘
238,09:41:54,67.03,2158452,322,买盘
239,09:41:57,67.04,1977643,295,买盘
240,09:42:00,67.05,4250771,634,买盘
241,09:42:03,67.1,9553718,1424,买盘
242,09:42:06,67.14,4573546,681,买盘
243,09:42:09,67.21,3877209,577,买盘
244,09:42:12,67.25,1546201,230,买盘
245,09:42:15,67.26,1661332,247,买盘
246,09:42:18,67.31,4211863,626,买盘
247,09:42:21,67.32,1716506,255,买盘
248,09:42:24,67.35,4686470,696,买盘
249,09:42:27,67.39,3017403,448,买盘
250,09:42:30,67.39,2230163,331,买盘
251,09:42:33,67.44,2325595,345,买盘
252,09:42:36,67.45,3310759,491,买盘
253,09:42:39,67.42,5766946,855,卖盘
254,09:42:42,67.39,14420764,2139,卖盘
255,09:42:45,67.38,10713445,1590,卖盘
256,09:42:48,67.4,5573383,827,买盘
257,09:42:51,67.42,5862637,870,买盘
258,09:42:54,67.43,4098811,608,买盘
259,09:42:57,67.45,3149344,467,买盘
260,09:43:00,67.45,3278019,486,卖盘
261,09:43:03,67.46,1997121,296,卖盘
262,09:43:06,67.48,4905698,727,买盘
263,09:43:09,67.5,6546653,970,买盘
264,09:43:12,67.5,6567398,973,买盘
265,09:43:15,67.51,3274759,485,买盘
266,09:43:18,67.52,3348527,496,中性盘
267,09:43:21,67.55,3593393,532,买盘
268,09:43:24,67.56,2384993,353,买盘
269,09:43:27,67.57,2026890,300,买盘
270,09:43:30,67.6,8493982,1257,买盘
271,09:43:33,67.6,2906331,430,买盘
272,09:43:36,67.6,3618369,535,买盘
273,09:43:39,67.6,4320322,639,卖盘
274,09:43:42,67.62,6132229,907,买盘
275,09:43:45,67.6,8106916,1199,卖盘
276,09:43:48,67.62,8436068,1248,买盘
277,09:43:51,67.62,8658546,1281,买盘
278,09:43:54,67.59,21412642,3169,卖盘
279,09:43:57,67.58,5522063,817,卖盘
280,09:44:00,67.6,4406601,652,买盘
281,09:44:03,67.6,2925443,433,买盘
282,09:44:06,67.6,12670623,1876,买盘
283,09:44:09,67.6,7638609,1130,买盘
284,09:44:12,67.6,6130690,907,卖盘
285,09:44:15,67.55,4001610,592,卖盘
286,09:44:18,67.53,5845567,865,卖盘
287,09:44:21,67.55,2060191,305,买盘
288,09:44:24,67.51,3451439,511,卖盘
289,09:44:27,67.52,5564194,824,买盘
290,09:44:30,67.53,4333782,642,买盘
291,09:44:33,67.5,4414751,654,卖盘
292,09:44:36,67.49,3570609,529,中性盘
293,09:44:39,67.47,1275138,189,卖盘
294,09:44:42,67.42,4040875,599,卖盘
295,09:44:45,67.44,1416127,210,买盘
296,09:44:48,67.4,2494779,370,卖盘
297,09:44:51,67.38,4833933,717,卖盘
298,09:44:54,67.38,3040977,451,卖盘
299,09:44:57,67.37,2466316,366,卖盘
300,09:45:00,67.36,4157162,617,卖盘
301,09:45:03,67.38,3213577,477,买盘
302,09:45:06,67.42,4501441,668,买盘
303,09:45:09,67.4,2850882,423,买盘
304,09:45:12,67.4,2197533,326,卖盘
305,09:45:15,67.47,1422879,211,买盘
306,09:45:18,67.46,3042425,451,中性盘
307,09:45:21,67.45,1666319,247,卖盘
308,09:45:24,67.42,1719698,255,卖盘
309,09:45:27,67.45,1133082,168,买盘
310,09:45:30,67.46,2421819,359,买盘
311,09:45:33,67.46,1794312,266,卖盘
312,09:45:36,67.46,1787348,265,买盘
313,09:45:39,67.47,1890202,280,买盘
314,09:45:42,67.47,2537450,376,卖盘
315,09:45:45,67.48,1390188,206,买盘
316,09:45:48,67.49,2037763,302,买盘
317,09:45:51,67.49,1990570,295,买盘
318,09:45:54,67.46,7642915,1133,卖盘
319,09:45:57,67.47,4568390,677,买盘
320,09:46:00,67.48,1248314,185,买盘
321,09:46:03,67.46,1997183,296,卖盘
322,09:46:06,67.4,10504331,1558,卖盘
323,09:46:09,67.39,7976815,1184,卖盘
324,09:46:12,67.31,1974264,293,中性盘
325,09:46:15,67.31,1712256,254,卖盘
326,09:46:18,67.32,3105689,461,中性盘
327,09:46:21,67.38,2405140,357,买盘
328,09:46:24,67.49,5847233,867,买盘
329,09:46:27,67.52,10754957,1593,买盘
330,09:46:30,67.64,8990134,1330,买盘
331,09:46:33,67.64,4044015,598,买盘
332,09:46:36,67.7,8215954,1214,买盘
333,09:46:39,67.76,1577895,233,买盘
334,09:46:42,67.78,2019099,298,买盘
335,09:46:45,67.86,7288831,1075,买盘
336,09:46:48,67.87,7127777,1050,买盘
337,09:46:51,67.91,3686884,543,买盘
338,09:46:54,67.95,1331485,196,买盘
339,09:46:57,67.98,2888465,425,买盘
340,09:47:00,67.95,10412892,1532,卖盘
341,09:47:03,67.95,9492127,1397,买盘
342,09:47:06,67.98,6063465,892,买盘
343,09:47:09,68.0,8730405,1284,买盘
344,09:47:12,67.99,7491611,1102,卖盘
345,09:47:15,68.0,11485030,1689,买盘
346,09:47:18,68.04,3843029,565,买盘
347,09:47:21,68.02,3572698,525,卖盘
348,09:47:24,68.08,1983550,291,买盘
349,09:47:27,68.1,1062754,156,中性盘
350,09:47:30,68.15,2064375,303,买盘
351,09:47:33,68.19,2624837,385,买盘
352,09:47:36,68.2,2264080,332,买盘
353,09:47:39,68.24,4364597,640,买盘
354,09:47:42,68.28,1578235,231,买盘
355,09:47:45,68.29,7263125,1064,买盘
356,09:47:48,68.29,5599633,820,买盘
357,09:47:51,68.33,8684587,1271,买盘
358,09:47:54,68.39,4887170,715,买盘
359,09:47:57,68.4,2769833,405,买盘
360,09:48:00,68.39,8562581,1252,卖盘
361,09:48:03,68.22,26869628,3934,卖盘
362,09:48:06,68.02,13471373,1977,卖盘
363,09:48:09,68.0,9555040,1404,卖盘
364,09:48:12,67.92,9840189,1448,卖盘
365,09:48:15,67.94,1581674,233,买盘
366,09:48:18,67.86,4218437,622,卖盘
367,09:48:21,67.79,7530346,1110,中性盘
368,09:48:24,67.82,841303,124,中性盘
369,09:48:27,67.8,1444270,213,卖盘
370,09:48:30,67.79,3104543,458,卖盘
371,09:48:33,67.72,3666181,541,卖盘
372,09:48:36,67.72,2181018,322,买盘
373,09:48:39,67.72,3020279,446,买盘
374,09:48:42,67.71,4889301,722,卖盘
375,09:48:45,67.72,2641347,390,买盘
376,09:48:48,67.72,1618808,239,卖盘
377,09:48:51,67.77,2519722,372,买盘
378,09:48:54,67.79,1775781,262,买盘
379,09:48:57,67.85,3031956,447,买盘
380,09:49:00,67.94,808071,119,买盘
381,09:49:03,67.95,2733148,402,买盘
382,09:49:06,68.03,3257321,479,买盘
383,09:49:09,68.07,851003,125,买盘
384,09:49:12,68.1,551854,81,买盘
385,09:49:15,68.16,852046,125,买盘
386,09:49:18,68.28,2134886,313,买盘
387,09:49:21,68.28,1992561,292,买盘
388,09:49:24,68.29,3584986,525,买盘
389,09:49:27,68.31,1577738,231,买盘
390,09:49:30,68.34,1304999,191,买盘
391,09:49:33,68.35,847366,124,买盘
392,09:49:36,68.37,3164527,463,买盘
393,09:49:39,68.4,2051457,300,买盘
394,09:49:42,68.4,8178652,1196,买盘
395,09:49:45,68.41,3557599,520,买盘
396,09:49:48,68.41,2757759,403,卖盘
397,09:49:51,68.48,4080271,596,买盘
398,09:49:54,68.46,6554554,957,卖盘
399,09:49:57,68.5,3890263,568,买盘
400,09:50:00,68.51,4966137,725,买盘
401,09:50:03,68.54,1925175,281,买盘
402,09:50:06,68.56,1919535,280,买盘
403,09:50:09,68.57,2214539,323,买盘
404,09:50:12,68.59,7301571,1064,买盘
405,09:50:15,68.69,2506777,365,买盘
406,09:50:18,68.71,2541710,370,买盘
407,09:50:21,68.72,1127097,164,买盘
408,09:50:24,68.75,3114186,453,买盘
409,09:50:27,68.76,3183101,463,买盘
410,09:50:30,68.76,7646737,1112,卖盘
411,09:50:33,68.67,28207554,4104,卖盘
412,09:50:36,68.61,9252126,1348,卖盘
413,09:50:39,68.57,6603586,963,卖盘
414,09:50:42,68.57,7170838,1046,买盘
415,09:50:45,68.51,7969591,1162,买盘
416,09:50:48,68.57,1549658,226,买盘
417,09:50:51,68.59,2501603,365,买盘
418,09:50:54,68.6,1508593,220,买盘
419,09:50:57,68.64,1605666,234,买盘
420,09:51:00,68.65,2245377,327,买盘
421,09:51:03,68.72,3639832,530,买盘
422,09:51:06,68.73,1119976,163,买盘
423,09:51:09,68.76,4693983,683,买盘
424,09:51:12,68.76,1883808,274,买盘
425,09:51:15,68.76,5020338,730,买盘
426,09:51:18,68.79,7627000,1109,买盘
427,09:51:21,68.8,5922202,861,买盘
428,09:51:24,68.8,4292871,624,买盘
429,09:51:27,68.8,5228991,760,买盘
430,09:51:30,68.82,2146899,312,中性盘
431,09:51:33,68.84,5278464,767,买盘
432,09:51:36,68.86,4205904,611,买盘
433,09:51:39,68.85,12263338,1782,卖盘
434,09:51:42,68.84,11108055,1614,卖盘
435,09:51:45,68.85,8617260,1252,中性盘
436,09:51:48,68.8,5823918,846,卖盘
437,09:51:51,68.8,2870528,417,卖盘
438,09:51:54,68.77,6284514,914,卖盘
439,09:51:57,68.58,6933732,1010,卖盘
440,09:52:00,68.68,2870047,418,中性盘
441,09:52:03,68.58,2486140,362,卖盘
442,09:52:06,68.58,2435062,355,卖盘
443,09:52:09,68.71,2944514,429,买盘
444,09:52:12,68.68,1215453,177,卖盘
445,09:52:15,68.72,3345523,487,买盘
446,09:52:18,68.72,1683680,245,卖盘
447,09:52:21,68.77,2653124,386,买盘
448,09:52:24,68.77,1423576,207,卖盘
449,09:52:27,68.79,1430785,208,买盘
450,09:52:30,68.81,2449036,356,买盘
451,09:52:33,68.83,1699761,247,买盘
452,09:52:36,68.83,1521016,221,买盘
453,09:52:39,68.84,1424999,207,买盘
454,09:52:42,68.85,2967338,431,买盘
455,09:52:45,68.93,12255586,1779,买盘
456,09:52:48,68.95,2916542,423,买盘
457,09:52:51,68.95,7070165,1025,卖盘
458,09:52:54,69.03,16618724,2408,买盘
459,09:52:57,69.09,3122189,452,买盘
460,09:53:00,69.13,1299342,188,买盘
461,09:53:03,69.19,2185402,316,买盘
462,09:53:06,69.19,1971522,285,买盘
463,09:53:09,69.23,5327357,770,买盘
464,09:53:12,69.24,2145625,310,买盘
465,09:53:15,69.24,5788212,836,卖盘
466,09:53:18,69.08,23945607,3461,卖盘
467,09:53:21,69.08,21787611,3153,买盘
468,09:53:24,69.05,4394158,636,中性盘
469,09:53:27,69.07,2963112,429,中性盘
470,09:53:30,69.08,4019581,582,买盘
471,09:53:33,69.12,4048230,586,买盘
472,09:53:36,69.15,1099150,159,买盘
473,09:53:39,69.18,2504130,362,买盘
474,09:53:42,69.2,1750840,253,买盘
475,09:53:45,69.2,2872547,415,卖盘
476,09:53:48,69.24,2838601,410,买盘
477,09:53:51,69.25,2125922,307,买盘
478,09:53:54,69.28,3269493,472,买盘
479,09:53:57,69.29,1960911,283,中性盘
480,09:54:00,69.3,3333066,481,买盘
481,09:54:03,69.3,14605881,2108,卖盘
482,09:54:06,69.2,14457392,2088,卖盘
483,09:54:09,69.2,9131983,1320,买盘
484,09:54:12,69.09,5296295,766,卖盘
485,09:54:15,69.0,5005202,725,卖盘
486,09:54:18,68.96,1959452,284,卖盘
487,09:54:21,69.0,1918427,278,买盘
488,09:54:24,69.0,2270242,329,卖盘
489,09:54:27,68.96,3097230,449,卖盘
490,09:54:30,69.0,8416288,1220,买盘
491,09:54:33,69.04,5198855,753,买盘
492,09:54:36,69.04,3845353,557,卖盘
493,09:54:39,69.08,1180967,171,买盘
494,09:54:42,69.09,1692370,245,买盘
495,09:54:45,69.11,1789936,259,买盘
496,09:54:48,69.12,1389312,201,中性盘
497,09:54:51,69.2,1847343,267,买盘
498,09:54:54,69.23,1578161,228,买盘
499,09:54:57,69.22,900057,130,卖盘
500,09:55:00,69.23,8366449,1209,卖盘
501,09:55:03,69.22,3337974,482,卖盘
502,09:55:06,69.22,4639754,670,卖盘
503,09:55:09,69.22,1758486,254,买盘
504,09:55:12,69.23,4125262,596,买盘
505,09:55:15,69.28,2250387,325,买盘
506,09:55:18,69.23,1820909,263,卖盘
507,09:55:21,69.23,2001024,289,卖盘
508,09:55:24,69.26,5531798,799,买盘
509,09:55:27,69.28,3241031,468,买盘
510,09:55:30,69.28,4322120,624,买盘
511,09:55:33,69.26,4911326,709,卖盘
512,09:55:36,69.28,6587936,951,买盘
513,09:55:39,69.28,3768450,544,买盘
514,09:55:42,69.28,2888753,417,买盘
515,09:55:45,69.3,2979259,430,买盘
516,09:55:48,69.28,2189425,316,卖盘
517,09:55:51,69.3,5606226,809,买盘
518,09:55:54,69.3,4027818,581,卖盘
519,09:55:57,69.31,2557585,369,中性盘
520,09:56:00,69.3,1317248,190,卖盘
521,09:56:03,69.36,1782490,257,买盘
522,09:56:06,69.38,3265538,471,买盘
523,09:56:09,69.38,2476527,357,买盘
524,09:56:12,69.38,2338384,337,买盘
525,09:56:15,69.4,1013183,146,买盘
526,09:56:18,69.38,2164991,312,卖盘
527,09:56:21,69.42,3463710,499,买盘
528,09:56:24,69.44,3693248,532,买盘
529,09:56:27,69.42,2333602,336,卖盘
530,09:56:30,69.46,2389129,344,买盘
531,09:56:33,69.5,2244305,323,买盘
532,09:56:36,69.47,5448260,784,中性盘
533,09:56:39,69.5,2696675,388,买盘
534,09:56:42,69.55,1307124,188,买盘
535,09:56:45,69.62,8496250,1220,买盘
536,09:56:48,69.8,2810924,403,买盘
537,09:56:51,69.76,4039482,579,中性盘
538,09:56:54,69.85,3142725,450,买盘
539,09:56:57,69.8,5852049,838,卖盘
540,09:57:00,69.8,11898887,1705,卖盘
541,09:57:03,69.78,5845231,838,中性盘
542,09:57:06,69.77,3403506,488,中性盘
543,09:57:09,69.72,4280718,614,中性盘
544,09:57:12,69.72,3302172,474,买盘
545,09:57:15,69.5,8229629,1183,卖盘
546,09:57:18,69.38,11062240,1593,卖盘
547,09:57:21,69.36,3405659,491,卖盘
548,09:57:24,69.49,2796990,403,买盘
549,09:57:27,69.28,3617755,522,卖盘
550,09:57:30,69.28,6995741,1010,卖盘
551,09:57:33,69.29,7401103,1068,买盘
552,09:57:36,69.31,2321668,335,买盘
553,09:57:39,69.36,4028873,581,买盘
554,09:57:42,69.6,5468981,787,买盘
555,09:57:45,69.63,1702965,245,买盘
556,09:57:48,69.72,3179591,456,买盘
557,09:57:51,69.73,488238,70,中性盘
558,09:57:54,69.72,3599980,516,卖盘
559,09:57:57,69.79,4787548,686,买盘
560,09:58:00,69.72,7026890,1007,卖盘
561,09:58:03,69.79,11878353,1703,买盘
562,09:58:06,69.77,3865282,554,卖盘
563,09:58:09,69.8,2121573,304,买盘
564,09:58:12,69.77,4620383,662,卖盘
565,09:58:15,69.7,5042901,723,卖盘
566,09:58:18,69.8,6505372,932,买盘
567,09:58:21,69.8,2603782,373,卖盘
568,09:58:24,69.8,2841065,407,卖盘
569,09:58:27,69.83,13264897,1899,买盘
570,09:58:30,69.83,1599328,229,卖盘
571,09:58:33,69.88,4543543,650,中性盘
572,09:58:36,70.0,11613978,1660,买盘
573,09:58:39,69.9,7674891,1097,卖盘
574,09:58:42,69.98,2029020,290,买盘
575,09:58:45,69.98,2889610,413,卖盘
576,09:58:48,69.97,2770229,396,中性盘
577,09:58:51,69.98,4037652,577,买盘
578,09:58:54,69.99,22125957,3161,买盘
579,09:58:57,69.99,6396740,914,买盘
580,09:59:00,69.98,6390211,913,卖盘
581,09:59:03,70.0,9075709,1297,买盘
582,09:59:06,70.0,2184158,312,卖盘
583,09:59:09,70.01,4774323,682,买盘
584,09:59:12,70.04,1960723,280,买盘
585,09:59:15,70.04,2164132,309,买盘
586,09:59:18,70.06,2003989,286,买盘
587,09:59:21,70.09,1002110,143,买盘
588,09:59:24,70.1,1822302,260,买盘
589,09:59:27,70.13,1654775,236,买盘
590,09:59:30,70.15,3493790,498,买盘
591,09:59:33,70.2,8612799,1226,买盘
592,09:59:36,70.3,4663485,663,买盘
593,09:59:39,70.32,2960076,421,中性盘
594,09:59:42,70.36,4255241,605,买盘
595,09:59:45,70.24,10272527,1461,卖盘
596,09:59:48,70.21,8809345,1254,卖盘
597,09:59:51,70.24,9221067,1312,中性盘
598,09:59:54,70.25,3548216,505,买盘
599,09:59:57,70.3,6179028,879,买盘
600,10:00:00,70.34,3896961,554,买盘
601,10:00:03,70.33,4552685,647,卖盘
602,10:00:06,70.49,1535064,218,买盘
603,10:00:09,70.4,3558472,505,卖盘
604,10:00:12,70.49,3248877,461,买盘
605,10:00:15,70.49,6236060,885,买盘
606,10:00:18,70.5,3721302,528,买盘
607,10:00:21,70.5,5907708,838,买盘
608,10:00:24,70.54,7705365,1093,买盘
609,10:00:27,70.6,5336129,756,买盘
610,10:00:30,70.54,3019652,428,卖盘
611,10:00:33,70.66,2626936,372,买盘
612,10:00:36,70.6,1447823,205,卖盘
613,10:00:39,70.7,8538981,1208,买盘
614,10:00:42,70.69,2127905,301,卖盘
615,10:00:45,70.7,6270867,887,买盘
616,10:00:48,70.7,6950307,983,买盘
617,10:00:51,70.75,1909503,270,买盘
618,10:00:54,70.73,4024408,569,卖盘
619,10:00:57,70.73,5921028,837,卖盘
620,10:01:00,70.74,8973874,1269,买盘
621,10:01:03,70.74,14494892,2050,卖盘
622,10:01:06,70.74,7498094,1060,买盘
623,10:01:09,70.72,6144449,869,卖盘
624,10:01:12,70.71,9322622,1318,中性盘
625,10:01:15,70.73,4927847,697,买盘
626,10:01:18,70.73,3351813,474,买盘
627,10:01:21,70.73,6478716,916,买盘
628,10:01:24,70.72,5516341,780,卖盘
629,10:01:27,70.72,5516374,780,卖盘
630,10:01:30,70.71,2036537,288,中性盘
631,10:01:33,70.71,2793182,395,卖盘
632,10:01:36,70.7,3393982,480,卖盘
633,10:01:39,70.71,4185568,592,买盘
634,10:01:42,70.65,3244166,459,卖盘
635,10:01:45,70.65,3449040,488,买盘
636,10:01:48,70.63,2005998,284,卖盘
637,10:01:51,70.63,3820521,541,买盘
638,10:01:54,70.59,3466436,491,卖盘
639,10:01:57,70.58,1482465,210,卖盘
640,10:02:00,70.56,1432598,203,卖盘
641,10:02:03,70.56,2003741,284,买盘
642,10:02:06,70.5,7439832,1055,卖盘
643,10:02:09,70.49,5597869,794,卖盘
644,10:02:12,70.42,1268432,180,卖盘
645,10:02:15,70.46,1056734,150,买盘
646,10:02:18,70.42,2676314,380,卖盘
647,10:02:21,70.39,1415233,201,卖盘
648,10:02:24,70.37,1140269,162,卖盘
649,10:02:27,70.39,4018379,571,买盘
650,10:02:30,70.33,1069186,152,卖盘
651,10:02:33,70.3,5301455,754,卖盘
652,10:02:36,70.26,5007664,713,卖盘
653,10:02:39,70.24,2342201,334,中性盘
654,10:02:42,70.07,1675074,239,卖盘
655,10:02:45,70.06,1997275,285,卖盘
656,10:02:48,70.0,4662549,666,卖盘
657,10:02:51,70.0,3716877,531,卖盘
658,10:02:54,70.0,3964659,566,卖盘
659,10:02:57,69.96,1560364,223,卖盘
660,10:03:00,69.91,741293,106,卖盘
661,10:03:03,69.9,1566125,224,卖盘
662,10:03:06,69.88,1621179,232,卖盘
663,10:03:09,69.81,3192665,457,卖盘
664,10:03:12,69.81,2303884,330,卖盘
665,10:03:15,69.8,1374940,197,卖盘
666,10:03:18,69.78,5408420,775,中性盘
667,10:03:21,69.76,2113279,303,买盘
668,10:03:24,69.71,3590577,515,卖盘
669,10:03:27,69.71,6873584,986,买盘
670,10:03:30,69.69,3205246,460,卖盘
671,10:03:33,69.67,7241297,1039,卖盘
672,10:03:36,69.66,1274846,183,卖盘
673,10:03:39,69.6,1838174,264,卖盘
674,10:03:42,69.53,980951,141,卖盘
675,10:03:45,69.5,2550877,367,卖盘
676,10:03:48,69.49,1195198,172,卖盘
677,10:03:51,69.48,3711127,534,卖盘
678,10:03:54,69.43,1083244,156,卖盘
679,10:03:57,69.4,2227208,321,卖盘
680,10:04:00,69.4,9352678,1348,买盘
681,10:04:03,69.38,6349296,915,卖盘
682,10:04:06,69.47,12924709,1862,买盘
683,10:04:09,69.67,23240959,3340,买盘
684,10:04:12,69.8,7573524,1085,买盘
685,10:04:15,69.95,6161633,881,买盘
686,10:04:18,70.01,8604173,1229,买盘
687,10:04:21,70.08,4254962,607,买盘
688,10:04:24,70.16,1282920,183,买盘
689,10:04:27,70.22,2351072,335,买盘
690,10:04:30,70.28,2719528,387,买盘
691,10:04:33,70.29,2537383,361,买盘
692,10:04:36,70.31,3599605,512,买盘
693,10:04:39,70.36,2313468,329,买盘
694,10:04:42,70.36,3848341,547,买盘
695,10:04:45,70.36,3904588,555,中性盘
696,10:04:48,70.38,5410746,769,买盘
697,10:04:51,70.42,11837692,1681,买盘
698,10:04:54,70.38,2928944,416,卖盘
699,10:04:57,70.4,2639687,375,买盘
700,10:05:00,70.38,3125100,444,卖盘
701,10:05:03,70.38,4700034,668,买盘
702,10:05:06,70.32,3241283,461,中性盘
703,10:05:09,70.26,1806655,257,卖盘
704,10:05:12,70.26,1369745,195,买盘
705,10:05:15,70.24,1917011,273,卖盘
706,10:05:18,70.2,1853136,264,卖盘
707,10:05:21,70.07,3640628,519,卖盘
708,10:05:24,70.02,3581855,511,卖盘
709,10:05:27,70.0,1855027,265,卖盘
710,10:05:30,69.99,4101660,586,卖盘
711,10:05:33,69.97,804518,115,中性盘
712,10:05:36,69.91,1139827,163,卖盘
713,10:05:39,69.9,657037,94,中性盘
714,10:05:42,69.9,922362,132,买盘
715,10:05:45,69.9,1432533,205,买盘
716,10:05:48,69.85,2808447,402,卖盘
717,10:05:51,69.85,2780436,398,买盘
718,10:05:54,69.85,1445748,207,买盘
719,10:05:57,69.83,3785171,542,卖盘
720,10:06:00,69.84,991502,142,买盘
721,10:06:03,69.84,2465093,353,买盘
722,10:06:06,70.02,14333931,2050,买盘
723,10:06:09,70.08,8350165,1192,买盘
724,10:06:12,70.18,3529681,503,买盘
725,10:06:15,70.21,3173149,452,买盘
726,10:06:18,70.2,6513242,928,卖盘
727,10:06:21,70.18,2987390,426,买盘
728,10:06:24,70.2,687835,98,买盘
729,10:06:27,70.18,1789317,255,买盘
730,10:06:30,70.11,1494453,213,卖盘
731,10:06:33,70.11,1528330,218,买盘
732,10:06:36,70.03,1738702,248,卖盘
733,10:06:39,70.1,1457072,208,中性盘
734,10:06:42,70.03,2360274,337,卖盘
735,10:06:45,70.02,1386596,198,卖盘
736,10:06:48,70.02,1953391,279,卖盘
737,10:06:51,70.03,2128429,304,买盘
738,10:06:54,70.1,4967380,709,买盘
739,10:06:57,70.09,4429095,632,中性盘
740,10:07:00,70.11,2861349,408,买盘
741,10:07:03,70.19,6956324,991,中性盘
742,10:07:06,70.22,4923722,701,买盘
743,10:07:09,70.26,1756387,250,中性盘
744,10:07:12,70.2,2043487,291,卖盘
745,10:07:15,70.2,758444,108,卖盘
746,10:07:18,70.2,1481077,211,卖盘
747,10:07:21,70.2,1937347,276,买盘
748,10:07:24,70.12,2646192,377,卖盘
749,10:07:27,70.2,3699583,527,买盘
750,10:07:30,70.2,4148996,591,卖盘
751,10:07:33,70.19,1382510,197,中性盘
752,10:07:36,70.2,1235328,176,买盘
753,10:07:39,70.17,617492,88,卖盘
754,10:07:42,70.15,1382222,197,卖盘
755,10:07:45,70.17,1354006,193,买盘
756,10:07:48,70.15,1017435,145,卖盘
757,10:07:51,70.16,2511813,358,买盘
758,10:07:54,70.15,2132834,304,卖盘
759,10:07:57,70.15,2167858,309,卖盘
760,10:08:00,70.17,3627110,517,买盘
761,10:08:03,70.16,3129033,446,中性盘
762,10:08:06,70.15,2434988,347,卖盘
763,10:08:09,70.15,1866156,266,卖盘
764,10:08:12,70.15,2672642,381,卖盘
765,10:08:15,70.14,3612215,515,中性盘
766,10:08:18,70.13,1802559,257,卖盘
767,10:08:21,70.12,2391179,341,卖盘
768,10:08:24,70.12,1899966,271,买盘
769,10:08:27,70.1,925402,132,卖盘
770,10:08:30,70.1,651881,93,买盘
771,10:08:33,70.09,1815149,259,卖盘
772,10:08:36,70.06,455488,65,中性盘
773,10:08:39,70.06,539491,77,卖盘
774,10:08:42,70.03,1316962,188,卖盘
775,10:08:45,70.03,546300,78,卖盘
776,10:08:48,70.03,1862968,266,卖盘
777,10:08:51,70.02,2562310,366,卖盘
778,10:08:54,70.02,5924976,846,买盘
779,10:08:57,70.05,8548606,1220,中性盘
780,10:09:00,70.05,1590524,227,卖盘
781,10:09:03,70.14,9288459,1325,买盘
782,10:09:06,70.22,35909541,5112,买盘
783,10:09:09,70.49,3858464,548,买盘
784,10:09:12,70.52,30555488,4331,买盘
785,10:09:15,70.52,1376748,195,卖盘
786,10:09:18,70.52,5572691,789,卖盘
787,10:09:21,70.52,1819315,258,买盘
788,10:09:24,70.55,4309854,611,买盘
789,10:09:27,70.55,2949311,418,卖盘
790,10:09:30,70.8,87376343,12350,买盘
791,10:09:33,70.83,59470768,8398,买盘
792,10:09:36,70.84,30548599,4313,买盘
793,10:09:39,70.84,13728386,1938,买盘
794,10:09:42,70.84,13310573,1879,买盘
795,10:09:45,70.83,15959325,2253,卖盘
796,10:09:48,70.8,8287367,1170,卖盘
797,10:09:51,70.8,1912128,270,卖盘
798,10:09:54,70.8,1727394,244,买盘
799,10:09:57,70.72,2484527,351,卖盘
800,10:10:00,70.8,1401397,198,买盘
801,10:10:03,70.79,3254512,460,中性盘
802,10:10:06,70.73,1953282,276,卖盘
803,10:10:09,70.75,4167611,589,中性盘
804,10:10:12,70.78,2583349,365,买盘
805,10:10:15,70.74,3536265,500,买盘
806,10:10:18,70.72,2149787,304,卖盘
807,10:10:21,70.72,1916461,271,买盘
808,10:10:24,70.64,1619277,229,卖盘
809,10:10:27,70.64,1653908,234,卖盘
810,10:10:30,70.64,1059796,150,买盘
811,10:10:33,70.6,1002843,142,卖盘
812,10:10:36,70.59,981629,139,卖盘
813,10:10:39,70.59,5517527,781,卖盘
814,10:10:42,70.52,1178731,167,卖盘
815,10:10:45,70.58,1453757,206,中性盘
816,10:10:48,70.48,1692573,240,卖盘
817,10:10:51,70.52,916803,130,中性盘
818,10:10:54,70.51,831752,118,中性盘
819,10:10:57,70.48,986718,140,卖盘
820,10:11:00,70.48,436962,62,买盘
821,10:11:03,70.47,2691707,382,中性盘
822,10:11:06,70.44,1374124,195,卖盘
823,10:11:09,70.44,2339274,332,买盘
824,10:11:12,70.47,4221068,599,买盘
825,10:11:15,70.53,2952036,419,买盘
826,10:11:18,70.58,2892298,410,买盘
827,10:11:21,70.56,3303015,468,中性盘
828,10:11:24,70.58,1615658,229,买盘
829,10:11:27,70.58,1136412,161,买盘
830,10:11:30,70.56,1693989,240,卖盘
831,10:11:33,70.56,1150481,163,中性盘
832,10:11:36,70.56,1079629,153,卖盘
833,10:11:39,70.55,557343,79,卖盘
834,10:11:42,70.56,1792031,254,买盘
835,10:11:45,70.51,924211,131,卖盘
836,10:11:48,70.57,2772734,393,买盘
837,10:11:51,70.58,2321834,329,买盘
838,10:11:54,70.51,2181920,309,卖盘
839,10:11:57,70.56,1587721,225,买盘
840,10:12:00,70.57,922558,131,中性盘
841,10:12:03,70.55,1968668,279,卖盘
842,10:12:06,70.57,1524343,216,买盘
843,10:12:09,70.57,3241128,459,卖盘
844,10:12:12,70.6,6431774,911,买盘
845,10:12:15,70.61,1420168,201,中性盘
846,10:12:18,70.63,967560,137,中性盘
847,10:12:21,70.65,805665,114,买盘
848,10:12:24,70.7,1562324,221,买盘
849,10:12:27,70.66,6224411,880,卖盘
850,10:12:30,70.7,1838585,260,买盘
851,10:12:33,70.77,2827891,400,买盘
852,10:12:36,70.76,2058167,291,中性盘
853,10:12:39,70.71,1188385,168,中性盘
854,10:12:42,70.7,870207,123,卖盘
855,10:12:45,70.76,1266227,179,买盘
856,10:12:48,70.75,1018707,144,买盘
857,10:12:51,70.75,1188556,168,买盘
858,10:12:54,70.76,1818252,257,买盘
859,10:12:57,70.76,1974197,279,买盘
860,10:13:00,70.75,11275029,1593,卖盘
861,10:13:03,70.8,7389365,1044,买盘
862,10:13:06,70.79,17062422,2410,中性盘
863,10:13:09,70.8,10478681,1480,买盘
864,10:13:12,70.83,5884522,831,买盘
865,10:13:15,70.83,21333679,3012,买盘
866,10:13:18,70.82,6246920,882,卖盘
867,10:13:21,70.83,8640667,1220,买盘
868,10:13:24,70.82,9383527,1325,卖盘
869,10:13:27,70.82,4595053,649,买盘
870,10:13:30,70.82,2974489,420,买盘
871,10:13:33,70.82,2379699,336,买盘
872,10:13:36,70.83,6005943,848,买盘
873,10:13:39,70.82,6720941,949,卖盘
874,10:13:42,70.84,233172077,32915,买盘
875,10:13:45,70.84,5185488,732,卖盘
876,10:13:48,70.84,2932776,414,卖盘
877,10:13:51,70.84,2408560,340,卖盘
878,10:13:54,70.84,1799336,254,卖盘
879,10:13:57,70.84,32161360,4540,卖盘
880,10:14:00,70.84,2380224,336,卖盘
881,10:14:03,70.84,12864544,1816,卖盘
882,10:14:06,70.84,885500,125,卖盘
883,10:14:09,70.84,1593900,225,卖盘
884,10:14:12,70.84,9400468,1327,卖盘
885,10:14:15,70.84,2188956,309,卖盘
886,10:14:18,70.84,1317624,186,卖盘
887,10:14:21,70.84,694232,98,卖盘
888,10:14:24,70.84,2769844,391,卖盘
889,10:14:27,70.84,545468,77,卖盘
890,10:14:30,70.84,1523060,215,卖盘
891,10:14:33,70.84,5135900,725,卖盘
892,10:14:36,70.84,587972,83,卖盘
893,10:14:39,70.84,7144214,1009,卖盘
894,10:14:42,70.84,1558480,220,卖盘
895,10:14:45,70.84,1841840,260,卖盘
896,10:14:48,70.84,1905596,269,卖盘
897,10:14:51,70.84,1013012,143,卖盘
898,10:14:54,70.84,949256,134,卖盘
899,10:14:57,70.84,2791096,394,卖盘
900,10:15:00,70.84,1289288,182,卖盘
901,10:15:03,70.84,928004,131,卖盘
902,10:15:06,70.84,651728,92,卖盘
903,10:15:09,70.84,885500,125,卖盘
904,10:15:12,70.84,269192,38,卖盘
905,10:15:15,70.84,375452,53,卖盘
906,10:15:18,70.84,842996,119,卖盘
907,10:15:21,70.84,1657656,234,卖盘
908,10:15:24,70.84,7425945,1048,卖盘
909,10:15:27,70.84,694232,98,卖盘
910,10:15:30,70.84,821744,116,卖盘
911,10:15:33,70.84,1154692,163,卖盘
912,10:15:36,70.84,332948,47,卖盘
913,10:15:39,70.84,1027180,145,卖盘
914,10:15:42,70.84,545468,77,卖盘
915,10:15:45,70.84,651728,92,卖盘
916,10:15:48,70.84,340032,48,卖盘
917,10:15:51,70.84,1126356,159,卖盘
918,10:15:54,70.84,1098020,155,卖盘
919,10:15:57,70.84,361284,51,卖盘
920,10:16:00,70.84,1112188,157,卖盘
921,10:16:03,70.84,1154692,163,卖盘
922,10:16:06,70.84,885500,125,卖盘
923,10:16:09,70.84,410872,58,卖盘
924,10:16:12,70.84,545468,77,卖盘
925,10:16:15,70.84,410872,58,卖盘
926,10:16:18,70.84,269192,38,卖盘
927,10:16:21,70.84,835912,118,卖盘
928,10:16:24,70.84,602140,85,卖盘
929,10:16:27,70.84,311696,44,卖盘
930,10:16:30,70.84,949256,134,卖盘
931,10:16:33,70.84,283360,40,卖盘
932,10:16:36,70.84,22548372,3183,卖盘
933,10:16:39,70.84,623392,88,卖盘
934,10:16:42,70.84,382536,54,卖盘
935,10:16:45,70.84,375452,53,卖盘
936,10:16:48,70.84,609224,86,卖盘
937,10:16:51,70.84,1041348,147,卖盘
938,10:16:54,70.84,290444,41,卖盘
939,10:16:57,70.84,616308,87,卖盘
940,10:17:00,70.84,141680,20,卖盘
941,10:17:03,70.84,21847056,3084,卖盘
942,10:17:06,70.84,595056,84,卖盘
943,10:17:09,70.84,325864,46,卖盘
944,10:17:12,70.84,616308,87,卖盘
945,10:17:15,70.84,566720,80,卖盘
946,10:17:18,70.84,1473472,208,卖盘
947,10:17:21,70.84,332948,47,卖盘
948,10:17:24,70.84,12503260,1765,卖盘
949,10:17:27,70.84,63756,9,卖盘
950,10:17:30,70.84,481712,68,卖盘
951,10:17:33,70.84,488796,69,卖盘
952,10:17:36,70.84,11979044,1691,卖盘
953,10:17:39,70.84,736736,104,卖盘
954,10:17:42,70.84,432124,61,卖盘
955,10:17:45,70.84,1140524,161,卖盘
956,10:17:48,70.84,502964,71,卖盘
957,10:17:51,70.84,403788,57,卖盘
958,10:17:54,70.84,637560,90,卖盘
959,10:17:57,70.84,1282204,181,卖盘
960,10:18:00,70.84,311696,44,卖盘
961,10:18:03,70.84,2231460,315,卖盘
962,10:18:06,70.84,262108,37,卖盘
963,10:18:09,70.84,1090936,154,卖盘
964,10:18:12,70.84,538384,76,卖盘
965,10:18:15,70.84,559636,79,卖盘
966,10:18:18,70.84,340032,48,卖盘
967,10:18:21,70.84,361284,51,卖盘
968,10:18:24,70.84,439208,62,卖盘
969,10:18:27,70.84,616308,87,卖盘
970,10:18:30,70.84,566720,80,卖盘
971,10:18:33,70.84,432124,61,卖盘
972,10:18:36,70.84,375452,53,卖盘
973,10:18:39,70.84,559636,79,卖盘
974,10:18:42,70.84,701316,99,卖盘
975,10:18:45,70.84,92092,13,卖盘
976,10:18:48,70.84,432124,61,卖盘
977,10:18:51,70.84,623392,88,卖盘
978,10:18:54,70.84,120428,17,卖盘
979,10:18:57,70.84,340032,48,卖盘
980,10:19:00,70.84,7084,1,卖盘
981,10:19:03,70.84,361284,51,卖盘
982,10:19:06,70.84,276276,39,卖盘
983,10:19:09,70.84,162932,23,卖盘
984,10:19:12,70.84,616308,87,卖盘
985,10:19:15,70.84,552552,78,卖盘
986,10:19:18,70.84,141680,20,卖盘
987,10:19:21,70.84,212520,30,卖盘
988,10:19:24,70.84,155848,22,卖盘
989,10:19:27,70.84,56672,8,卖盘
990,10:19:30,70.84,340032,48,卖盘
991,10:19:33,70.84,14168,2,卖盘
992,10:19:36,70.84,255024,36,卖盘
993,10:19:39,70.84,77924,11,卖盘
994,10:19:42,70.84,99176,14,卖盘
995,10:19:45,70.84,1707244,241,卖盘
996,10:19:48,70.84,247940,35,卖盘
997,10:19:51,70.84,141680,20,卖盘
998,10:19:54,70.84,205436,29,卖盘
999,10:19:57,70.84,1027180,145,卖盘
1000,10:20:00,70.84,332948,47,卖盘
1001,10:20:03,70.84,354200,50,卖盘
1002,10:20:06,70.84,226688,32,卖盘
1003,10:20:09,70.84,233772,33,卖盘
1004,10:20:12,70.84,155848,22,卖盘
1005,10:20:15,70.84,63756,9,卖盘
1006,10:20:18,70.84,92092,13,卖盘
1007,10:20:21,70.84,240856,34,卖盘
1008,10:20:24,70.84,162932,23,卖盘
1009,10:20:27,70.84,77924,11,卖盘
1010,10:20:30,70.84,141680,20,卖盘
1011,10:20:33,70.84,106260,15,卖盘
1012,10:20:36,70.84,517840,73,卖盘
1013,10:20:39,70.84,113344,16,卖盘
1014,10:20:42,70.84,297528,42,卖盘
1015,10:20:45,70.84,609224,86,卖盘
1016,10:20:48,70.84,77924,11,卖盘
1017,10:20:51,70.84,481712,68,卖盘
1018,10:20:54,70.84,1260952,178,卖盘
1019,10:20:57,70.84,1076768,152,卖盘
1020,10:21:00,70.84,290444,41,卖盘
1021,10:21:03,70.84,375452,53,卖盘
1022,10:21:06,70.84,375452,53,卖盘
1023,10:21:09,70.84,474628,67,卖盘
1024,10:21:12,70.84,630476,89,卖盘
1025,10:21:15,70.84,403788,57,卖盘
1026,10:21:18,70.84,240856,34,卖盘
1027,10:21:21,70.84,92092,13,卖盘
1028,10:21:24,70.84,198352,28,卖盘
1029,10:21:27,70.84,361284,51,卖盘
1030,10:21:30,70.84,85008,12,卖盘
1031,10:21:33,70.84,191268,27,卖盘
1032,10:21:36,70.84,120428,17,卖盘
1033,10:21:39,70.84,255024,36,卖盘
1034,10:21:42,70.84,984676,139,卖盘
1035,10:21:45,70.84,304612,43,卖盘
1036,10:21:48,70.84,701316,99,卖盘
1037,10:21:51,70.84,85008,12,卖盘
1038,10:21:54,70.84,162932,23,卖盘
1039,10:21:57,70.84,368368,52,卖盘
1040,10:22:00,70.84,148764,21,卖盘
1041,10:22:03,70.84,77924,11,卖盘
1042,10:22:06,70.84,155848,22,卖盘
1043,10:22:09,70.84,552552,78,卖盘
1044,10:22:12,70.84,134596,19,卖盘
1045,10:22:15,70.84,120428,17,卖盘
1046,10:22:18,70.84,1126356,159,卖盘
1047,10:22:21,70.84,233772,33,卖盘
1048,10:22:24,70.84,219604,31,卖盘
1049,10:22:27,70.84,170016,24,卖盘
1050,10:22:30,70.84,63756,9,卖盘
1051,10:22:33,70.84,226688,32,卖盘
1052,10:22:36,70.84,354200,50,卖盘
1053,10:22:39,70.84,155848,22,卖盘
1054,10:22:42,70.84,99176,14,卖盘
1055,10:22:45,70.84,382536,54,卖盘
1056,10:22:48,70.84,42504,6,卖盘
1057,10:22:51,70.84,158965,22,卖盘
1058,10:22:54,70.84,198352,28,卖盘
1059,10:22:57,70.84,85008,12,卖盘
1060,10:23:00,70.84,247940,35,卖盘
1061,10:23:03,70.84,92092,13,卖盘
1062,10:23:06,70.84,184184,26,卖盘
1063,10:23:09,70.84,127512,18,卖盘
1064,10:23:12,70.84,297528,42,卖盘
1065,10:23:15,70.84,77924,11,卖盘
1066,10:23:18,70.84,113344,16,卖盘
1067,10:23:21,70.84,63756,9,卖盘
1068,10:23:24,70.84,949256,134,卖盘
1069,10:23:27,70.84,311696,44,卖盘
1070,10:23:30,70.84,28336,4,卖盘
1071,10:23:33,70.84,63756,9,卖盘
1072,10:23:36,70.84,106260,15,卖盘
1073,10:23:39,70.84,113344,16,卖盘
1074,10:23:42,70.84,205436,29,卖盘
1075,10:23:45,70.84,70840,10,卖盘
1076,10:23:48,70.84,184184,26,卖盘
1077,10:23:51,70.84,56672,8,卖盘
1078,10:23:54,70.84,92092,13,卖盘
1079,10:23:57,70.84,1083852,153,卖盘
1080,10:24:00,70.84,403788,57,卖盘
1081,10:24:03,70.84,56672,8,卖盘
1082,10:24:06,70.84,99176,14,卖盘
1083,10:24:09,70.84,92092,13,卖盘
1084,10:24:12,70.84,191268,27,卖盘
1085,10:24:15,70.84,92092,13,卖盘
1086,10:24:18,70.84,127512,18,卖盘
1087,10:24:21,70.84,63756,9,卖盘
1088,10:24:24,70.84,354200,50,卖盘
1089,10:24:27,70.84,750904,106,卖盘
1090,10:24:30,70.84,99176,14,卖盘
1091,10:24:33,70.84,233772,33,卖盘
1092,10:24:36,70.84,630476,89,卖盘
1093,10:24:39,70.84,42504,6,卖盘
1094,10:24:42,70.84,928004,131,卖盘
1095,10:24:45,70.84,113344,16,卖盘
1096,10:24:48,70.84,255024,36,卖盘
1097,10:24:51,70.84,226688,32,卖盘
1098,10:24:54,70.84,92092,13,卖盘
1099,10:24:57,70.84,49588,7,卖盘
1100,10:25:00,70.84,425040,60,卖盘
1101,10:25:03,70.84,155848,22,卖盘
1102,10:25:06,70.84,49588,7,卖盘
1103,10:25:09,70.84,198352,28,卖盘
1104,10:25:12,70.84,191268,27,卖盘
1105,10:25:15,70.84,842996,119,卖盘
1106,10:25:18,70.84,587972,83,卖盘
1107,10:25:21,70.84,120428,17,卖盘
1108,10:25:24,70.84,297528,42,卖盘
1109,10:25:27,70.84,177100,25,卖盘
1110,10:25:30,70.84,184184,26,卖盘
1111,10:25:33,70.84,120428,17,卖盘
1112,10:25:36,70.84,170016,24,卖盘
1113,10:25:39,70.84,354200,50,卖盘
1114,10:25:42,70.84,120428,17,卖盘
1115,10:25:45,70.84,255024,36,卖盘
1116,10:25:48,70.84,35420,5,卖盘
1117,10:25:51,70.84,70840,10,卖盘
1118,10:25:54,70.84,361284,51,卖盘
1119,10:25:57,70.84,396704,56,卖盘
1120,10:26:00,70.84,233772,33,卖盘
1121,10:26:03,70.84,198352,28,卖盘
1122,10:26:06,70.84,77924,11,卖盘
1123,10:26:09,70.84,481712,68,卖盘
1124,10:26:12,70.84,389620,55,卖盘
1125,10:26:15,70.84,35420,5,卖盘
1126,10:26:18,70.84,382536,54,卖盘
1127,10:26:21,70.84,276276,39,卖盘
1128,10:26:24,70.84,28336,4,卖盘
1129,10:26:27,70.84,70840,10,卖盘
1130,10:26:30,70.84,127512,18,卖盘
1131,10:26:33,70.84,347116,49,卖盘
1132,10:26:36,70.84,85008,12,卖盘
1133,10:26:39,70.84,92092,13,卖盘
1134,10:26:42,70.84,290444,41,卖盘
1135,10:26:45,70.84,113344,16,卖盘
1136,10:26:48,70.84,106260,15,卖盘
1137,10:26:51,70.84,56672,8,卖盘
1138,10:26:54,70.84,28336,4,卖盘
1139,10:26:57,70.84,70840,10,卖盘
1140,10:27:00,70.84,120428,17,卖盘
1141,10:27:03,70.84,318780,45,卖盘
1142,10:27:06,70.84,21252,3,卖盘
1143,10:27:09,70.84,219604,31,卖盘
1144,10:27:12,70.84,14168,2,卖盘
1145,10:27:15,70.84,389620,55,卖盘
1146,10:27:18,70.84,56672,8,卖盘
1147,10:27:21,70.84,70840,10,卖盘
1148,10:27:24,70.84,202603,29,卖盘
1149,10:27:27,70.84,205436,29,卖盘
1150,10:27:30,70.84,92092,13,卖盘
1151,10:27:33,70.84,269192,38,卖盘
1152,10:27:36,70.84,14168,2,卖盘
1153,10:27:39,70.84,120428,17,卖盘
1154,10:27:42,70.84,14168,2,卖盘
1155,10:27:45,70.84,113344,16,卖盘
1156,10:27:48,70.84,85008,12,卖盘
1157,10:27:51,70.84,63756,9,卖盘
1158,10:27:54,70.84,113344,16,卖盘
1159,10:27:57,70.84,141680,20,卖盘
1160,10:28:00,70.84,134596,19,卖盘
1161,10:28:03,70.84,7084,1,卖盘
1162,10:28:06,70.84,63756,9,卖盘
1163,10:28:09,70.84,1197196,169,卖盘
1164,10:28:12,70.84,28336,4,卖盘
1165,10:28:15,70.84,510048,72,卖盘
1166,10:28:18,70.84,113344,16,卖盘
1167,10:28:21,70.84,984676,139,卖盘
1168,10:28:24,70.84,184184,26,卖盘
1169,10:28:27,70.84,28336,4,卖盘
1170,10:28:30,70.84,283360,40,卖盘
1171,10:28:33,70.84,1494724,211,卖盘
1172,10:28:36,70.84,240856,34,卖盘
1173,10:28:39,70.84,70840,10,卖盘
1174,10:28:42,70.84,99176,14,卖盘
1175,10:28:45,70.84,63756,9,卖盘
1176,10:28:48,70.84,262108,37,卖盘
1177,10:28:51,70.84,417956,59,卖盘
1178,10:28:54,70.84,750904,106,卖盘
1179,10:28:57,70.84,191268,27,卖盘
1180,10:29:00,70.84,77924,11,卖盘
1181,10:29:03,70.84,807576,114,卖盘
1182,10:29:06,70.84,56672,8,卖盘
1183,10:29:09,70.84,56672,8,卖盘
1184,10:29:12,70.84,35420,5,卖盘
1185,10:29:15,70.84,28336,4,卖盘
1186,10:29:18,70.84,325864,46,卖盘
1187,10:29:21,70.84,198352,28,卖盘
1188,10:29:24,70.84,70840,10,卖盘
1189,10:29:27,70.84,70840,10,卖盘
1190,10:29:30,70.84,510048,72,卖盘
1191,10:29:33,70.84,417956,59,卖盘
1192,10:29:36,70.84,148764,21,卖盘
1193,10:29:39,70.84,106260,15,卖盘
1194,10:29:42,70.84,28336,4,卖盘
1195,10:29:45,70.84,743820,105,卖盘
1196,10:29:48,70.84,99176,14,卖盘
1197,10:29:51,70.84,56672,8,卖盘
1198,10:29:54,70.84,49588,7,卖盘
1199,10:29:57,70.84,1402632,198,卖盘
1200,10:30:00,70.84,488796,69,卖盘
1201,10:30:03,70.84,680064,96,卖盘
1202,10:30:06,70.84,106260,15,卖盘
1203,10:30:09,70.84,42504,6,卖盘
1204,10:30:12,70.84,56672,8,卖盘
1205,10:30:15,70.84,297528,42,卖盘
1206,10:30:18,70.84,779240,110,卖盘
1207,10:30:21,70.84,212520,30,卖盘
1208,10:30:24,70.84,56672,8,卖盘
1209,10:30:27,70.84,28336,4,卖盘
1210,10:30:30,70.84,70840,10,卖盘
1211,10:30:33,70.84,14168,2,卖盘
1212,10:30:36,70.84,42504,6,卖盘
1213,10:30:39,70.84,49588,7,卖盘
1214,10:30:42,70.84,191268,27,卖盘
1215,10:30:45,70.84,7084,1,卖盘
1216,10:30:48,70.84,495880,70,卖盘
1217,10:30:51,70.84,14168,2,卖盘
1218,10:30:54,70.84,56672,8,卖盘
1219,10:30:57,70.84,49588,7,卖盘
1220,10:31:00,70.84,113344,16,卖盘
1221,10:31:03,70.84,368368,52,卖盘
1222,10:31:06,70.84,191268,27,卖盘
1223,10:31:09,70.84,205436,29,卖盘
1224,10:31:12,70.84,77924,11,卖盘
1225,10:31:15,70.84,134596,19,卖盘
1226,10:31:21,70.84,127512,18,卖盘
1227,10:31:24,70.84,85008,12,卖盘
1228,10:31:27,70.84,42504,6,卖盘
1229,10:31:30,70.84,56672,8,卖盘
1230,10:31:33,70.84,4377912,618,卖盘
1231,10:31:36,70.84,311696,44,卖盘
1232,10:31:39,70.84,127512,18,卖盘
1233,10:31:42,70.84,226688,32,卖盘
1234,10:31:45,70.84,177100,25,卖盘
1235,10:31:48,70.84,99176,14,卖盘
1236,10:31:51,70.84,14168,2,卖盘
1237,10:31:54,70.84,7084,1,卖盘
1238,10:31:57,70.84,7084,1,卖盘
1239,10:32:00,70.84,290444,41,卖盘
1240,10:32:03,70.84,382536,54,卖盘
1241,10:32:06,70.84,170016,24,卖盘
1242,10:32:09,70.84,49588,7,卖盘
1243,10:32:12,70.84,14168,2,卖盘
1244,10:32:15,70.84,304612,43,卖盘
1245,10:32:18,70.84,247940,35,卖盘
1246,10:32:21,70.84,56672,8,卖盘
1247,10:32:24,70.84,970508,137,卖盘
1248,10:32:27,70.84,432124,61,卖盘
1249,10:32:30,70.84,77924,11,卖盘
1250,10:32:33,70.84,148764,21,卖盘
1251,10:32:36,70.84,14168,2,卖盘
1252,10:32:39,70.84,77924,11,卖盘
1253,10:32:42,70.84,127512,18,卖盘
1254,10:32:45,70.84,56672,8,卖盘
1255,10:32:48,70.84,694232,98,卖盘
1256,10:32:51,70.84,240856,34,卖盘
1257,10:32:54,70.84,7084,1,卖盘
1258,10:32:57,70.84,56672,8,卖盘
1259,10:33:00,70.84,644644,91,卖盘
1260,10:33:03,70.84,7084,1,卖盘
1261,10:33:06,70.84,14168,2,卖盘
1262,10:33:09,70.84,162932,23,卖盘
1263,10:33:12,70.84,92092,13,卖盘
1264,10:33:15,70.84,113344,16,卖盘
1265,10:33:18,70.84,7084,1,卖盘
1266,10:33:21,70.84,573804,81,卖盘
1267,10:33:24,70.84,7084,1,卖盘
1268,10:33:27,70.84,162932,23,卖盘
1269,10:33:30,70.84,899668,127,卖盘
1270,10:33:33,70.84,63756,9,卖盘
1271,10:33:36,70.84,162932,23,卖盘
1272,10:33:39,70.84,63756,9,卖盘
1273,10:33:42,70.84,14168,2,卖盘
1274,10:33:48,70.84,28336,4,卖盘
1275,10:33:51,70.84,184184,26,卖盘
1276,10:33:54,70.84,35420,5,卖盘
1277,10:33:57,70.84,311696,44,卖盘
1278,10:34:00,70.84,247940,35,卖盘
1279,10:34:03,70.84,255024,36,卖盘
1280,10:34:06,70.84,7084,1,卖盘
1281,10:34:09,70.84,7084,1,卖盘
1282,10:34:12,70.84,177100,25,卖盘
1283,10:34:15,70.84,70840,10,卖盘
1284,10:34:18,70.84,106260,15,卖盘
1285,10:34:21,70.84,14168,2,卖盘
1286,10:34:24,70.84,35420,5,卖盘
1287,10:34:27,70.84,28336,4,卖盘
1288,10:34:30,70.84,28336,4,卖盘
1289,10:34:33,70.84,49588,7,卖盘
1290,10:34:36,70.84,70840,10,卖盘
1291,10:34:39,70.84,70840,10,卖盘
1292,10:34:42,70.84,141680,20,卖盘
1293,10:34:45,70.84,77924,11,卖盘
1294,10:34:48,70.84,63756,9,卖盘
1295,10:34:51,70.84,63756,9,卖盘
1296,10:34:54,70.84,42504,6,卖盘
1297,10:34:57,70.84,28336,4,卖盘
1298,10:35:00,70.84,56672,8,卖盘
1299,10:35:03,70.84,70840,10,卖盘
1300,10:35:06,70.84,106260,15,卖盘
1301,10:35:09,70.84,325864,46,卖盘
1302,10:35:12,70.84,14168,2,卖盘
1303,10:35:15,70.84,28336,4,卖盘
1304,10:35:18,70.84,14168,2,卖盘
1305,10:35:21,70.84,127512,18,卖盘
1306,10:35:24,70.84,106260,15,卖盘
1307,10:35:27,70.84,7084,1,卖盘
1308,10:35:30,70.84,113344,16,卖盘
1309,10:35:33,70.84,77924,11,卖盘
1310,10:35:36,70.84,85008,12,卖盘
1311,10:35:39,70.84,77924,11,卖盘
1312,10:35:42,70.84,127512,18,卖盘
1313,10:35:45,70.84,49588,7,卖盘
1314,10:35:48,70.84,14168,2,卖盘
1315,10:35:51,70.84,14168,2,卖盘
1316,10:35:54,70.84,21252,3,卖盘
1317,10:35:57,70.84,212520,30,卖盘
1318,10:36:03,70.84,396704,56,卖盘
1319,10:36:06,70.84,70840,10,卖盘
1320,10:36:09,70.84,113344,16,卖盘
1321,10:36:12,70.84,63756,9,卖盘
1322,10:36:15,70.84,70840,10,卖盘
1323,10:36:18,70.84,14168,2,卖盘
1324,10:36:24,70.84,63756,9,卖盘
1325,10:36:27,70.84,566720,80,卖盘
1326,10:36:30,70.84,77924,11,卖盘
1327,10:36:33,70.84,56672,8,卖盘
1328,10:36:39,70.84,35420,5,卖盘
1329,10:36:42,70.84,382536,54,卖盘
1330,10:36:45,70.84,28336,4,卖盘
1331,10:36:48,70.84,21252,3,卖盘
1332,10:36:51,70.84,77924,11,卖盘
1333,10:36:54,70.84,42504,6,卖盘
1334,10:36:57,70.84,35420,5,卖盘
1335,10:37:00,70.84,92092,13,卖盘
1336,10:37:03,70.84,21252,3,卖盘
1337,10:37:06,70.84,28336,4,卖盘
1338,10:37:09,70.84,7084,1,卖盘
1339,10:37:12,70.84,49588,7,卖盘
1340,10:37:15,70.84,1090936,154,卖盘
1341,10:37:18,70.84,49588,7,卖盘
1342,10:37:21,70.84,42504,6,卖盘
1343,10:37:24,70.84,42504,6,卖盘
1344,10:37:33,70.84,63756,9,卖盘
1345,10:37:36,70.84,120428,17,卖盘
1346,10:37:39,70.84,332948,47,卖盘
1347,10:37:45,70.84,382536,54,卖盘
1348,10:37:48,70.84,35420,5,卖盘
1349,10:37:51,70.84,7084,1,卖盘
1350,10:37:54,70.84,85008,12,卖盘
1351,10:37:57,70.84,21252,3,卖盘
1352,10:38:00,70.84,28336,4,卖盘
1353,10:38:03,70.84,21252,3,卖盘
1354,10:38:09,70.84,106260,15,卖盘
1355,10:38:12,70.84,56672,8,卖盘
1356,10:38:15,70.84,162932,23,卖盘
1357,10:38:18,70.84,842996,119,卖盘
1358,10:38:21,70.84,99176,14,卖盘
1359,10:38:24,70.84,7084,1,卖盘
1360,10:38:27,70.84,14168,2,卖盘
1361,10:38:30,70.84,134596,19,卖盘
1362,10:38:33,70.84,21252,3,卖盘
1363,10:38:36,70.84,21252,3,卖盘
1364,10:38:39,70.84,77924,11,卖盘
1365,10:38:42,70.84,35420,5,卖盘
1366,10:38:45,70.84,113344,16,卖盘
1367,10:38:48,70.84,127512,18,卖盘
1368,10:38:51,70.84,14168,2,卖盘
1369,10:38:54,70.84,49588,7,卖盘
1370,10:38:57,70.84,127512,18,卖盘
1371,10:39:00,70.84,14168,2,卖盘
1372,10:39:03,70.84,70840,10,卖盘
1373,10:39:06,70.84,35420,5,卖盘
1374,10:39:09,70.84,1282204,181,卖盘
1375,10:39:12,70.84,63756,9,卖盘
1376,10:39:15,70.84,28336,4,卖盘
1377,10:39:18,70.84,538384,76,卖盘
1378,10:39:21,70.84,134596,19,卖盘
1379,10:39:24,70.84,92092,13,卖盘
1380,10:39:27,70.84,276276,39,卖盘
1381,10:39:30,70.84,148764,21,卖盘
1382,10:39:33,70.84,14168,2,卖盘
1383,10:39:36,70.84,14168,2,卖盘
1384,10:39:39,70.84,170016,24,卖盘
1385,10:39:42,70.84,155848,22,卖盘
1386,10:39:45,70.84,580888,82,卖盘
1387,10:39:48,70.84,14168,2,卖盘
1388,10:39:51,70.84,743820,105,卖盘
1389,10:39:54,70.84,63756,9,卖盘
1390,10:39:57,70.84,70840,10,卖盘
1391,10:40:00,70.84,425040,60,卖盘
1392,10:40:03,70.84,62891752,8878,卖盘
1393,10:40:06,70.84,134596,19,卖盘
1394,10:40:09,70.84,630476,89,卖盘
1395,10:40:12,70.84,460460,65,卖盘
1396,10:40:15,70.84,538384,76,卖盘
1397,10:40:18,70.84,212520,30,卖盘
1398,10:40:21,70.84,559636,79,卖盘
1399,10:40:24,70.84,70840,10,卖盘
1400,10:40:27,70.84,21252,3,卖盘
1401,10:40:30,70.84,134596,19,卖盘
1402,10:40:33,70.84,262108,37,卖盘
1403,10:40:36,70.84,49588,7,卖盘
1404,10:40:39,70.84,340032,48,卖盘
1405,10:40:42,70.84,347116,49,卖盘
1406,10:40:45,70.84,127512,18,卖盘
1407,10:40:48,70.84,49588,7,卖盘
1408,10:40:51,70.84,127512,18,卖盘
1409,10:40:54,70.84,283360,40,卖盘
1410,10:40:57,70.84,262108,37,卖盘
1411,10:41:00,70.84,106260,15,卖盘
1412,10:41:03,70.84,219604,31,卖盘
1413,10:41:06,70.84,56672,8,卖盘
1414,10:41:09,70.84,35420,5,卖盘
1415,10:41:12,70.84,340032,48,卖盘
1416,10:41:15,70.84,35420,5,卖盘
1417,10:41:18,70.84,425040,60,卖盘
1418,10:41:21,70.84,99176,14,卖盘
1419,10:41:24,70.84,14168,2,卖盘
1420,10:41:27,70.84,63756,9,卖盘
1421,10:41:30,70.84,425040,60,卖盘
1422,10:41:33,70.84,56672,8,卖盘
1423,10:41:36,70.84,21252,3,卖盘
1424,10:41:39,70.84,184184,26,卖盘
1425,10:41:42,70.84,134596,19,卖盘
1426,10:41:45,70.84,42504,6,卖盘
1427,10:41:48,70.84,42504,6,卖盘
1428,10:41:51,70.84,49588,7,卖盘
1429,10:41:54,70.84,42504,6,卖盘
1430,10:41:57,70.84,42504,6,卖盘
1431,10:42:00,70.84,35420,5,卖盘
1432,10:42:03,70.84,49588,7,卖盘
1433,10:42:06,70.84,35420,5,卖盘
1434,10:42:09,70.84,757988,107,卖盘
1435,10:42:12,70.84,106260,15,卖盘
1436,10:42:15,70.84,35420,5,卖盘
1437,10:42:18,70.84,106260,15,卖盘
1438,10:42:21,70.84,35420,5,卖盘
1439,10:42:24,70.84,92092,13,卖盘
1440,10:42:27,70.84,56672,8,卖盘
1441,10:42:30,70.84,28336,4,卖盘
1442,10:42:33,70.84,49588,7,卖盘
1443,10:42:36,70.84,7084,1,卖盘
1444,10:42:39,70.84,155848,22,卖盘
1445,10:42:42,70.84,177100,25,卖盘
1446,10:42:45,70.84,205436,29,卖盘
1447,10:42:48,70.84,177100,25,卖盘
1448,10:42:51,70.84,7084,1,卖盘
1449,10:42:54,70.84,14168,2,卖盘
1450,10:43:00,70.84,49588,7,卖盘
1451,10:43:03,70.84,1374296,194,卖盘
1452,10:43:06,70.84,7084,1,卖盘
1453,10:43:09,70.84,7084,1,卖盘
1454,10:43:12,70.84,1438052,203,卖盘
1455,10:43:15,70.84,77924,11,卖盘
1456,10:43:18,70.84,14168,2,卖盘
1457,10:43:21,70.84,56672,8,卖盘
1458,10:43:24,70.84,21252,3,卖盘
1459,10:43:27,70.84,70840,10,卖盘
1460,10:43:30,70.84,49588,7,卖盘
1461,10:43:33,70.84,85008,12,卖盘
1462,10:43:36,70.84,99176,14,卖盘
1463,10:43:39,70.84,928004,131,卖盘
1464,10:43:42,70.84,715484,101,卖盘
1465,10:43:45,70.84,14168,2,卖盘
1466,10:43:48,70.84,7084,1,卖盘
1467,10:43:51,70.84,77924,11,卖盘
1468,10:43:54,70.84,2656500,375,卖盘
1469,10:43:57,70.84,85008,12,卖盘
1470,10:44:00,70.84,77924,11,卖盘
1471,10:44:03,70.84,28336,4,卖盘
1472,10:44:06,70.84,99176,14,卖盘
1473,10:44:09,70.84,134596,19,卖盘
1474,10:44:12,70.84,155848,22,卖盘
1475,10:44:15,70.84,42504,6,卖盘
1476,10:44:18,70.84,935088,132,卖盘
1477,10:44:21,70.84,70840,10,卖盘
1478,10:44:24,70.84,63756,9,卖盘
1479,10:44:36,70.84,120428,17,卖盘
1480,10:44:39,70.84,42504,6,卖盘
1481,10:44:42,70.84,70840,10,卖盘
1482,10:44:45,70.84,21252,3,卖盘
1483,10:44:48,70.84,49588,7,卖盘
1484,10:44:51,70.84,127512,18,卖盘
1485,10:44:54,70.84,113344,16,卖盘
1486,10:44:57,70.84,21252,3,卖盘
1487,10:45:00,70.84,56672,8,卖盘
1488,10:45:06,70.84,35420,5,卖盘
1489,10:45:09,70.84,7084,1,卖盘
1490,10:45:12,70.84,970508,137,卖盘
1491,10:45:15,70.84,77924,11,卖盘
1492,10:45:18,70.84,42504,6,卖盘
1493,10:45:21,70.84,14168,2,卖盘
1494,10:45:24,70.84,49588,7,卖盘
1495,10:45:27,70.84,92092,13,卖盘
1496,10:45:30,70.84,474628,67,卖盘
1497,10:45:33,70.84,85008,12,卖盘
1498,10:45:36,70.84,191268,27,卖盘
1499,10:45:39,70.84,276276,39,卖盘
1500,10:45:42,70.84,7084,1,卖盘
1501,10:45:45,70.84,113344,16,卖盘
1502,10:45:48,70.84,42504,6,卖盘
1503,10:45:54,70.84,120428,17,卖盘
1504,10:45:57,70.84,21252,3,卖盘
1505,10:46:00,70.84,14168,2,卖盘
1506,10:46:06,70.84,14168,2,卖盘
1507,10:46:09,70.84,7084,1,卖盘
1508,10:46:12,70.84,42504,6,卖盘
1509,10:46:15,70.84,21252,3,卖盘
1510,10:46:18,70.84,42504,6,卖盘
1511,10:46:21,70.84,99176,14,卖盘
1512,10:46:24,70.84,77924,11,卖盘
1513,10:46:27,70.84,191268,27,卖盘
1514,10:46:30,70.84,148764,21,卖盘
1515,10:46:33,70.84,35420,5,卖盘
1516,10:46:36,70.84,63756,9,卖盘
1517,10:46:39,70.84,49588,7,卖盘
1518,10:46:42,70.84,49588,7,卖盘
1519,10:46:45,70.84,70840,10,卖盘
1520,10:46:48,70.84,85008,12,卖盘
1521,10:46:51,70.84,233772,33,卖盘
1522,10:46:54,70.84,49588,7,卖盘
1523,10:46:57,70.84,56672,8,卖盘
1524,10:47:00,70.84,21252,3,卖盘
1525,10:47:03,70.84,28336,4,卖盘
1526,10:47:06,70.84,127512,18,卖盘
1527,10:47:09,70.84,28336,4,卖盘
1528,10:47:12,70.84,49588,7,卖盘
1529,10:47:15,70.84,205436,29,卖盘
1530,10:47:18,70.84,99176,14,卖盘
1531,10:47:21,70.84,106260,15,卖盘
1532,10:47:24,70.84,42504,6,卖盘
1533,10:47:30,70.84,28336,4,卖盘
1534,10:47:33,70.84,85008,12,卖盘
1535,10:47:36,70.84,85008,12,卖盘
1536,10:47:39,70.84,56672,8,卖盘
1537,10:47:42,70.84,212520,30,卖盘
1538,10:47:45,70.84,35420,5,卖盘
1539,10:47:48,70.84,28336,4,卖盘
1540,10:47:54,70.84,672980,95,卖盘
1541,10:47:57,70.84,85008,12,卖盘
1542,10:48:00,70.84,14168,2,卖盘
1543,10:48:03,70.84,70840,10,卖盘
1544,10:48:06,70.84,77924,11,卖盘
1545,10:48:09,70.84,219604,31,卖盘
1546,10:48:12,70.84,63756,9,卖盘
1547,10:48:15,70.84,14168,2,卖盘
1548,10:48:18,70.84,141680,20,卖盘
1549,10:48:21,70.84,70840,10,卖盘
1550,10:48:30,70.84,42504,6,卖盘
1551,10:48:33,70.84,99176,14,卖盘
1552,10:48:36,70.84,283360,40,卖盘
1553,10:48:39,70.84,141680,20,卖盘
1554,10:48:42,70.84,77924,11,卖盘
1555,10:48:48,70.84,7084,1,卖盘
1556,10:48:51,70.84,14168,2,卖盘
1557,10:48:54,70.84,127512,18,卖盘
1558,10:48:57,70.84,807576,114,卖盘
1559,10:49:00,70.84,141680,20,卖盘
1560,10:49:03,70.84,7084,1,卖盘
1561,10:49:06,70.84,92092,13,卖盘
1562,10:49:09,70.84,7084,1,卖盘
1563,10:49:15,70.84,42504,6,卖盘
1564,10:49:18,70.84,14168,2,卖盘
1565,10:49:24,70.84,148764,21,卖盘
1566,10:49:27,70.84,255024,36,卖盘
1567,10:49:30,70.84,14168,2,卖盘
1568,10:49:33,70.84,42504,6,卖盘
1569,10:49:36,70.84,14168,2,卖盘
1570,10:49:39,70.84,85008,12,卖盘
1571,10:49:42,70.84,113344,16,卖盘
1572,10:49:45,70.84,21252,3,卖盘
1573,10:49:48,70.84,1898512,268,卖盘
1574,10:49:54,70.84,1055516,149,卖盘
1575,10:50:00,70.84,7084,1,卖盘
1576,10:50:03,70.84,106260,15,卖盘
1577,10:50:06,70.84,7084,1,卖盘
1578,10:50:09,70.84,70840,10,卖盘
1579,10:50:12,70.84,7084,1,卖盘
1580,10:50:15,70.84,49588,7,卖盘
1581,10:50:18,70.84,85008,12,卖盘
1582,10:50:21,70.84,28336,4,卖盘
1583,10:50:24,70.84,56672,8,卖盘
1584,10:50:27,70.84,77924,11,卖盘
1585,10:50:30,70.84,7084,1,卖盘
1586,10:50:33,70.84,106260,15,卖盘
1587,10:50:36,70.84,283360,40,卖盘
1588,10:50:39,70.84,106260,15,卖盘
1589,10:50:42,70.84,14168,2,卖盘
1590,10:50:48,70.84,7084,1,卖盘
1591,10:50:51,70.84,7084,1,卖盘
1592,10:50:54,70.84,240856,34,卖盘
1593,10:50:57,70.84,21252,3,卖盘
1594,10:51:00,70.84,49588,7,卖盘
1595,10:51:03,70.84,49588,7,卖盘
1596,10:51:09,70.84,14168,2,卖盘
1597,10:51:12,70.84,35420,5,卖盘
1598,10:51:15,70.84,14168,2,卖盘
1599,10:51:18,70.84,21252,3,卖盘
1600,10:51:21,70.84,7084,1,卖盘
1601,10:51:24,70.84,21252,3,卖盘
1602,10:51:27,70.84,42504,6,卖盘
1603,10:51:30,70.84,14168,2,卖盘
1604,10:51:33,70.84,42504,6,卖盘
1605,10:51:36,70.84,127512,18,卖盘
1606,10:51:39,70.84,7084,1,卖盘
1607,10:51:42,70.84,28336,4,卖盘
1608,10:51:45,70.84,7084,1,卖盘
1609,10:51:48,70.84,141680,20,卖盘
1610,10:51:51,70.84,28336,4,卖盘
1611,10:51:54,70.84,77924,11,卖盘
1612,10:51:57,70.84,233772,33,卖盘
1613,10:52:00,70.84,14168,2,卖盘
1614,10:52:03,70.84,21252,3,卖盘
1615,10:52:06,70.84,7084,1,卖盘
1616,10:52:09,70.84,21252,3,卖盘
1617,10:52:12,70.84,92092,13,卖盘
1618,10:52:15,70.84,283360,40,卖盘
1619,10:52:18,70.84,42504,6,卖盘
1620,10:52:21,70.84,7084,1,卖盘
1621,10:52:24,70.84,85008,12,卖盘
1622,10:52:27,70.84,7084,1,卖盘
1623,10:52:30,70.84,14168,2,卖盘
1624,10:52:33,70.84,28336,4,卖盘
1625,10:52:36,70.84,49588,7,卖盘
1626,10:52:39,70.84,262108,37,卖盘
1627,10:52:45,70.84,28336,4,卖盘
1628,10:52:48,70.84,77924,11,卖盘
1629,10:52:51,70.84,113344,16,卖盘
1630,10:52:57,70.84,49588,7,卖盘
1631,10:53:00,70.84,14168,2,卖盘
1632,10:53:03,70.84,49588,7,卖盘
1633,10:53:06,70.84,70840,10,卖盘
1634,10:53:09,70.84,14168,2,卖盘
1635,10:53:12,70.84,56672,8,卖盘
1636,10:53:18,70.84,92092,13,卖盘
1637,10:53:21,70.84,205436,29,卖盘
1638,10:53:24,70.84,70840,10,卖盘
1639,10:53:30,70.84,106260,15,卖盘
1640,10:53:36,70.84,77924,11,卖盘
1641,10:53:39,70.84,49588,7,卖盘
1642,10:53:42,70.84,14168,2,卖盘
1643,10:53:45,70.84,42504,6,卖盘
1644,10:53:48,70.84,42504,6,卖盘
1645,10:53:51,70.84,99176,14,卖盘
1646,10:53:54,70.84,106260,15,卖盘
1647,10:53:57,70.84,7084,1,卖盘
1648,10:54:00,70.84,120428,17,卖盘
1649,10:54:03,70.84,49588,7,卖盘
1650,10:54:09,70.84,14168,2,卖盘
1651,10:54:15,70.84,155848,22,卖盘
1652,10:54:18,70.84,21252,3,卖盘
1653,10:54:21,70.84,92092,13,卖盘
1654,10:54:24,70.84,56672,8,卖盘
1655,10:54:27,70.84,120428,17,卖盘
1656,10:54:30,70.84,49588,7,卖盘
1657,10:54:33,70.84,35420,5,卖盘
1658,10:54:36,70.84,56672,8,卖盘
1659,10:54:39,70.84,28336,4,卖盘
1660,10:54:42,70.84,77924,11,卖盘
1661,10:54:45,70.84,14168,2,卖盘
1662,10:54:51,70.84,14168,2,卖盘
1663,10:54:54,70.84,665896,94,卖盘
1664,10:54:57,70.84,127512,18,卖盘
1665,10:55:00,70.84,7084,1,卖盘
1666,10:55:03,70.84,42504,6,卖盘
1667,10:55:09,70.84,70840,10,卖盘
1668,10:55:12,70.84,1367212,193,卖盘
1669,10:55:15,70.84,14168,2,卖盘
1670,10:55:18,70.84,49588,7,卖盘
1671,10:55:21,70.84,14168,2,卖盘
1672,10:55:24,70.84,7084,1,卖盘
1673,10:55:27,70.84,70840,10,卖盘
1674,10:55:30,70.84,42504,6,卖盘
1675,10:55:33,70.84,35420,5,卖盘
1676,10:55:36,70.84,148764,21,卖盘
1677,10:55:39,70.84,14168,2,卖盘
1678,10:55:42,70.84,42504,6,卖盘
1679,10:55:45,70.84,7084,1,卖盘
1680,10:55:48,70.84,92092,13,卖盘
1681,10:55:51,70.84,162932,23,卖盘
1682,10:55:54,70.84,21252,3,卖盘
1683,10:56:00,70.84,7084,1,卖盘
1684,10:56:09,70.84,42504,6,卖盘
1685,10:56:12,70.84,7084,1,卖盘
1686,10:56:15,70.84,28336,4,卖盘
1687,10:56:18,70.84,14168,2,卖盘
1688,10:56:24,70.84,35420,5,卖盘
1689,10:56:27,70.84,21252,3,卖盘
1690,10:56:30,70.84,1112188,157,卖盘
1691,10:56:33,70.84,42504,6,卖盘
1692,10:56:36,70.84,35420,5,卖盘
1693,10:56:39,70.84,14168,2,卖盘
1694,10:56:42,70.84,14168,2,卖盘
1695,10:56:45,70.84,21252,3,卖盘
1696,10:56:48,70.84,28336,4,卖盘
1697,10:56:51,70.84,70840,10,卖盘
1698,10:56:57,70.84,7084,1,卖盘
1699,10:57:00,70.84,14168,2,卖盘
1700,10:57:03,70.84,7084,1,卖盘
1701,10:57:06,70.84,297528,42,卖盘
1702,10:57:12,70.84,1962268,277,卖盘
1703,10:57:18,70.84,28194,4,卖盘
1704,10:57:21,70.84,14168,2,卖盘
1705,10:57:27,70.84,28336,4,卖盘
1706,10:57:30,70.84,7084,1,卖盘
1707,10:57:33,70.84,28336,4,卖盘
1708,10:57:39,70.84,134596,19,卖盘
1709,10:57:45,70.84,7084,1,卖盘
1710,10:57:48,70.84,439208,62,卖盘
1711,10:57:54,70.84,28336,4,卖盘
1712,10:58:00,70.84,14168,2,卖盘
1713,10:58:03,70.84,35420,5,卖盘
1714,10:58:06,70.84,14168,2,卖盘
1715,10:58:09,70.84,21252,3,卖盘
1716,10:58:12,70.84,42504,6,卖盘
1717,10:58:15,70.84,35420,5,卖盘
1718,10:58:21,70.84,35420,5,卖盘
1719,10:58:24,70.84,14168,2,卖盘
1720,10:58:27,70.84,141680,20,卖盘
1721,10:58:30,70.84,141680,20,卖盘
1722,10:58:33,70.84,28336,4,卖盘
1723,10:58:36,70.84,14168,2,卖盘
1724,10:58:39,70.84,191268,27,卖盘
1725,10:58:45,70.84,106260,15,卖盘
1726,10:58:51,70.84,85008,12,卖盘
1727,10:58:54,70.84,106260,15,卖盘
1728,10:58:57,70.84,21252,3,卖盘
1729,10:59:06,70.84,410872,58,卖盘
1730,10:59:09,70.84,70840,10,卖盘
1731,10:59:18,70.84,7084,1,卖盘
1732,10:59:21,70.84,148764,21,卖盘
1733,10:59:24,70.84,99176,14,卖盘
1734,10:59:30,70.84,7084,1,卖盘
1735,10:59:33,70.84,42504,6,卖盘
1736,10:59:36,70.84,92092,13,卖盘
1737,10:59:39,70.84,14168,2,卖盘
1738,10:59:42,70.84,46046,7,卖盘
1739,10:59:45,70.84,85008,12,卖盘
1740,10:59:48,70.84,7084,1,卖盘
1741,10:59:51,70.84,1423884,201,卖盘
1742,10:59:54,70.84,7084,1,卖盘
1743,10:59:57,70.84,70840,10,卖盘
1744,11:00:00,70.84,233772,33,卖盘
1745,11:00:03,70.84,14168,2,卖盘
1746,11:00:06,70.84,21252,3,卖盘
1747,11:00:09,70.84,77924,11,卖盘
1748,11:00:12,70.84,21252,3,卖盘
1749,11:00:15,70.84,35420,5,卖盘
1750,11:00:18,70.84,170016,24,卖盘
1751,11:00:24,70.84,7084,1,卖盘
1752,11:00:27,70.84,35420,5,卖盘
1753,11:00:30,70.84,85008,12,卖盘
1754,11:00:33,70.84,155848,22,卖盘
1755,11:00:39,70.84,21252,3,卖盘
1756,11:00:48,70.84,49588,7,卖盘
1757,11:00:51,70.84,14168,2,卖盘
1758,11:00:54,70.84,49588,7,卖盘
1759,11:00:57,70.84,77924,11,卖盘
1760,11:01:00,70.84,113344,16,卖盘
1761,11:01:03,70.84,70840,10,卖盘
1762,11:01:09,70.84,7084,1,卖盘
1763,11:01:12,70.84,510048,72,卖盘
1764,11:01:15,70.84,396704,56,卖盘
1765,11:01:18,70.84,7084,1,卖盘
1766,11:01:21,70.84,70840,10,卖盘
1767,11:01:24,70.84,14168,2,卖盘
1768,11:01:30,70.84,524216,74,卖盘
1769,11:01:33,70.84,70840,10,卖盘
1770,11:01:36,70.84,14168,2,卖盘
1771,11:01:39,70.84,35420,5,卖盘
1772,11:01:42,70.84,7084,1,卖盘
1773,11:01:45,70.84,708400,100,卖盘
1774,11:01:48,70.84,7084,1,卖盘
1775,11:01:51,70.84,77924,11,卖盘
1776,11:01:57,70.84,63756,9,卖盘
1777,11:02:03,70.84,14168,2,卖盘
1778,11:02:06,70.84,7084,1,卖盘
1779,11:02:09,70.84,7084,1,卖盘
1780,11:02:12,70.84,92092,13,卖盘
1781,11:02:15,70.84,262108,37,卖盘
1782,11:02:18,70.84,21252,3,卖盘
1783,11:02:21,70.84,85008,12,卖盘
1784,11:02:27,70.84,49588,7,卖盘
1785,11:02:36,70.84,7084,1,卖盘
1786,11:02:39,70.84,77924,11,卖盘
1787,11:02:42,70.84,21252,3,卖盘
1788,11:02:45,70.84,7084,1,卖盘
1789,11:02:48,70.84,21252,3,卖盘
1790,11:02:51,70.84,247940,35,卖盘
1791,11:02:54,70.84,42504,6,卖盘
1792,11:02:57,70.84,42504,6,卖盘
1793,11:03:00,70.84,21252,3,卖盘
1794,11:03:03,70.84,77924,11,卖盘
1795,11:03:06,70.84,7084,1,卖盘
1796,11:03:09,70.84,14168,2,卖盘
1797,11:03:12,70.84,21252,3,卖盘
1798,11:03:18,70.84,92092,13,卖盘
1799,11:03:21,70.84,28336,4,卖盘
1800,11:03:24,70.84,42504,6,卖盘
1801,11:03:30,70.84,56672,8,卖盘
1802,11:03:33,70.84,184184,26,卖盘
1803,11:03:36,70.84,495880,70,卖盘
1804,11:03:39,70.84,141680,20,卖盘
1805,11:03:42,70.84,1537228,217,卖盘
1806,11:03:48,70.84,14168,2,卖盘
1807,11:03:51,70.84,7084,1,卖盘
1808,11:03:54,70.84,14168,2,卖盘
1809,11:03:57,70.84,85008,12,卖盘
1810,11:04:00,70.84,21252,3,卖盘
1811,11:04:03,70.84,70840,10,卖盘
1812,11:04:09,70.84,205436,29,卖盘
1813,11:04:12,70.84,113344,16,卖盘
1814,11:04:15,70.84,474628,67,卖盘
1815,11:04:18,70.84,18517576,2614,卖盘
1816,11:04:21,70.84,35420,5,卖盘
1817,11:04:24,70.84,63756,9,卖盘
1818,11:04:27,70.84,35575848,5022,卖盘
1819,11:04:30,70.84,1402632,198,卖盘
1820,11:04:33,70.84,77924,11,卖盘
1821,11:04:36,70.84,120428,17,卖盘
1822,11:04:42,70.84,226688,32,卖盘
1823,11:04:45,70.84,28336,4,卖盘
1824,11:04:48,70.84,290444,41,卖盘
1825,11:04:51,70.84,332948,47,卖盘
1826,11:04:54,70.84,77924,11,卖盘
1827,11:04:57,70.84,1218448,172,卖盘
1828,11:05:00,70.84,35420,5,卖盘
1829,11:05:03,70.84,21252,3,卖盘
1830,11:05:06,70.84,226688,32,卖盘
1831,11:05:09,70.84,3102792,438,卖盘
1832,11:05:12,70.84,56672,8,卖盘
1833,11:05:15,70.84,517132,73,卖盘
1834,11:05:18,70.84,85008,12,卖盘
1835,11:05:21,70.84,354200,50,卖盘
1836,11:05:24,70.84,63756,9,卖盘
1837,11:05:27,70.84,21252,3,卖盘
1838,11:05:30,70.84,240856,34,卖盘
1839,11:05:33,70.84,77924,11,卖盘
1840,11:05:36,70.84,510048,72,卖盘
1841,11:05:39,70.84,226688,32,卖盘
1842,11:05:42,70.84,106260,15,卖盘
1843,11:05:45,70.84,134596,19,卖盘
1844,11:05:48,70.84,7084,1,卖盘
1845,11:05:51,70.84,113344,16,卖盘
1846,11:05:54,70.84,70840,10,卖盘
1847,11:06:00,70.84,297528,42,卖盘
1848,11:06:03,70.84,134596,19,卖盘
1849,11:06:06,70.84,14168,2,卖盘
1850,11:06:09,70.84,212520,30,卖盘
1851,11:06:15,70.84,92092,13,卖盘
1852,11:06:18,70.84,35420,5,卖盘
1853,11:06:21,70.84,382536,54,卖盘
1854,11:06:24,70.84,56672,8,卖盘
1855,11:06:27,70.84,70840,10,卖盘
1856,11:06:30,70.84,28336,4,卖盘
1857,11:06:33,70.84,141680,20,卖盘
1858,11:06:36,70.84,106260,15,卖盘
1859,11:06:39,70.84,28336,4,卖盘
1860,11:06:42,70.84,85008,12,卖盘
1861,11:06:45,70.84,85008,12,卖盘
1862,11:06:48,70.84,63756,9,卖盘
1863,11:06:51,70.84,28336,4,卖盘
1864,11:06:57,70.84,99176,14,卖盘
1865,11:07:03,70.84,410872,58,卖盘
1866,11:07:06,70.84,85008,12,卖盘
1867,11:07:09,70.84,148764,21,卖盘
1868,11:07:12,70.84,28336,4,卖盘
1869,11:07:15,70.84,92092,13,卖盘
1870,11:07:18,70.84,7084,1,卖盘
1871,11:07:21,70.84,42504,6,卖盘
1872,11:07:24,70.84,35420,5,卖盘
1873,11:07:27,70.84,240856,34,卖盘
1874,11:07:30,70.84,49588,7,卖盘
1875,11:07:33,70.84,162932,23,卖盘
1876,11:07:36,70.84,7084,1,卖盘
1877,11:07:42,70.84,35420,5,卖盘
1878,11:07:45,70.84,28336,4,卖盘
1879,11:07:51,70.84,247940,35,卖盘
1880,11:07:54,70.84,233772,33,卖盘
1881,11:07:57,70.84,269192,38,卖盘
1882,11:08:03,70.84,14168,2,卖盘
1883,11:08:06,70.84,14168,2,卖盘
1884,11:08:09,70.84,56672,8,卖盘
1885,11:08:12,70.84,56672,8,卖盘
1886,11:08:15,70.84,7084,1,卖盘
1887,11:08:18,70.84,85008,12,卖盘
1888,11:08:21,70.84,35420,5,卖盘
1889,11:08:24,70.84,35420,5,卖盘
1890,11:08:27,70.84,7084,1,卖盘
1891,11:08:30,70.84,141680,20,卖盘
1892,11:08:36,70.84,7084,1,卖盘
1893,11:08:39,70.84,219604,31,卖盘
1894,11:08:42,70.84,127512,18,卖盘
1895,11:08:45,70.84,42504,6,卖盘
1896,11:08:51,70.84,715484,101,卖盘
1897,11:08:54,70.84,14168,2,卖盘
1898,11:08:57,70.84,28336,4,卖盘
1899,11:09:03,70.84,127512,18,卖盘
1900,11:09:06,70.84,127512,18,卖盘
1901,11:09:09,70.84,127512,18,卖盘
1902,11:09:12,70.84,14168,2,卖盘
1903,11:09:15,70.84,28336,4,卖盘
1904,11:09:18,70.84,56672,8,卖盘
1905,11:09:21,70.84,14168,2,卖盘
1906,11:09:24,70.84,35420,5,卖盘
1907,11:09:27,70.84,42504,6,卖盘
1908,11:09:33,70.84,77924,11,卖盘
1909,11:09:36,70.84,35420,5,卖盘
1910,11:09:39,70.84,453376,64,卖盘
1911,11:09:42,70.84,35420,5,卖盘
1912,11:09:45,70.84,28336,4,卖盘
1913,11:09:48,70.84,162932,23,卖盘
1914,11:09:51,70.84,35420,5,卖盘
1915,11:09:54,70.84,7084,1,卖盘
1916,11:09:57,70.84,21252,3,卖盘
1917,11:10:00,70.84,7084,1,卖盘
1918,11:10:03,70.84,35420,5,卖盘
1919,11:10:09,70.84,49588,7,卖盘
1920,11:10:12,70.84,240856,34,卖盘
1921,11:10:15,70.84,21252,3,卖盘
1922,11:10:18,70.84,7084,1,卖盘
1923,11:10:21,70.84,28336,4,卖盘
1924,11:10:24,70.84,28336,4,卖盘
1925,11:10:27,70.84,7084,1,卖盘
1926,11:10:30,70.84,21252,3,卖盘
1927,11:10:33,70.84,410872,58,卖盘
1928,11:10:36,70.84,28336,4,卖盘
1929,11:10:39,70.84,92092,13,卖盘
1930,11:10:42,70.84,7084,1,卖盘
1931,11:10:45,70.84,7084,1,卖盘
1932,11:10:51,70.84,21252,3,卖盘
1933,11:10:54,70.84,42504,6,卖盘
1934,11:10:57,70.84,28336,4,卖盘
1935,11:11:00,70.84,7084,1,卖盘
1936,11:11:03,70.84,7084,1,卖盘
1937,11:11:06,70.84,7084,1,卖盘
1938,11:11:09,70.84,85008,12,卖盘
1939,11:11:12,70.84,7084,1,卖盘
1940,11:11:15,70.84,7084,1,卖盘
1941,11:11:21,70.84,21252,3,卖盘
1942,11:11:24,70.84,7084,1,卖盘
1943,11:11:27,70.84,106260,15,卖盘
1944,11:11:30,70.84,127512,18,卖盘
1945,11:11:33,70.84,7084,1,卖盘
1946,11:11:42,70.84,70840,10,卖盘
1947,11:11:45,70.84,361284,51,卖盘
1948,11:11:54,70.84,113344,16,卖盘
1949,11:11:57,70.84,177100,25,卖盘
1950,11:12:00,70.84,7084,1,卖盘
1951,11:12:03,70.84,35420,5,卖盘
1952,11:12:06,70.84,205436,29,卖盘
1953,11:12:09,70.84,28336,4,卖盘
1954,11:12:12,70.84,21252,3,卖盘
1955,11:12:15,70.84,21252,3,卖盘
1956,11:12:18,70.84,28336,4,卖盘
1957,11:12:21,70.84,21252,3,卖盘
1958,11:12:27,70.84,21252,3,卖盘
1959,11:12:30,70.84,28336,4,卖盘
1960,11:12:33,70.84,7084,1,卖盘
1961,11:12:36,70.84,21252,3,卖盘
1962,11:12:39,70.84,70840,10,卖盘
1963,11:12:42,70.84,63756,9,卖盘
1964,11:12:45,70.84,28336,4,卖盘
1965,11:12:48,70.84,14168,2,卖盘
1966,11:12:51,70.84,14168,2,卖盘
1967,11:12:54,70.84,361284,51,卖盘
1968,11:13:03,70.84,269192,38,卖盘
1969,11:13:09,70.84,14168,2,卖盘
1970,11:13:12,70.84,219604,31,卖盘
1971,11:13:15,70.84,28336,4,卖盘
1972,11:13:18,70.84,85008,12,卖盘
1973,11:13:21,70.84,35420,5,卖盘
1974,11:13:24,70.84,42504,6,卖盘
1975,11:13:27,70.84,290444,41,卖盘
1976,11:13:30,70.84,28336,4,卖盘
1977,11:13:36,70.84,14168,2,卖盘
1978,11:13:39,70.84,49588,7,卖盘
1979,11:13:45,70.84,14168,2,卖盘
1980,11:13:48,70.84,70840,10,卖盘
1981,11:13:51,70.84,14168,2,卖盘
1982,11:13:54,70.84,42504,6,卖盘
1983,11:14:00,70.84,7084,1,卖盘
1984,11:14:03,70.84,7084,1,卖盘
1985,11:14:06,70.84,141680,20,卖盘
1986,11:14:09,70.84,7084,1,卖盘
1987,11:14:12,70.84,7084,1,卖盘
1988,11:14:15,70.84,21252,3,卖盘
1989,11:14:18,70.84,7084,1,卖盘
1990,11:14:27,70.84,7084,1,卖盘
1991,11:14:30,70.84,347116,49,卖盘
1992,11:14:33,70.84,14168,2,卖盘
1993,11:14:36,70.84,63756,9,卖盘
1994,11:14:39,70.84,28336,4,卖盘
1995,11:14:42,70.84,7084,1,卖盘
1996,11:14:45,70.84,35420,5,卖盘
1997,11:14:48,70.84,106260,15,卖盘
1998,11:14:54,70.84,21252,3,卖盘
1999,11:14:57,70.84,106260,15,卖盘
2000,11:15:00,70.84,14168,2,卖盘
2001,11:15:03,70.84,56672,8,卖盘
2002,11:15:12,70.84,7084,1,卖盘
2003,11:15:15,70.84,134596,19,卖盘
2004,11:15:18,70.84,155848,22,卖盘
2005,11:15:21,70.84,14168,2,卖盘
2006,11:15:24,70.84,49588,7,卖盘
2007,11:15:27,70.84,7084,1,卖盘
2008,11:15:45,70.84,14168,2,卖盘
2009,11:15:48,70.84,14168,2,卖盘
2010,11:15:54,70.84,99176,14,卖盘
2011,11:15:57,70.84,70840,10,卖盘
2012,11:16:00,70.84,42504,6,卖盘
2013,11:16:03,70.84,56672,8,卖盘
2014,11:16:06,70.84,155848,22,卖盘
2015,11:16:12,70.84,70840,10,卖盘
2016,11:16:15,70.84,28336,4,卖盘
2017,11:16:18,70.84,35420,5,卖盘
2018,11:16:21,70.84,113344,16,卖盘
2019,11:16:24,70.84,7084,1,卖盘
2020,11:16:30,70.84,7084,1,卖盘
2021,11:16:33,70.84,7084,1,卖盘
2022,11:16:36,70.84,7084,1,卖盘
2023,11:16:39,70.84,85008,12,卖盘
2024,11:16:51,70.84,127512,18,卖盘
2025,11:16:54,70.84,77924,11,卖盘
2026,11:16:57,70.84,7084,1,卖盘
2027,11:17:00,70.84,7084,1,卖盘
2028,11:17:03,70.84,113344,16,卖盘
2029,11:17:06,70.84,99176,14,卖盘
2030,11:17:09,70.84,21252,3,卖盘
2031,11:17:12,70.84,127512,18,卖盘
2032,11:17:24,70.84,21252,3,卖盘
2033,11:17:27,70.84,35420,5,卖盘
2034,11:17:30,70.84,7084,1,卖盘
2035,11:17:36,70.84,7084,1,卖盘
2036,11:17:39,70.84,22669,3,卖盘
2037,11:17:42,70.84,70840,10,卖盘
2038,11:17:45,70.84,35420,5,卖盘
2039,11:17:48,70.84,21252,3,卖盘
2040,11:17:51,70.84,120428,17,卖盘
2041,11:17:54,70.84,28336,4,卖盘
2042,11:17:57,70.84,7084,1,卖盘
2043,11:18:00,70.84,7084,1,卖盘
2044,11:18:03,70.84,184184,26,卖盘
2045,11:18:06,70.84,7084,1,卖盘
2046,11:18:09,70.84,77924,11,卖盘
2047,11:18:12,70.84,14168,2,卖盘
2048,11:18:15,70.84,42504,6,卖盘
2049,11:18:21,70.84,7084,1,卖盘
2050,11:18:24,70.84,7084,1,卖盘
2051,11:18:27,70.84,7084,1,卖盘
2052,11:18:30,70.84,21252,3,卖盘
2053,11:18:33,70.84,7084,1,卖盘
2054,11:18:39,70.84,92092,13,卖盘
2055,11:18:42,70.84,28336,4,卖盘
2056,11:18:45,70.84,7084,1,卖盘
2057,11:18:57,70.84,7084,1,卖盘
2058,11:19:00,70.84,7084,1,卖盘
2059,11:19:06,70.84,7084,1,卖盘
2060,11:19:09,70.84,42504,6,卖盘
2061,11:19:12,70.84,28336,4,卖盘
2062,11:19:18,70.84,35420,5,卖盘
2063,11:19:21,70.84,14168,2,卖盘
2064,11:19:24,70.84,304612,43,卖盘
2065,11:19:27,70.84,28336,4,卖盘
2066,11:19:30,70.84,354200,50,卖盘
2067,11:19:36,70.84,92092,13,卖盘
2068,11:19:39,70.84,14168,2,卖盘
2069,11:19:42,70.84,21252,3,卖盘
2070,11:19:45,70.84,155848,22,卖盘
2071,11:19:51,70.84,7084,1,卖盘
2072,11:19:54,70.84,7084,1,卖盘
2073,11:19:57,70.84,14168,2,卖盘
2074,11:20:00,70.84,7084,1,卖盘
2075,11:20:03,70.84,7084,1,卖盘
2076,11:20:06,70.84,212520,30,卖盘
2077,11:20:09,70.84,21252,3,卖盘
2078,11:20:12,70.84,70840,10,卖盘
2079,11:20:15,70.84,70840,10,卖盘
2080,11:20:18,70.84,77924,11,卖盘
2081,11:20:21,70.84,474628,67,卖盘
2082,11:20:24,70.84,304612,43,卖盘
2083,11:20:27,70.84,14168,2,卖盘
2084,11:20:30,70.84,14168,2,卖盘
2085,11:20:36,70.84,170016,24,卖盘
2086,11:20:39,70.84,85008,12,卖盘
2087,11:20:42,70.84,1345960,190,卖盘
2088,11:20:45,70.84,141680,20,卖盘
2089,11:20:51,70.84,7084,1,卖盘
2090,11:20:57,70.84,42504,6,卖盘
2091,11:21:00,70.84,35420,5,卖盘
2092,11:21:06,70.84,42504,6,卖盘
2093,11:21:09,70.84,14168,2,卖盘
2094,11:21:12,70.84,7084,1,卖盘
2095,11:21:15,70.84,7084,1,卖盘
2096,11:21:21,70.84,14168,2,卖盘
2097,11:21:24,70.84,7084,1,卖盘
2098,11:21:27,70.84,7084,1,卖盘
2099,11:21:30,70.84,14168,2,卖盘
2100,11:21:36,70.84,28336,4,卖盘
2101,11:21:39,70.84,141680,20,卖盘
2102,11:21:42,70.84,7084,1,卖盘
2103,11:21:48,70.84,70840,10,卖盘
2104,11:21:51,70.84,49588,7,卖盘
2105,11:21:54,70.84,35420,5,卖盘
2106,11:22:00,70.84,14168,2,卖盘
2107,11:22:15,70.84,77924,11,卖盘
2108,11:22:21,70.84,7084,1,卖盘
2109,11:22:24,70.84,35420,5,卖盘
2110,11:22:27,70.84,56672,8,卖盘
2111,11:22:30,70.84,92092,13,卖盘
2112,11:22:33,70.84,77924,11,卖盘
2113,11:22:36,70.84,7084,1,卖盘
2114,11:22:39,70.84,35420,5,卖盘
2115,11:22:42,70.84,7084,1,卖盘
2116,11:22:48,70.84,7084,1,卖盘
2117,11:22:51,70.84,7084,1,卖盘
2118,11:22:57,70.84,7084,1,卖盘
2119,11:23:00,70.84,21252,3,卖盘
2120,11:23:03,70.84,7084,1,卖盘
2121,11:23:06,70.84,56672,8,卖盘
2122,11:23:12,70.84,7084,1,卖盘
2123,11:23:15,70.84,14168,2,卖盘
2124,11:23:18,70.84,49588,7,卖盘
2125,11:23:21,70.84,14168,2,卖盘
2126,11:23:27,70.84,21252,3,卖盘
2127,11:23:30,70.84,7084,1,卖盘
2128,11:23:36,70.84,120428,17,卖盘
2129,11:23:45,70.84,28336,4,卖盘
2130,11:23:48,70.84,70840,10,卖盘
2131,11:23:51,70.84,42504,6,卖盘
2132,11:23:54,70.84,70840,10,卖盘
2133,11:24:03,70.84,1423884,201,卖盘
2134,11:24:06,70.84,14168,2,卖盘
2135,11:24:09,70.84,7084,1,卖盘
2136,11:24:12,70.84,14168,2,卖盘
2137,11:24:15,70.84,14168,2,卖盘
2138,11:24:18,70.84,14168,2,卖盘
2139,11:24:24,70.84,14168,2,卖盘
2140,11:24:30,70.84,56672,8,卖盘
2141,11:24:33,70.84,21252,3,卖盘
2142,11:24:36,70.84,14168,2,卖盘
2143,11:24:42,70.84,354200,50,卖盘
2144,11:24:45,70.84,14168,2,卖盘
2145,11:24:51,70.84,7084,1,卖盘
2146,11:24:54,70.84,7084,1,卖盘
2147,11:24:57,70.84,318780,45,卖盘
2148,11:25:00,70.84,35420,5,卖盘
2149,11:25:06,70.84,70840,10,卖盘
2150,11:25:09,70.84,7084,1,卖盘
2151,11:25:15,70.84,28336,4,卖盘
2152,11:25:18,70.84,28336,4,卖盘
2153,11:25:21,70.84,148764,21,卖盘
2154,11:25:24,70.84,21252,3,卖盘
2155,11:25:27,70.84,7084,1,卖盘
2156,11:25:30,70.84,7084,1,卖盘
2157,11:25:33,70.84,7084,1,卖盘
2158,11:25:39,70.84,77924,11,卖盘
2159,11:25:42,70.84,92092,13,卖盘
2160,11:25:48,70.84,85008,12,卖盘
2161,11:25:51,70.84,42504,6,卖盘
2162,11:25:54,70.84,7084,1,卖盘
2163,11:25:57,70.84,21252,3,卖盘
2164,11:26:00,70.84,63756,9,卖盘
2165,11:26:03,70.84,35420,5,卖盘
2166,11:26:06,70.84,7084,1,卖盘
2167,11:26:12,70.84,63756,9,卖盘
2168,11:26:15,70.84,7084,1,卖盘
2169,11:26:18,70.84,70840,10,卖盘
2170,11:26:21,70.84,56672,8,卖盘
2171,11:26:24,70.84,7084,1,卖盘
2172,11:26:36,70.84,7084,1,卖盘
2173,11:26:39,70.84,7084,1,卖盘
2174,11:26:42,70.84,35420,5,卖盘
2175,11:26:45,70.84,14168,2,卖盘
2176,11:26:48,70.84,7084,1,卖盘
2177,11:26:54,70.84,21252,3,卖盘
2178,11:27:00,70.84,14168,2,卖盘
2179,11:27:03,70.84,14168,2,卖盘
2180,11:27:06,70.84,7084,1,卖盘
2181,11:27:09,70.84,722568,102,卖盘
2182,11:27:12,70.84,14168,2,卖盘
2183,11:27:15,70.84,70840,10,卖盘
2184,11:27:18,70.84,14168,2,卖盘
2185,11:27:21,70.84,106260,15,卖盘
2186,11:27:24,70.84,7084,1,卖盘
2187,11:27:27,70.84,92092,13,卖盘
2188,11:27:30,70.84,191268,27,卖盘
2189,11:27:33,70.84,7084,1,卖盘
2190,11:27:36,70.84,14168,2,卖盘
2191,11:27:39,70.84,162932,23,卖盘
2192,11:27:51,70.84,127512,18,卖盘
2193,11:27:54,70.84,35420,5,卖盘
2194,11:27:57,70.84,7084,1,卖盘
2195,11:28:00,70.84,21252,3,卖盘
2196,11:28:03,70.84,49588,7,卖盘
2197,11:28:06,70.84,77924,11,卖盘
2198,11:28:09,70.84,77924,11,卖盘
2199,11:28:12,70.84,85008,12,卖盘
2200,11:28:15,70.84,7084,1,卖盘
2201,11:28:18,70.84,35420,5,卖盘
2202,11:28:21,70.84,49588,7,卖盘
2203,11:28:24,70.84,7084,1,卖盘
2204,11:28:27,70.84,7084,1,卖盘
2205,11:28:30,70.84,7084,1,卖盘
2206,11:28:33,70.84,7084,1,卖盘
2207,11:28:36,70.84,14168,2,卖盘
2208,11:28:39,70.84,92092,13,卖盘
2209,11:28:42,70.84,14168,2,卖盘
2210,11:28:45,70.84,14168,2,卖盘
2211,11:28:48,70.84,7084,1,卖盘
2212,11:28:51,70.84,7084,1,卖盘
2213,11:28:54,70.84,42504,6,卖盘
2214,11:29:03,70.84,14168,2,卖盘
2215,11:29:06,70.84,14168,2,卖盘
2216,11:29:09,70.84,7084,1,卖盘
2217,11:29:15,70.84,7084,1,卖盘
2218,11:29:18,70.84,28336,4,卖盘
2219,11:29:21,70.84,14168,2,卖盘
2220,11:29:27,70.84,28336,4,卖盘
2221,11:29:30,70.84,28336,4,卖盘
2222,11:29:36,70.84,35420,5,卖盘
2223,11:29:42,70.84,1955184,276,卖盘
2224,11:29:45,70.84,49588,7,卖盘
2225,11:29:48,70.84,28336,4,卖盘
2226,11:29:51,70.84,28336,4,卖盘
2227,11:29:54,70.84,106260,15,卖盘
2228,11:29:57,70.84,7084,1,卖盘
2229,11:30:00,70.84,7084,1,卖盘
2230,13:00:03,70.84,1232616,174,卖盘
2231,13:00:06,70.84,3159464,446,卖盘
2232,13:00:09,70.84,3527832,498,卖盘
2233,13:00:12,70.84,3641176,514,卖盘
2234,13:00:15,70.84,2061444,291,卖盘
2235,13:00:18,70.84,99176,14,卖盘
2236,13:00:21,70.84,28336,4,卖盘
2237,13:00:24,70.84,28336,4,卖盘
2238,13:00:27,70.84,70840,10,卖盘
2239,13:00:30,70.84,7084,1,卖盘
2240,13:00:33,70.84,7084,1,卖盘
2241,13:00:36,70.84,28336,4,卖盘
2242,13:00:39,70.84,7084,1,卖盘
2243,13:00:42,70.84,85008,12,卖盘
2244,13:00:45,70.84,28336,4,卖盘
2245,13:00:48,70.84,21252,3,卖盘
2246,13:00:51,70.84,14168,2,卖盘
2247,13:00:57,70.84,7084,1,卖盘
2248,13:01:00,70.84,49588,7,卖盘
2249,13:01:06,70.84,85008,12,卖盘
2250,13:01:09,70.84,14168,2,卖盘
2251,13:01:15,70.84,21252,3,卖盘
2252,13:01:18,70.84,99176,14,卖盘
2253,13:01:21,70.84,467544,66,卖盘
2254,13:01:24,70.84,35420,5,卖盘
2255,13:01:30,70.84,14168,2,卖盘
2256,13:01:33,70.84,77924,11,卖盘
2257,13:01:36,70.84,35420,5,卖盘
2258,13:01:39,70.84,7084,1,卖盘
2259,13:01:42,70.84,56672,8,卖盘
2260,13:01:45,70.84,70840,10,卖盘
2261,13:01:48,70.84,14168,2,卖盘
2262,13:01:51,70.84,7084,1,卖盘
2263,13:01:54,70.84,35420,5,卖盘
2264,13:01:57,70.84,155848,22,卖盘
2265,13:02:00,70.84,177100,25,卖盘
2266,13:02:03,70.84,743820,105,卖盘
2267,13:02:06,70.84,35420,5,卖盘
2268,13:02:12,70.84,99176,14,卖盘
2269,13:02:18,70.84,35420,5,卖盘
2270,13:02:27,70.84,7084,1,卖盘
2271,13:02:30,70.84,14168,2,卖盘
2272,13:02:36,70.84,63756,9,卖盘
2273,13:02:39,70.84,63756,9,卖盘
2274,13:02:42,70.84,49588,7,卖盘
2275,13:02:45,70.84,7084,1,卖盘
2276,13:02:48,70.84,99176,14,卖盘
2277,13:02:51,70.84,35420,5,卖盘
2278,13:02:54,70.84,70840,10,卖盘
2279,13:02:57,70.84,7084,1,卖盘
2280,13:03:00,70.84,425040,60,卖盘
2281,13:03:03,70.84,70840,10,卖盘
2282,13:03:06,70.84,7084,1,卖盘
2283,13:03:09,70.84,35420,5,卖盘
2284,13:03:12,70.84,77924,11,卖盘
2285,13:03:18,70.84,63756,9,卖盘
2286,13:03:24,70.84,92092,13,卖盘
2287,13:03:27,70.84,708,0,卖盘
2288,13:03:39,70.84,14168,2,卖盘
2289,13:03:45,70.84,219604,31,卖盘
2290,13:03:48,70.84,7084,1,卖盘
2291,13:03:51,70.84,77924,11,卖盘
2292,13:03:54,70.84,148764,21,卖盘
2293,13:03:57,70.84,162932,23,卖盘
2294,13:04:00,70.84,35420,5,卖盘
2295,13:04:03,70.84,49588,7,卖盘
2296,13:04:09,70.84,162932,23,卖盘
2297,13:04:12,70.84,42504,6,卖盘
2298,13:04:15,70.84,14168,2,卖盘
2299,13:04:21,70.84,92092,13,卖盘
2300,13:04:24,70.84,736736,104,卖盘
2301,13:04:30,70.84,14168,2,卖盘
2302,13:04:33,70.84,77924,11,卖盘
2303,13:04:36,70.84,42504,6,卖盘
2304,13:04:39,70.84,375452,53,卖盘
2305,13:04:42,70.84,14168,2,卖盘
2306,13:04:45,70.84,21252,3,卖盘
2307,13:04:48,70.84,7084,1,卖盘
2308,13:04:51,70.84,42504,6,卖盘
2309,13:04:54,70.84,14168,2,卖盘
2310,13:05:00,70.84,21252,3,卖盘
2311,13:05:03,70.84,127512,18,卖盘
2312,13:05:06,70.84,141680,20,卖盘
2313,13:05:09,70.84,42504,6,卖盘
2314,13:05:15,70.84,70840,10,卖盘
2315,13:05:18,70.84,7084,1,卖盘
2316,13:05:24,70.84,14168,2,卖盘
2317,13:05:27,70.84,14168,2,卖盘
2318,13:05:30,70.84,14168,2,卖盘
2319,13:05:33,70.84,14168,2,卖盘
2320,13:05:36,70.84,14168,2,卖盘
2321,13:05:39,70.84,85008,12,卖盘
2322,13:05:42,70.84,21252,3,卖盘
2323,13:05:45,70.84,14168,2,卖盘
2324,13:05:48,70.84,127512,18,卖盘
2325,13:05:57,70.84,127512,18,卖盘
2326,13:06:09,70.84,212520,30,卖盘
2327,13:06:12,70.84,205436,29,卖盘
2328,13:06:15,70.84,35420,5,卖盘
2329,13:06:21,70.84,7084,1,卖盘
2330,13:06:24,70.84,21252,3,卖盘
2331,13:06:27,70.84,92092,13,卖盘
2332,13:06:30,70.84,7084,1,卖盘
2333,13:06:33,70.84,106260,15,卖盘
2334,13:06:39,70.84,42504,6,卖盘
2335,13:06:42,70.84,21252,3,卖盘
2336,13:06:48,70.84,63756,9,卖盘
2337,13:06:54,70.84,14168,2,卖盘
2338,13:06:57,70.84,85008,12,卖盘
2339,13:07:00,70.84,21252,3,卖盘
2340,13:07:03,70.84,28336,4,卖盘
2341,13:07:06,70.84,49588,7,卖盘
2342,13:07:09,70.84,21252,3,卖盘
2343,13:07:12,70.84,35420,5,卖盘
2344,13:07:15,70.84,28336,4,卖盘
2345,13:07:21,70.84,35420,5,卖盘
2346,13:07:24,70.84,7084,1,卖盘
2347,13:07:27,70.84,70840,10,卖盘
2348,13:07:30,70.84,14168,2,卖盘
2349,13:07:36,70.84,14168,2,卖盘
2350,13:07:42,70.84,21252,3,卖盘
2351,13:07:45,70.84,70840,10,卖盘
2352,13:07:48,70.84,14168,2,卖盘
2353,13:07:51,70.84,148764,21,卖盘
2354,13:07:54,70.84,7084,1,卖盘
2355,13:07:57,70.84,49588,7,卖盘
2356,13:08:00,70.84,21252,3,卖盘
2357,13:08:06,70.84,7084,1,卖盘
2358,13:08:12,70.84,85008,12,卖盘
2359,13:08:15,70.84,7084,1,卖盘
2360,13:08:21,70.84,14168,2,卖盘
2361,13:08:27,70.84,56672,8,卖盘
2362,13:08:36,70.84,92092,13,卖盘
2363,13:08:39,70.84,106260,15,卖盘
2364,13:08:45,70.84,28336,4,卖盘
2365,13:08:48,70.84,672980,95,卖盘
2366,13:08:54,70.84,21252,3,卖盘
2367,13:08:57,70.84,106260,15,卖盘
2368,13:09:00,70.84,49588,7,卖盘
2369,13:09:03,70.84,21252,3,卖盘
2370,13:09:06,70.84,7084,1,卖盘
2371,13:09:09,70.84,35420,5,卖盘
2372,13:09:18,70.84,21252,3,卖盘
2373,13:09:21,70.84,56672,8,卖盘
2374,13:09:24,70.84,56672,8,卖盘
2375,13:09:27,70.84,7084,1,卖盘
2376,13:09:30,70.84,35420,5,卖盘
2377,13:09:33,70.84,35420,5,卖盘
2378,13:09:36,70.84,35420,5,卖盘
2379,13:09:42,70.84,141680,20,卖盘
2380,13:09:45,70.84,113344,16,卖盘
2381,13:09:48,70.84,14168,2,卖盘
2382,13:09:51,70.84,7084,1,卖盘
2383,13:10:00,70.84,106260,15,卖盘
2384,13:10:03,70.84,14168,2,卖盘
2385,13:10:06,70.84,35420,5,卖盘
2386,13:10:09,70.84,35420,5,卖盘
2387,13:10:12,70.84,177100,25,卖盘
2388,13:10:15,70.84,127512,18,卖盘
2389,13:10:21,70.84,35420,5,卖盘
2390,13:10:24,70.84,205436,29,卖盘
2391,13:10:27,70.84,21252,3,卖盘
2392,13:10:30,70.84,219604,31,卖盘
2393,13:10:36,70.84,70840,10,卖盘
2394,13:10:39,70.84,14168,2,卖盘
2395,13:10:42,70.84,127512,18,卖盘
2396,13:10:45,70.84,262108,37,卖盘
2397,13:10:48,70.84,35420,5,卖盘
2398,13:10:51,70.84,141680,20,卖盘
2399,13:10:54,70.84,14168,2,卖盘
2400,13:10:57,70.84,170016,24,卖盘
2401,13:11:00,70.84,92092,13,卖盘
2402,13:11:03,70.84,70840,10,卖盘
2403,13:11:06,70.84,7084,1,卖盘
2404,13:11:09,70.84,545468,77,卖盘
2405,13:11:12,70.84,7084,1,卖盘
2406,13:11:15,70.84,162932,23,卖盘
2407,13:11:18,70.84,56672,8,卖盘
2408,13:11:21,70.84,191268,27,卖盘
2409,13:11:24,70.84,155848,22,卖盘
2410,13:11:27,70.84,106260,15,卖盘
2411,13:11:30,70.84,35420,5,卖盘
2412,13:11:33,70.84,56672,8,卖盘
2413,13:11:36,70.84,92092,13,卖盘
2414,13:11:42,70.84,99176,14,卖盘
2415,13:11:45,70.84,7084,1,卖盘
2416,13:11:48,70.84,92092,13,卖盘
2417,13:11:51,70.84,155848,22,卖盘
2418,13:11:57,70.84,63756,9,卖盘
2419,13:12:00,70.84,106260,15,卖盘
2420,13:12:03,70.84,14168,2,卖盘
2421,13:12:06,70.84,21252,3,卖盘
2422,13:12:09,70.84,14168,2,卖盘
2423,13:12:12,70.84,49588,7,卖盘
2424,13:12:15,70.84,127512,18,卖盘
2425,13:12:18,70.84,35420,5,卖盘
2426,13:12:21,70.84,70840,10,卖盘
2427,13:12:24,70.84,42504,6,卖盘
2428,13:12:27,70.84,106260,15,卖盘
2429,13:12:33,70.84,35420,5,卖盘
2430,13:12:36,70.84,106260,15,卖盘
2431,13:12:39,70.84,35420,5,卖盘
2432,13:12:42,70.84,35420,5,卖盘
2433,13:12:45,70.84,1126356,159,卖盘
2434,13:12:48,70.84,42504,6,卖盘
2435,13:12:51,70.84,2543156,359,卖盘
2436,13:12:54,70.84,779240,110,卖盘
2437,13:12:57,70.84,7084,1,卖盘
2438,13:13:00,70.84,240856,34,卖盘
2439,13:13:03,70.84,42504,6,卖盘
2440,13:13:06,70.84,14168,2,卖盘
2441,13:13:09,70.84,85008,12,卖盘
2442,13:13:12,70.84,99176,14,卖盘
2443,13:13:15,70.84,736736,104,卖盘
2444,13:13:18,70.84,219604,31,卖盘
2445,13:13:21,70.84,77924,11,卖盘
2446,13:13:24,70.84,573804,81,卖盘
2447,13:13:27,70.84,219604,31,卖盘
2448,13:13:30,70.84,276276,39,卖盘
2449,13:13:36,70.84,14168,2,卖盘
2450,13:13:39,70.84,92092,13,卖盘
2451,13:13:42,70.84,106260,15,卖盘
2452,13:13:45,70.84,77924,11,卖盘
2453,13:13:51,70.84,28336,4,卖盘
2454,13:13:54,70.84,14168,2,卖盘
2455,13:13:57,70.84,14168,2,卖盘
2456,13:14:00,70.84,70840,10,卖盘
2457,13:14:03,70.84,177100,25,卖盘
2458,13:14:06,70.84,77924,11,卖盘
2459,13:14:12,70.84,113344,16,卖盘
2460,13:14:15,70.84,14168,2,卖盘
2461,13:14:18,70.84,77924,11,卖盘
2462,13:14:21,70.84,233772,33,卖盘
2463,13:14:24,70.84,148764,21,卖盘
2464,13:14:27,70.84,127512,18,卖盘
2465,13:14:30,70.84,70840,10,卖盘
2466,13:14:33,70.84,7084,1,卖盘
2467,13:14:36,70.84,21252,3,卖盘
2468,13:14:39,70.84,49588,7,卖盘
2469,13:14:42,70.84,42504,6,卖盘
2470,13:14:45,70.84,21252,3,卖盘
2471,13:14:48,70.84,14168,2,卖盘
2472,13:14:51,70.84,14168,2,卖盘
2473,13:14:54,70.84,7084,1,卖盘
2474,13:14:57,70.84,14168,2,卖盘
2475,13:15:03,70.84,7084,1,卖盘
2476,13:15:06,70.84,134596,19,卖盘
2477,13:15:09,70.84,155848,22,卖盘
2478,13:15:12,70.84,106260,15,卖盘
2479,13:15:15,70.84,49588,7,卖盘
2480,13:15:18,70.84,35420,5,卖盘
2481,13:15:21,70.84,63756,9,卖盘
2482,13:15:24,70.84,340032,48,卖盘
2483,13:15:27,70.84,467544,66,卖盘
2484,13:15:30,70.84,290444,41,卖盘
2485,13:15:33,70.84,531300,75,卖盘
2486,13:15:36,70.84,28336,4,卖盘
2487,13:15:39,70.84,262108,37,卖盘
2488,13:15:42,70.84,439208,62,卖盘
2489,13:15:45,70.84,297528,42,卖盘
2490,13:15:48,70.84,56672,8,卖盘
2491,13:15:51,70.84,212520,30,卖盘
2492,13:15:54,70.84,28336,4,卖盘
2493,13:15:57,70.84,85008,12,卖盘
2494,13:16:00,70.84,77924,11,卖盘
2495,13:16:03,70.84,247940,35,卖盘
2496,13:16:06,70.84,2273964,321,卖盘
2497,13:16:09,70.84,694232,98,卖盘
2498,13:16:12,70.84,1005928,142,卖盘
2499,13:16:15,70.84,857164,121,卖盘
2500,13:16:18,70.84,1806420,255,卖盘
2501,13:16:21,70.84,1069684,151,卖盘
2502,13:16:24,70.84,1232616,174,卖盘
2503,13:16:27,70.84,432124,61,卖盘
2504,13:16:30,70.84,630476,89,卖盘
2505,13:16:33,70.84,198352,28,卖盘
2506,13:16:36,70.84,290444,41,卖盘
2507,13:16:39,70.84,162932,23,卖盘
2508,13:16:42,70.84,134596,19,卖盘
2509,13:16:45,70.84,141680,20,卖盘
2510,13:16:48,70.84,106260,15,卖盘
2511,13:16:51,70.84,28336,4,卖盘
2512,13:16:54,70.84,70840,10,卖盘
2513,13:16:57,70.84,49588,7,卖盘
2514,13:17:00,70.84,49588,7,卖盘
2515,13:17:03,70.84,127512,18,卖盘
2516,13:17:06,70.84,127512,18,卖盘
2517,13:17:09,70.84,162932,23,卖盘
2518,13:17:12,70.84,49588,7,卖盘
2519,13:17:15,70.84,77924,11,卖盘
2520,13:17:18,70.84,729652,103,卖盘
2521,13:17:21,70.84,488796,69,卖盘
2522,13:17:24,70.84,162932,23,卖盘
2523,13:17:27,70.84,247940,35,卖盘
2524,13:17:30,70.84,127512,18,卖盘
2525,13:17:33,70.84,85008,12,卖盘
2526,13:17:36,70.84,212520,30,卖盘
2527,13:17:39,70.84,77924,11,卖盘
2528,13:17:42,70.84,106260,15,卖盘
2529,13:17:45,70.84,35420,5,卖盘
2530,13:17:48,70.84,85008,12,卖盘
2531,13:17:51,70.84,77924,11,卖盘
2532,13:17:54,70.84,28336,4,卖盘
2533,13:17:57,70.84,42504,6,卖盘
2534,13:18:00,70.84,14168,2,卖盘
2535,13:18:03,70.84,35420,5,卖盘
2536,13:18:06,70.84,786324,111,卖盘
2537,13:18:09,70.84,290444,41,卖盘
2538,13:18:12,70.84,325864,46,卖盘
2539,13:18:15,70.84,120428,17,卖盘
2540,13:18:18,70.84,552552,78,卖盘
2541,13:18:21,70.84,1360128,192,卖盘
2542,13:18:24,70.84,580888,82,卖盘
2543,13:18:27,70.84,595056,84,卖盘
2544,13:18:30,70.84,354200,50,卖盘
2545,13:18:33,70.84,396704,56,卖盘
2546,13:18:36,70.84,127512,18,卖盘
2547,13:18:39,70.84,205436,29,卖盘
2548,13:18:42,70.84,56672,8,卖盘
2549,13:18:45,70.84,85008,12,卖盘
2550,13:18:48,70.84,49588,7,卖盘
2551,13:18:51,70.84,49588,7,卖盘
2552,13:18:54,70.84,21252,3,卖盘
2553,13:18:57,70.84,56672,8,卖盘
2554,13:19:00,70.84,14168,2,卖盘
2555,13:19:03,70.84,92092,13,卖盘
2556,13:19:06,70.84,56672,8,卖盘
2557,13:19:09,70.84,21252,3,卖盘
2558,13:19:12,70.84,49588,7,卖盘
2559,13:19:18,70.84,28336,4,卖盘
2560,13:19:21,70.84,14168,2,卖盘
2561,13:19:24,70.84,14168,2,卖盘
2562,13:19:27,70.84,7084,1,卖盘
2563,13:19:30,70.84,7084,1,卖盘
2564,13:19:33,70.84,14168,2,卖盘
2565,13:19:36,70.84,658812,93,卖盘
2566,13:19:39,70.84,205436,29,卖盘
2567,13:19:42,70.84,297528,42,卖盘
2568,13:19:45,70.84,162932,23,卖盘
2569,13:19:48,70.84,162932,23,卖盘
2570,13:19:51,70.84,106260,15,卖盘
2571,13:19:54,70.84,141680,20,卖盘
2572,13:19:57,70.84,162932,23,卖盘
2573,13:20:00,70.84,233772,33,卖盘
2574,13:20:03,70.84,63756,9,卖盘
2575,13:20:06,70.84,644644,91,卖盘
2576,13:20:09,70.84,127512,18,卖盘
2577,13:20:12,70.84,644644,91,卖盘
2578,13:20:15,70.84,226688,32,卖盘
2579,13:20:18,70.84,255024,36,卖盘
2580,13:20:21,70.84,155848,22,卖盘
2581,13:20:24,70.84,177100,25,卖盘
2582,13:20:27,70.84,177100,25,卖盘
2583,13:20:30,70.84,14168,2,卖盘
2584,13:20:33,70.84,141680,20,卖盘
2585,13:20:36,70.84,162932,23,卖盘
2586,13:20:39,70.84,120428,17,卖盘
2587,13:20:42,70.84,85008,12,卖盘
2588,13:20:45,70.84,198352,28,卖盘
2589,13:20:48,70.84,120428,17,卖盘
2590,13:20:51,70.84,14168,2,卖盘
2591,13:20:54,70.84,85008,12,卖盘
2592,13:20:57,70.84,49588,7,卖盘
2593,13:21:03,70.84,28336,4,卖盘
2594,13:21:06,70.84,35420,5,卖盘
2595,13:21:09,70.84,99176,14,卖盘
2596,13:21:12,70.84,56672,8,卖盘
2597,13:21:15,70.84,70840,10,卖盘
2598,13:21:18,70.84,453376,64,卖盘
2599,13:21:21,70.84,233772,33,卖盘
2600,13:21:24,70.84,205436,29,卖盘
2601,13:21:27,70.84,928004,131,卖盘
2602,13:21:30,70.84,488796,69,卖盘
2603,13:21:33,70.84,361284,51,卖盘
2604,13:21:36,70.84,255024,36,卖盘
2605,13:21:39,70.84,35420,5,卖盘
2606,13:21:42,70.84,92092,13,卖盘
2607,13:21:45,70.84,99176,14,卖盘
2608,13:21:48,70.84,240856,34,卖盘
2609,13:21:51,70.84,155848,22,卖盘
2610,13:21:54,70.84,7084,1,卖盘
2611,13:21:57,70.84,56672,8,卖盘
2612,13:22:00,70.84,28336,4,卖盘
2613,13:22:03,70.84,7084,1,卖盘
2614,13:22:06,70.84,21252,3,卖盘
2615,13:22:12,70.84,70840,10,卖盘
2616,13:22:15,70.84,21252,3,卖盘
2617,13:22:18,70.84,7084,1,卖盘
2618,13:22:21,70.84,127512,18,卖盘
2619,13:22:24,70.84,92092,13,卖盘
2620,13:22:27,70.84,170016,24,卖盘
2621,13:22:30,70.84,120428,17,卖盘
2622,13:22:33,70.84,113344,16,卖盘
2623,13:22:39,70.84,21252,3,卖盘
2624,13:22:42,70.84,7084,1,卖盘
2625,13:22:45,70.84,7084,1,卖盘
2626,13:22:48,70.84,35420,5,卖盘
2627,13:22:51,70.84,14168,2,卖盘
2628,13:22:57,70.84,14168,2,卖盘
2629,13:23:00,70.84,35420,5,卖盘
2630,13:23:03,70.84,70840,10,卖盘
2631,13:23:06,70.84,177100,25,卖盘
2632,13:23:12,70.84,382536,54,卖盘
2633,13:23:18,70.84,56672,8,卖盘
2634,13:23:21,70.84,42504,6,卖盘
2635,13:23:24,70.84,113344,16,卖盘
2636,13:23:30,70.84,14168,2,卖盘
2637,13:23:36,70.84,77924,11,卖盘
2638,13:23:39,70.84,85008,12,卖盘
2639,13:23:42,70.84,99176,14,卖盘
2640,13:23:48,70.84,7084,1,卖盘
2641,13:23:54,70.84,120428,17,卖盘
2642,13:23:57,70.84,28336,4,卖盘
2643,13:24:00,70.84,7084,1,卖盘
2644,13:24:03,70.84,14168,2,卖盘
2645,13:24:06,70.84,77924,11,卖盘
2646,13:24:09,70.84,7084,1,卖盘
2647,13:24:18,70.84,141680,20,卖盘
2648,13:24:21,70.84,439208,62,卖盘
2649,13:24:24,70.84,7084,1,卖盘
2650,13:24:27,70.84,92092,13,卖盘
2651,13:24:30,70.84,99176,14,卖盘
2652,13:24:33,70.84,99176,14,卖盘
2653,13:24:36,70.84,7084,1,卖盘
2654,13:24:39,70.84,7084,1,卖盘
2655,13:24:42,70.84,70840,10,卖盘
2656,13:24:45,70.84,113344,16,卖盘
2657,13:24:51,70.84,446292,63,卖盘
2658,13:24:54,70.84,7084,1,卖盘
2659,13:24:57,70.84,14168,2,卖盘
2660,13:25:00,70.84,21252,3,卖盘
2661,13:25:03,70.84,191268,27,卖盘
2662,13:25:06,70.84,49588,7,卖盘
2663,13:25:09,70.84,127512,18,卖盘
2664,13:25:15,70.84,28336,4,卖盘
2665,13:25:18,70.84,85008,12,卖盘
2666,13:25:21,70.84,35420,5,卖盘
2667,13:25:24,70.84,141680,20,卖盘
2668,13:25:30,70.84,63756,9,卖盘
2669,13:25:33,70.84,7084,1,卖盘
2670,13:25:36,70.84,148764,21,卖盘
2671,13:25:39,70.84,7084,1,卖盘
2672,13:25:42,70.84,7084,1,卖盘
2673,13:25:48,70.84,127512,18,卖盘
2674,13:25:51,70.84,7084,1,卖盘
2675,13:25:54,70.84,7084,1,卖盘
2676,13:25:57,70.84,85008,12,卖盘
2677,13:26:00,70.84,7084,1,卖盘
2678,13:26:03,70.84,35420,5,卖盘
2679,13:26:06,70.84,665896,94,卖盘
2680,13:26:09,70.84,148764,21,卖盘
2681,13:26:15,70.84,21252,3,卖盘
2682,13:26:24,70.84,56672,8,卖盘
2683,13:26:27,70.84,7084,1,卖盘
2684,13:26:33,70.84,361284,51,卖盘
2685,13:26:48,70.84,70840,10,卖盘
2686,13:26:51,70.84,28336,4,卖盘
2687,13:26:54,70.84,35420,5,卖盘
2688,13:27:00,70.84,7084,1,卖盘
2689,13:27:03,70.84,7084,1,卖盘
2690,13:27:06,70.84,7084,1,卖盘
2691,13:27:12,70.84,7084,1,卖盘
2692,13:27:15,70.84,14168,2,卖盘
2693,13:27:18,70.84,42504,6,卖盘
2694,13:27:24,70.84,7084,1,卖盘
2695,13:27:27,70.84,14168,2,卖盘
2696,13:27:30,70.84,120428,17,卖盘
2697,13:27:36,70.84,70840,10,卖盘
2698,13:27:39,70.84,42504,6,卖盘
2699,13:27:42,70.84,42504,6,卖盘
2700,13:27:45,70.84,70840,10,卖盘
2701,13:27:48,70.84,14168,2,卖盘
2702,13:27:51,70.84,77924,11,卖盘
2703,13:27:54,70.84,77924,11,卖盘
2704,13:27:57,70.84,7084,1,卖盘
2705,13:28:00,70.84,7084,1,卖盘
2706,13:28:03,70.84,21252,3,卖盘
2707,13:28:12,70.84,14168,2,卖盘
2708,13:28:15,70.84,7084,1,卖盘
2709,13:28:18,70.84,14168,2,卖盘
2710,13:28:24,70.84,70840,10,卖盘
2711,13:28:27,70.84,70840,10,卖盘
2712,13:28:30,70.84,14168,2,卖盘
2713,13:28:36,70.84,42504,6,卖盘
2714,13:28:39,70.84,56672,8,卖盘
2715,13:28:42,70.84,141680,20,卖盘
2716,13:28:48,70.84,35420,5,卖盘
2717,13:28:57,70.84,21252,3,卖盘
2718,13:29:00,70.84,28336,4,卖盘
2719,13:29:06,70.84,35420,5,卖盘
2720,13:29:18,70.84,85008,12,卖盘
2721,13:29:21,70.84,42504,6,卖盘
2722,13:29:24,70.84,28336,4,卖盘
2723,13:29:27,70.84,14168,2,卖盘
2724,13:29:30,70.84,35420,5,卖盘
2725,13:29:36,70.84,120428,17,卖盘
2726,13:29:39,70.84,99601,14,卖盘
2727,13:29:45,70.84,28336,4,卖盘
2728,13:29:51,70.84,42504,6,卖盘
2729,13:29:57,70.84,42504,6,卖盘
2730,13:30:03,70.84,14168,2,卖盘
2731,13:30:06,70.84,14168,2,卖盘
2732,13:30:09,70.84,14168,2,卖盘
2733,13:30:12,70.84,28336,4,卖盘
2734,13:30:18,70.84,14168,2,卖盘
2735,13:30:21,70.84,63756,9,卖盘
2736,13:30:24,70.84,14168,2,卖盘
2737,13:30:36,70.84,155848,22,卖盘
2738,13:30:45,70.84,170016,24,卖盘
2739,13:30:48,70.84,28336,4,卖盘
2740,13:30:51,70.84,35420,5,卖盘
2741,13:30:54,70.84,35420,5,卖盘
2742,13:30:57,70.84,7084,1,卖盘
2743,13:31:00,70.84,21252,3,卖盘
2744,13:31:06,70.84,63756,9,卖盘
2745,13:31:09,70.84,77924,11,卖盘
2746,13:31:15,70.84,14168,2,卖盘
2747,13:31:18,70.84,765072,108,卖盘
2748,13:31:24,70.84,28336,4,卖盘
2749,13:31:30,70.84,750904,106,卖盘
2750,13:31:33,70.84,35420,5,卖盘
2751,13:31:42,70.84,70840,10,卖盘
2752,13:31:45,70.84,49588,7,卖盘
2753,13:31:57,70.84,7084,1,卖盘
2754,13:32:00,70.84,70840,10,卖盘
2755,13:32:06,70.84,49588,7,卖盘
2756,13:32:15,70.84,28336,4,卖盘
2757,13:32:18,70.84,35420,5,卖盘
2758,13:32:21,70.84,7084,1,卖盘
2759,13:32:24,70.84,85008,12,卖盘
2760,13:32:27,70.84,233772,33,卖盘
2761,13:32:33,70.84,14168,2,卖盘
2762,13:32:36,70.84,70840,10,卖盘
2763,13:32:39,70.84,70840,10,卖盘
2764,13:32:42,70.84,7084,1,卖盘
2765,13:32:45,70.84,120428,17,卖盘
2766,13:32:48,70.84,155848,22,卖盘
2767,13:32:51,70.84,49588,7,卖盘
2768,13:32:57,70.84,56672,8,卖盘
2769,13:33:00,70.84,21252,3,卖盘
2770,13:33:03,70.84,21252,3,卖盘
2771,13:33:06,70.84,21252,3,卖盘
2772,13:33:09,70.84,42504,6,卖盘
2773,13:33:15,70.84,14168,2,卖盘
2774,13:33:21,70.84,14168,2,卖盘
2775,13:33:24,70.84,35420,5,卖盘
2776,13:33:27,70.84,35420,5,卖盘
2777,13:33:30,70.84,14168,2,卖盘
2778,13:33:33,70.84,106260,15,卖盘
2779,13:33:36,70.84,7084,1,卖盘
2780,13:33:39,70.84,21252,3,卖盘
2781,13:33:42,70.84,70840,10,卖盘
2782,13:33:45,70.84,28336,4,卖盘
2783,13:33:48,70.84,14168,2,卖盘
2784,13:33:51,70.84,49588,7,卖盘
2785,13:34:00,70.84,56672,8,卖盘
2786,13:34:03,70.84,7084,1,卖盘
2787,13:34:09,70.84,35420,5,卖盘
2788,13:34:15,70.84,21252,3,卖盘
2789,13:34:21,70.84,85008,12,卖盘
2790,13:34:24,70.84,14168,2,卖盘
2791,13:34:27,70.84,77924,11,卖盘
2792,13:34:33,70.84,21252,3,卖盘
2793,13:34:36,70.84,92092,13,卖盘
2794,13:34:39,70.84,14168,2,卖盘
2795,13:34:42,70.84,63756,9,卖盘
2796,13:34:48,70.84,14168,2,卖盘
2797,13:34:54,70.84,28336,4,卖盘
2798,13:34:57,70.84,7084,1,卖盘
2799,13:35:03,70.84,35420,5,卖盘
2800,13:35:06,70.84,7084,1,卖盘
2801,13:35:09,70.84,247940,35,卖盘
2802,13:35:12,70.84,14168,2,卖盘
2803,13:35:15,70.84,14168,2,卖盘
2804,13:35:18,70.84,7084,1,卖盘
2805,13:35:21,70.84,28336,4,卖盘
2806,13:35:24,70.84,28336,4,卖盘
2807,13:35:30,70.84,28336,4,卖盘
2808,13:35:33,70.84,7084,1,卖盘
2809,13:35:36,70.84,7084,1,卖盘
2810,13:35:39,70.84,28336,4,卖盘
2811,13:35:42,70.84,77924,11,卖盘
2812,13:35:45,70.84,77924,11,卖盘
2813,13:35:54,70.84,35420,5,卖盘
2814,13:35:57,70.84,99176,14,卖盘
2815,13:36:03,70.84,99176,14,卖盘
2816,13:36:06,70.84,49588,7,卖盘
2817,13:36:09,70.84,432124,61,卖盘
2818,13:36:21,70.84,7084,1,卖盘
2819,13:36:24,70.84,92092,13,卖盘
2820,13:36:27,70.84,28336,4,卖盘
2821,13:36:33,70.84,21252,3,卖盘
2822,13:36:36,70.84,77924,11,卖盘
2823,13:36:39,70.84,14168,2,卖盘
2824,13:36:42,70.84,35420,5,卖盘
2825,13:36:45,70.84,49588,7,卖盘
2826,13:36:51,70.84,85008,12,卖盘
2827,13:36:57,70.84,42504,6,卖盘
2828,13:37:03,70.84,276276,39,卖盘
2829,13:37:09,70.84,7084,1,卖盘
2830,13:37:12,70.84,42504,6,卖盘
2831,13:37:15,70.84,70840,10,卖盘
2832,13:37:18,70.84,56672,8,卖盘
2833,13:37:21,70.84,56672,8,卖盘
2834,13:37:24,70.84,148764,21,卖盘
2835,13:37:27,70.84,7084,1,卖盘
2836,13:37:33,70.84,14168,2,卖盘
2837,13:37:36,70.84,7084,1,卖盘
2838,13:37:39,70.84,7084,1,卖盘
2839,13:37:42,70.84,14168,2,卖盘
2840,13:37:48,70.84,77924,11,卖盘
2841,13:37:54,70.84,7084,1,卖盘
2842,13:38:00,70.84,49588,7,卖盘
2843,13:38:03,70.84,14168,2,卖盘
2844,13:38:06,70.84,7084,1,卖盘
2845,13:38:09,70.84,42504,6,卖盘
2846,13:38:15,70.84,7084,1,卖盘
2847,13:38:18,70.84,7084,1,卖盘
2848,13:38:21,70.84,28336,4,卖盘
2849,13:38:24,70.84,28336,4,卖盘
2850,13:38:27,70.84,28336,4,卖盘
2851,13:38:30,70.84,7084,1,卖盘
2852,13:38:36,70.84,35420,5,卖盘
2853,13:38:42,70.84,28336,4,卖盘
2854,13:38:45,70.84,7084,1,卖盘
2855,13:38:48,70.84,7084,1,卖盘
2856,13:38:51,70.84,14168,2,卖盘
2857,13:38:54,70.84,92092,13,卖盘
2858,13:38:57,70.84,7084,1,卖盘
2859,13:39:06,70.84,28336,4,卖盘
2860,13:39:12,70.84,14168,2,卖盘
2861,13:39:15,70.84,85008,12,卖盘
2862,13:39:18,70.84,56672,8,卖盘
2863,13:39:24,70.84,77924,11,卖盘
2864,13:39:30,70.84,63756,9,卖盘
2865,13:39:33,70.84,21252,3,卖盘
2866,13:39:39,70.84,7084,1,卖盘
2867,13:39:42,70.84,14168,2,卖盘
2868,13:39:45,70.84,28336,4,卖盘
2869,13:39:51,70.84,219604,31,卖盘
2870,13:39:54,70.84,70840,10,卖盘
2871,13:39:57,70.84,7084,1,卖盘
2872,13:40:03,70.84,49588,7,卖盘
2873,13:40:06,70.84,7084,1,卖盘
2874,13:40:09,70.84,148764,21,卖盘
2875,13:40:12,70.84,35420,5,卖盘
2876,13:40:15,70.84,14168,2,卖盘
2877,13:40:18,70.84,21252,3,卖盘
2878,13:40:21,70.84,21252,3,卖盘
2879,13:40:27,70.84,56672,8,卖盘
2880,13:40:30,70.84,7084,1,卖盘
2881,13:40:33,70.84,127512,18,卖盘
2882,13:40:36,70.84,14168,2,卖盘
2883,13:40:42,70.84,21252,3,卖盘
2884,13:40:45,70.84,7084,1,卖盘
2885,13:40:51,70.84,35420,5,卖盘
2886,13:40:54,70.84,63756,9,卖盘
2887,13:40:57,70.84,14168,2,卖盘
2888,13:41:00,70.84,35420,5,卖盘
2889,13:41:03,70.84,14168,2,卖盘
2890,13:41:06,70.84,28336,4,卖盘
2891,13:41:09,70.84,7084,1,卖盘
2892,13:41:12,70.84,354200,50,卖盘
2893,13:41:18,70.84,14168,2,卖盘
2894,13:41:21,70.84,7084,1,卖盘
2895,13:41:27,70.84,14168,2,卖盘
2896,13:41:30,70.84,14168,2,卖盘
2897,13:41:33,70.84,35420,5,卖盘
2898,13:41:36,70.84,276276,39,卖盘
2899,13:41:42,70.84,99176,14,卖盘
2900,13:41:45,70.84,42504,6,卖盘
2901,13:41:48,70.84,141680,20,卖盘
2902,13:41:51,70.84,49588,7,卖盘
2903,13:41:54,70.84,70840,10,卖盘
2904,13:41:57,70.84,14168,2,卖盘
2905,13:42:00,70.84,99176,14,卖盘
2906,13:42:06,70.84,14168,2,卖盘
2907,13:42:09,70.84,85008,12,卖盘
2908,13:42:18,70.84,7084,1,卖盘
2909,13:42:21,70.84,42504,6,卖盘
2910,13:42:27,70.84,7084,1,卖盘
2911,13:42:33,70.84,21252,3,卖盘
2912,13:42:39,70.84,28336,4,卖盘
2913,13:42:42,70.84,63756,9,卖盘
2914,13:42:45,70.84,106260,15,卖盘
2915,13:42:54,70.84,7084,1,卖盘
2916,13:43:00,70.84,49588,7,卖盘
2917,13:43:03,70.84,382536,54,卖盘
2918,13:43:06,70.84,7084,1,卖盘
2919,13:43:09,70.84,170016,24,卖盘
2920,13:43:18,70.84,77924,11,卖盘
2921,13:43:21,70.84,14168,2,卖盘
2922,13:43:27,70.84,7084,1,卖盘
2923,13:43:30,70.84,7084,1,卖盘
2924,13:43:33,70.84,42504,6,卖盘
2925,13:43:36,70.84,7084,1,卖盘
2926,13:43:39,70.84,14168,2,卖盘
2927,13:43:42,70.84,14168,2,卖盘
2928,13:43:45,70.84,14168,2,卖盘
2929,13:43:48,70.84,14168,2,卖盘
2930,13:43:51,70.84,7084,1,卖盘
2931,13:43:54,70.84,7084,1,卖盘
2932,13:44:00,70.84,35420,5,卖盘
2933,13:44:03,70.84,35420,5,卖盘
2934,13:44:06,70.84,85008,12,卖盘
2935,13:44:09,70.84,120428,17,卖盘
2936,13:44:12,70.84,878416,124,卖盘
2937,13:44:15,70.84,127512,18,卖盘
2938,13:44:21,70.84,240856,34,卖盘
2939,13:44:24,70.84,28336,4,卖盘
2940,13:44:30,70.84,1119272,158,卖盘
2941,13:44:33,70.84,7084,1,卖盘
2942,13:44:36,70.84,28336,4,卖盘
2943,13:44:39,70.84,85008,12,卖盘
2944,13:44:42,70.84,77924,11,卖盘
2945,13:44:45,70.84,70840,10,卖盘
2946,13:44:48,70.84,56672,8,卖盘
2947,13:44:51,70.84,42504,6,卖盘
2948,13:44:54,70.84,460460,65,卖盘
2949,13:44:57,70.84,750904,106,卖盘
2950,13:45:00,70.84,14168,2,卖盘
2951,13:45:03,70.84,14168,2,卖盘
2952,13:45:06,70.84,106260,15,卖盘
2953,13:45:09,70.84,77924,11,卖盘
2954,13:45:12,70.84,389620,55,卖盘
2955,13:45:15,70.84,35420,5,卖盘
2956,13:45:18,70.84,368368,52,卖盘
2957,13:45:21,70.84,35420,5,卖盘
2958,13:45:24,70.84,85008,12,卖盘
2959,13:45:27,70.84,389620,55,卖盘
2960,13:45:30,70.84,779240,110,卖盘
2961,13:45:33,70.84,276276,39,卖盘
2962,13:45:36,70.84,410872,58,卖盘
2963,13:45:39,70.84,85008,12,卖盘
2964,13:45:42,70.84,736736,104,卖盘
2965,13:45:45,70.84,162932,23,卖盘
2966,13:45:48,70.84,56672,8,卖盘
2967,13:45:51,70.84,42504,6,卖盘
2968,13:45:54,70.84,21252,3,卖盘
2969,13:45:57,70.84,56672,8,卖盘
2970,13:46:00,70.84,85008,12,卖盘
2971,13:46:03,70.84,42504,6,卖盘
2972,13:46:06,70.84,28336,4,卖盘
2973,13:46:09,70.84,35420,5,卖盘
2974,13:46:12,70.84,170016,24,卖盘
2975,13:46:15,70.84,49588,7,卖盘
2976,13:46:18,70.84,49588,7,卖盘
2977,13:46:24,70.84,77924,11,卖盘
2978,13:46:27,70.84,595056,84,卖盘
2979,13:46:30,70.84,148764,21,卖盘
2980,13:46:36,70.84,21252,3,卖盘
2981,13:46:39,70.84,7084,1,卖盘
2982,13:46:42,70.84,113344,16,卖盘
2983,13:46:48,70.84,92092,13,卖盘
2984,13:46:51,70.84,184184,26,卖盘
2985,13:46:54,70.84,28336,4,卖盘
2986,13:46:57,70.84,297528,42,卖盘
2987,13:47:00,70.84,127512,18,卖盘
2988,13:47:03,70.84,49588,7,卖盘
2989,13:47:06,70.84,7084,1,卖盘
2990,13:47:09,70.84,21252,3,卖盘
2991,13:47:12,70.84,28336,4,卖盘
2992,13:47:15,70.84,70840,10,卖盘
2993,13:47:18,70.84,28336,4,卖盘
2994,13:47:21,70.84,99176,14,卖盘
2995,13:47:24,70.84,21252,3,卖盘
2996,13:47:27,70.84,49588,7,卖盘
2997,13:47:30,70.84,14168,2,卖盘
2998,13:47:33,70.84,14168,2,卖盘
2999,13:47:36,70.84,141680,20,卖盘
3000,13:47:39,70.84,77924,11,卖盘
3001,13:47:42,70.84,7084,1,卖盘
3002,13:47:45,70.84,35420,5,卖盘
3003,13:47:48,70.84,85008,12,卖盘
3004,13:47:51,70.84,42504,6,卖盘
3005,13:47:54,70.84,233772,33,卖盘
3006,13:47:57,70.84,212520,30,卖盘
3007,13:48:00,70.84,7084,1,卖盘
3008,13:48:03,70.84,21252,3,卖盘
3009,13:48:06,70.84,77924,11,卖盘
3010,13:48:09,70.84,70840,10,卖盘
3011,13:48:12,70.84,14168,2,卖盘
3012,13:48:15,70.84,106260,15,卖盘
3013,13:48:21,70.84,14168,2,卖盘
3014,13:48:24,70.84,35420,5,卖盘
3015,13:48:27,70.84,7084,1,卖盘
3016,13:48:30,70.84,28336,4,卖盘
3017,13:48:33,70.84,28336,4,卖盘
3018,13:48:36,70.84,864248,122,卖盘
3019,13:48:39,70.84,396704,56,卖盘
3020,13:48:42,70.84,49588,7,卖盘
3021,13:48:45,70.84,1076768,152,卖盘
3022,13:48:48,70.84,127512,18,卖盘
3023,13:48:51,70.84,7084,1,卖盘
3024,13:48:54,70.84,28336,4,卖盘
3025,13:48:57,70.84,99176,14,卖盘
3026,13:49:00,70.84,70840,10,卖盘
3027,13:49:03,70.84,63756,9,卖盘
3028,13:49:06,70.84,28336,4,卖盘
3029,13:49:09,70.84,70840,10,卖盘
3030,13:49:12,70.84,21252,3,卖盘
3031,13:49:15,70.84,247940,35,卖盘
3032,13:49:18,70.84,177100,25,卖盘
3033,13:49:21,70.84,35420,5,卖盘
3034,13:49:30,70.84,318780,45,卖盘
3035,13:49:33,70.84,332948,47,卖盘
3036,13:49:36,70.84,198352,28,卖盘
3037,13:49:39,70.84,49588,7,卖盘
3038,13:49:42,70.84,56672,8,卖盘
3039,13:49:45,70.84,92092,13,卖盘
3040,13:49:48,70.84,332948,47,卖盘
3041,13:49:51,70.84,42504,6,卖盘
3042,13:49:54,70.84,92092,13,卖盘
3043,13:49:57,70.84,35420,5,卖盘
3044,13:50:03,70.84,14168,2,卖盘
3045,13:50:06,70.84,14168,2,卖盘
3046,13:50:09,70.84,120428,17,卖盘
3047,13:50:12,70.84,85008,12,卖盘
3048,13:50:15,70.84,70840,10,卖盘
3049,13:50:18,70.84,49588,7,卖盘
3050,13:50:21,70.84,347116,49,卖盘
3051,13:50:30,70.84,35420,5,卖盘
3052,13:50:33,70.84,42504,6,卖盘
3053,13:50:39,70.84,127512,18,卖盘
3054,13:50:42,70.84,56672,8,卖盘
3055,13:50:45,70.84,191268,27,卖盘
3056,13:50:48,70.84,446292,63,卖盘
3057,13:50:51,70.84,297528,42,卖盘
3058,13:50:54,70.84,14168,2,卖盘
3059,13:51:00,70.84,120428,17,卖盘
3060,13:51:03,70.84,99176,14,卖盘
3061,13:51:06,70.84,92092,13,卖盘
3062,13:51:09,70.84,21252,3,卖盘
3063,13:51:12,70.84,70840,10,卖盘
3064,13:51:15,70.84,7084,1,卖盘
3065,13:51:18,70.84,7084,1,卖盘
3066,13:51:21,70.84,7084,1,卖盘
3067,13:51:24,70.84,14168,2,卖盘
3068,13:51:27,70.84,545468,77,卖盘
3069,13:51:30,70.84,7084,1,卖盘
3070,13:51:33,70.84,42504,6,卖盘
3071,13:51:36,70.84,14168,2,卖盘
3072,13:51:42,70.84,198352,28,卖盘
3073,13:51:45,70.84,70840,10,卖盘
3074,13:51:48,70.84,70840,10,卖盘
3075,13:51:51,70.84,283360,40,卖盘
3076,13:52:03,70.84,56672,8,卖盘
3077,13:52:06,70.84,21252,3,卖盘
3078,13:52:09,70.84,28336,4,卖盘
3079,13:52:15,70.84,7084,1,卖盘
3080,13:52:21,70.84,14168,2,卖盘
3081,13:52:24,70.84,7084,1,卖盘
3082,13:52:30,70.84,637560,90,卖盘
3083,13:52:33,70.84,460460,65,卖盘
3084,13:52:36,70.84,106260,15,卖盘
3085,13:52:42,70.84,977592,138,卖盘
3086,13:52:45,70.84,14168,2,卖盘
