,成交时间,成交价格,成交金额,成交量,性质
0,09:25:03,9.39,24203664,25776,卖盘
1,09:30:00,9.38,930202,991,卖盘
2,09:30:03,9.4,5124077,5453,买盘
3,09:30:06,9.38,7357538,7832,卖盘
4,09:30:09,9.4,6436616,6851,买盘
5,09:30:12,9.4,3471270,3694,卖盘
6,09:30:15,9.4,2879549,3065,卖盘
7,09:30:18,9.38,2442823,2601,卖盘
8,09:30:21,9.38,2402529,2560,卖盘
9,09:30:24,9.38,8540014,9099,卖盘
10,09:30:27,9.37,3087258,3292,卖盘
11,09:30:30,9.39,1548226,1651,买盘
12,09:30:33,9.37,569313,607,卖盘
13,09:30:36,9.37,2416912,2578,卖盘
14,09:30:39,9.38,3064413,3270,买盘
15,09:30:42,9.37,1837924,1961,卖盘
16,09:30:45,9.36,845622,903,卖盘
17,09:30:48,9.36,989907,1057,卖盘
18,09:30:51,9.36,1754501,1874,卖盘
19,09:30:54,9.36,1893020,2022,卖盘
20,09:30:57,9.36,984876,1052,卖盘
21,09:31:00,9.36,2745714,2932,卖盘
22,09:31:03,9.36,3724164,3977,卖盘
23,09:31:06,9.37,2859809,3053,买盘
24,09:31:09,9.38,2568406,2740,买盘
25,09:31:12,9.37,2455576,2620,卖盘
26,09:31:15,9.36,6837441,7304,卖盘
27,09:31:18,9.35,1895488,2025,卖盘
28,09:31:21,9.37,3280470,3502,买盘
29,09:31:24,9.36,1141648,1219,卖盘
30,09:31:27,9.37,1817434,1941,买盘
31,09:31:30,9.37,1828150,1951,买盘
32,09:31:33,9.37,1036472,1107,卖盘
33,09:31:36,9.37,1103865,1179,买盘
34,09:31:39,9.36,435459,465,卖盘
35,09:31:42,9.37,847461,905,买盘
36,09:31:45,9.37,939385,1003,买盘
37,09:31:48,9.37,1748923,1868,买盘
38,09:31:51,9.37,775616,828,买盘
39,09:31:54,9.37,3020371,3226,买盘
40,09:31:57,9.36,1771549,1892,卖盘
41,09:32:00,9.36,1206924,1289,卖盘
42,09:32:03,9.37,865111,924,买盘
43,09:32:06,9.37,846684,904,买盘
44,09:32:09,9.37,4169867,4454,买盘
45,09:32:12,9.36,1240579,1325,卖盘
46,09:32:15,9.36,757465,809,卖盘
47,09:32:18,9.36,1494021,1596,卖盘
48,09:32:21,9.36,845718,903,卖盘
49,09:32:24,9.36,1031143,1101,卖盘
50,09:32:27,9.37,2582917,2758,买盘
51,09:32:30,9.36,1002948,1071,卖盘
52,09:32:33,9.37,531004,567,买盘
53,09:32:36,9.38,1576181,1682,买盘
54,09:32:39,9.38,947798,1011,买盘
55,09:32:42,9.37,786952,840,卖盘
56,09:32:45,9.38,742397,792,买盘
57,09:32:48,9.37,416147,444,卖盘
58,09:32:51,9.37,754558,805,卖盘
59,09:32:54,9.37,609306,650,卖盘
60,09:32:57,9.37,1799182,1920,卖盘
61,09:33:00,9.37,877355,936,卖盘
62,09:33:03,9.37,412191,440,买盘
63,09:33:06,9.36,1195518,1277,卖盘
64,09:33:09,9.37,525469,561,买盘
65,09:33:12,9.36,7520283,8034,卖盘
66,09:33:15,9.36,1459788,1560,买盘
67,09:33:18,9.36,486639,520,买盘
68,09:33:21,9.36,991982,1060,买盘
69,09:33:24,9.36,831904,889,买盘
70,09:33:27,9.36,1664565,1779,买盘
71,09:33:30,9.35,1441969,1541,卖盘
72,09:33:33,9.36,712854,762,买盘
73,09:33:36,9.35,13107918,14019,卖盘
74,09:33:39,9.35,2670048,2854,卖盘
75,09:33:42,9.36,1206557,1290,买盘
76,09:33:45,9.35,2160942,2311,卖盘
77,09:33:48,9.35,1043503,1116,卖盘
78,09:33:51,9.35,4755708,5083,卖盘
79,09:33:54,9.35,1735147,1855,卖盘
80,09:33:57,9.35,632649,677,买盘
81,09:34:00,9.34,1268200,1357,卖盘
82,09:34:03,9.35,2470087,2644,买盘
83,09:34:06,9.34,1204217,1289,卖盘
84,09:34:09,9.34,2694987,2885,卖盘
85,09:34:12,9.34,3416973,3658,卖盘
86,09:34:15,9.34,1092948,1170,卖盘
87,09:34:18,9.34,1462730,1566,卖盘
88,09:34:21,9.34,903271,967,卖盘
89,09:34:24,9.35,1830828,1959,买盘
90,09:34:27,9.35,1327125,1420,买盘
91,09:34:30,9.34,2269488,2429,卖盘
92,09:34:33,9.34,1213296,1298,卖盘
93,09:34:36,9.35,1532872,1640,买盘
94,09:34:39,9.34,1770446,1895,卖盘
95,09:34:42,9.34,1106230,1184,卖盘
96,09:34:45,9.34,711778,762,卖盘
97,09:34:48,9.34,1180754,1264,卖盘
98,09:34:51,9.34,1040916,1114,卖盘
99,09:34:54,9.34,630488,675,卖盘
100,09:34:57,9.34,1096681,1174,卖盘
101,09:35:00,9.34,706560,756,卖盘
102,09:35:03,9.35,1463800,1566,买盘
103,09:35:06,9.34,1137012,1217,卖盘
104,09:35:09,9.35,550366,589,买盘
105,09:35:12,9.34,719325,770,卖盘
106,09:35:15,9.34,1170043,1252,卖盘
107,09:35:18,9.35,867939,929,买盘
108,09:35:21,9.34,660657,707,卖盘
109,09:35:24,9.34,541953,580,卖盘
110,09:35:27,9.35,570741,611,买盘
111,09:35:30,9.34,1050901,1125,卖盘
112,09:35:33,9.34,4811915,5152,卖盘
113,09:35:36,9.34,625729,670,买盘
114,09:35:39,9.33,1852139,1984,卖盘
115,09:35:42,9.34,2270732,2433,买盘
116,09:35:45,9.33,4104434,4398,卖盘
117,09:35:48,9.33,610340,654,卖盘
118,09:35:51,9.34,374227,401,买盘
119,09:35:54,9.33,11657928,12496,卖盘
120,09:35:57,9.32,462698,496,卖盘
121,09:36:00,9.33,4217463,4521,买盘
122,09:36:03,9.33,1077783,1156,买盘
123,09:36:06,9.32,1444104,1549,卖盘
124,09:36:09,9.33,1982892,2126,买盘
125,09:36:12,9.32,1008053,1081,卖盘
126,09:36:15,9.32,1478727,1586,卖盘
127,09:36:18,9.33,1332499,1429,买盘
128,09:36:21,9.33,1242728,1333,买盘
129,09:36:24,9.32,1199946,1287,卖盘
130,09:36:27,9.33,1306281,1401,买盘
131,09:36:30,9.33,979852,1051,买盘
132,09:36:33,9.33,1296687,1390,买盘
133,09:36:36,9.33,381597,409,卖盘
134,09:36:39,9.33,1016089,1089,卖盘
135,09:36:42,9.33,685137,734,卖盘
136,09:36:45,9.34,643029,689,买盘
137,09:36:48,9.33,2597608,2784,卖盘
138,09:36:51,9.33,505701,542,卖盘
139,09:36:54,9.34,2028430,2174,买盘
140,09:36:57,9.33,1770173,1897,卖盘
141,09:37:00,9.33,2240206,2400,卖盘
142,09:37:03,9.33,545001,584,卖盘
143,09:37:06,9.34,531975,570,买盘
144,09:37:09,9.33,1086987,1165,卖盘
145,09:37:12,9.34,433880,465,买盘
146,09:37:15,9.34,524563,562,买盘
147,09:37:18,9.34,404335,433,买盘
148,09:37:21,9.34,350160,375,买盘
149,09:37:24,9.34,285734,306,买盘
150,09:37:27,9.33,3011821,3225,卖盘
151,09:37:30,9.34,720059,771,买盘
152,09:37:33,9.34,1008991,1081,卖盘
153,09:37:36,9.35,454965,487,买盘
154,09:37:39,9.34,428839,459,卖盘
155,09:37:42,9.34,277430,297,卖盘
156,09:37:45,9.35,458018,490,买盘
157,09:37:48,9.34,532694,570,卖盘
158,09:37:51,9.35,1010749,1082,买盘
159,09:37:54,9.34,567264,607,卖盘
160,09:37:57,9.35,166330,178,买盘
161,09:38:00,9.34,162608,174,卖盘
162,09:38:03,9.34,834212,893,卖盘
163,09:38:06,9.34,517457,554,卖盘
164,09:38:09,9.34,260709,279,卖盘
165,09:38:12,9.34,595146,637,卖盘
166,09:38:15,9.34,372743,399,卖盘
167,09:38:18,9.34,1850308,1981,卖盘
168,09:38:21,9.34,376301,403,买盘
169,09:38:24,9.33,544344,583,卖盘
170,09:38:27,9.34,656537,703,买盘
171,09:38:30,9.33,757898,812,卖盘
172,09:38:33,9.33,450092,482,卖盘
173,09:38:36,9.34,697410,747,买盘
174,09:38:39,9.33,485588,520,卖盘
175,09:38:42,9.33,802982,860,卖盘
176,09:38:45,9.33,363108,389,卖盘
177,09:38:48,9.34,613419,657,买盘
178,09:38:51,9.34,731886,784,买盘
179,09:38:54,9.33,726179,778,卖盘
180,09:38:57,9.33,141862,152,卖盘
181,09:39:00,9.33,1260286,1350,卖盘
182,09:39:03,9.34,975766,1045,买盘
183,09:39:06,9.35,418352,448,买盘
184,09:39:09,9.35,170930,183,买盘
185,09:39:12,9.34,571618,612,卖盘
186,09:39:15,9.34,423008,453,买盘
187,09:39:18,9.34,1354246,1450,买盘
188,09:39:21,9.34,579668,621,买盘
189,09:39:24,9.34,241893,259,买盘
190,09:39:27,9.34,277470,297,卖盘
191,09:39:30,9.34,1911173,2045,卖盘
192,09:39:33,9.34,356867,382,卖盘
193,09:39:36,9.34,121444,130,卖盘
194,09:39:39,9.35,409202,438,买盘
195,09:39:42,9.35,396181,424,买盘
196,09:39:45,9.35,322532,345,买盘
197,09:39:48,9.35,903841,967,买盘
198,09:39:51,9.34,641066,686,卖盘
199,09:39:54,9.35,490694,525,买盘
200,09:39:57,9.34,398898,427,卖盘
201,09:40:00,9.35,910307,974,买盘
202,09:40:03,9.34,500110,535,卖盘
203,09:40:06,9.35,334608,358,买盘
204,09:40:09,9.35,134541,144,买盘
205,09:40:12,9.35,615554,659,买盘
206,09:40:15,9.34,313170,335,卖盘
207,09:40:18,9.34,944578,1011,卖盘
208,09:40:21,9.34,1449677,1552,卖盘
209,09:40:24,9.34,264446,283,卖盘
210,09:40:27,9.35,161660,173,买盘
211,09:40:30,9.35,1675403,1792,买盘
212,09:40:33,9.35,2089715,2235,买盘
213,09:40:36,9.34,307452,329,卖盘
214,09:40:39,9.35,588091,629,买盘
215,09:40:42,9.35,217860,233,卖盘
216,09:40:45,9.35,664842,711,卖盘
217,09:40:48,9.35,1933965,2069,卖盘
218,09:40:51,9.35,364818,390,买盘
219,09:40:54,9.35,348669,373,卖盘
220,09:40:57,9.35,99011,106,买盘
221,09:41:00,9.35,992033,1061,买盘
222,09:41:03,9.34,542102,580,卖盘
223,09:41:06,9.34,431751,462,卖盘
224,09:41:09,9.34,424273,454,卖盘
225,09:41:12,9.34,331609,355,卖盘
226,09:41:15,9.34,620316,664,卖盘
227,09:41:18,9.34,731919,783,卖盘
228,09:41:21,9.34,722630,773,卖盘
229,09:41:24,9.34,207376,222,卖盘
230,09:41:27,9.34,372712,399,卖盘
231,09:41:30,9.34,456875,489,卖盘
232,09:41:33,9.34,267155,286,卖盘
233,09:41:36,9.34,453013,485,卖盘
234,09:41:39,9.35,364581,390,买盘
235,09:41:42,9.34,285028,305,卖盘
236,09:41:45,9.34,481147,515,卖盘
237,09:41:48,9.34,652938,699,卖盘
238,09:41:51,9.34,614590,658,卖盘
239,09:41:54,9.34,2057705,2202,卖盘
240,09:41:57,9.34,350258,375,卖盘
241,09:42:00,9.34,664558,711,卖盘
242,09:42:03,9.34,743041,795,卖盘
243,09:42:06,9.35,584782,626,买盘
244,09:42:09,9.35,1073513,1149,买盘
245,09:42:12,9.35,1206122,1291,买盘
246,09:42:15,9.35,4636238,4959,买盘
247,09:42:18,9.35,374038,400,买盘
248,09:42:21,9.35,491890,526,卖盘
249,09:42:24,9.35,604049,646,卖盘
250,09:42:27,9.35,299215,320,卖盘
251,09:42:30,9.36,1590641,1701,买盘
252,09:42:33,9.36,153368,164,买盘
253,09:42:36,9.35,642445,687,卖盘
254,09:42:39,9.35,573183,613,卖盘
255,09:42:42,9.35,526522,563,买盘
256,09:42:45,9.36,518032,554,买盘
257,09:42:48,9.35,1546815,1654,卖盘
258,09:42:51,9.36,641722,686,买盘
259,09:42:54,9.36,999562,1068,买盘
260,09:42:57,9.36,394055,421,买盘
261,09:43:00,9.36,1311128,1401,买盘
262,09:43:03,9.36,212503,227,买盘
263,09:43:06,9.37,109527,117,买盘
264,09:43:09,9.38,2653543,2832,买盘
265,09:43:12,9.37,89993,96,卖盘
266,09:43:15,9.38,518399,553,买盘
267,09:43:18,9.38,470696,502,买盘
268,09:43:21,9.38,580225,619,买盘
269,09:43:24,9.38,884730,944,买盘
270,09:43:27,9.38,413381,441,买盘
271,09:43:30,9.38,1351408,1441,买盘
272,09:43:33,9.38,782218,834,买盘
273,09:43:36,9.38,180040,192,买盘
274,09:43:39,9.38,362989,387,买盘
275,09:43:42,9.38,1043964,1113,买盘
276,09:43:45,9.38,377038,402,买盘
277,09:43:48,9.38,428594,457,买盘
278,09:43:51,9.38,604003,644,买盘
279,09:43:54,9.38,354542,378,买盘
280,09:43:57,9.38,281363,300,卖盘
281,09:44:00,9.38,245738,262,买盘
282,09:44:03,9.38,296406,316,买盘
283,09:44:06,9.38,535613,571,买盘
284,09:44:09,9.38,258896,276,卖盘
285,09:44:12,9.39,3396052,3617,买盘
286,09:44:15,9.39,222450,237,买盘
287,09:44:18,9.39,566122,603,买盘
288,09:44:21,9.38,702315,748,卖盘
289,09:44:24,9.38,205606,219,卖盘
290,09:44:27,9.38,62883,67,卖盘
291,09:44:30,9.38,2415376,2575,卖盘
292,09:44:33,9.38,240126,256,买盘
293,09:44:36,9.37,668729,713,卖盘
294,09:44:39,9.37,2564797,2737,卖盘
295,09:44:42,9.38,403971,431,买盘
296,09:44:45,9.37,269979,288,卖盘
297,09:44:48,9.37,306537,327,卖盘
298,09:44:51,9.37,1307377,1395,卖盘
299,09:44:54,9.37,157396,168,买盘
300,09:44:57,9.37,316578,338,买盘
301,09:45:00,9.36,619440,661,卖盘
302,09:45:03,9.36,96493,103,卖盘
303,09:45:06,9.36,416618,445,卖盘
304,09:45:09,9.36,49634,53,卖盘
305,09:45:12,9.36,283716,303,卖盘
306,09:45:15,9.36,159209,170,卖盘
307,09:45:18,9.36,1097939,1173,卖盘
308,09:45:21,9.36,2788753,2980,卖盘
309,09:45:24,9.36,197496,211,买盘
310,09:45:27,9.35,236683,253,卖盘
311,09:45:30,9.36,1780478,1904,买盘
312,09:45:33,9.36,1051954,1125,买盘
313,09:45:36,9.36,429432,459,买盘
314,09:45:39,9.36,257190,275,买盘
315,09:45:42,9.36,609956,652,买盘
316,09:45:45,9.36,147856,158,买盘
317,09:45:48,9.35,1092130,1167,卖盘
318,09:45:51,9.35,822927,880,卖盘
319,09:45:54,9.35,183301,196,卖盘
320,09:45:57,9.36,384669,411,买盘
321,09:46:00,9.36,800438,856,卖盘
322,09:46:03,9.36,510823,546,买盘
323,09:46:06,9.36,251608,269,买盘
324,09:46:09,9.35,224548,240,卖盘
325,09:46:12,9.35,93574,100,卖盘
326,09:46:15,9.35,230998,247,卖盘
327,09:46:18,9.35,309657,331,卖盘
328,09:46:21,9.35,97285,104,卖盘
329,09:46:24,9.36,154367,165,买盘
330,09:46:27,9.35,348909,373,卖盘
331,09:46:30,9.36,113174,121,买盘
332,09:46:33,9.36,501639,536,买盘
333,09:46:36,9.35,37426,40,卖盘
334,09:46:39,9.35,87894,94,卖盘
335,09:46:42,9.36,702293,751,买盘
336,09:46:45,9.36,589648,630,买盘
337,09:46:48,9.36,801196,856,买盘
338,09:46:51,9.36,225549,241,卖盘
339,09:46:54,9.36,52391,56,买盘
340,09:46:57,9.35,173124,185,卖盘
341,09:47:00,9.36,21528,23,买盘
342,09:47:03,9.36,147828,158,买盘
343,09:47:06,9.35,373083,399,卖盘
344,09:47:09,9.36,114101,122,买盘
345,09:47:12,9.36,2833339,3030,买盘
346,09:47:15,9.36,74833,80,买盘
347,09:47:18,9.36,508016,543,买盘
348,09:47:21,9.35,168312,180,卖盘
349,09:47:24,9.36,77627,83,买盘
350,09:47:27,9.36,259250,277,买盘
351,09:47:30,9.36,63645,68,买盘
352,09:47:33,9.36,556390,595,买盘
353,09:47:36,9.36,1438994,1539,买盘
354,09:47:39,9.36,540479,578,买盘
355,09:47:42,9.36,1289736,1378,买盘
356,09:47:45,9.36,232064,248,买盘
357,09:47:48,9.36,70187,75,买盘
358,09:47:51,9.36,511045,546,买盘
359,09:47:54,9.36,380002,406,买盘
360,09:47:57,9.36,212472,227,买盘
361,09:48:00,9.35,3176454,3397,卖盘
362,09:48:03,9.36,237838,254,买盘
363,09:48:06,9.36,204054,218,卖盘
364,09:48:09,9.36,338864,362,卖盘
365,09:48:12,9.36,275184,294,买盘
366,09:48:15,9.35,932215,996,卖盘
367,09:48:18,9.36,113236,121,中性盘
368,09:48:21,9.37,76784,82,买盘
369,09:48:24,9.36,133921,143,卖盘
370,09:48:27,9.37,243390,260,买盘
371,09:48:30,9.36,106744,114,卖盘
372,09:48:33,9.37,451555,482,买盘
373,09:48:36,9.36,133910,143,卖盘
374,09:48:39,9.36,3470895,3705,卖盘
375,09:48:42,9.36,36512,39,卖盘
376,09:48:45,9.36,316423,338,卖盘
377,09:48:48,9.36,485352,519,买盘
378,09:48:51,9.37,494874,529,买盘
379,09:48:54,9.35,402067,430,卖盘
380,09:48:57,9.35,133841,143,卖盘
381,09:49:00,9.35,382755,409,卖盘
382,09:49:03,9.35,150610,161,卖盘
383,09:49:06,9.35,278762,298,卖盘
384,09:49:09,9.36,551238,589,买盘
385,09:49:12,9.36,182338,195,买盘
386,09:49:15,9.36,492080,526,买盘
387,09:49:18,9.36,1012741,1082,买盘
388,09:49:21,9.36,272232,291,买盘
389,09:49:24,9.35,2318881,2480,卖盘
390,09:49:27,9.36,179712,192,买盘
391,09:49:30,9.36,834088,891,卖盘
392,09:49:33,9.36,505391,540,买盘
393,09:49:36,9.36,331384,354,卖盘
394,09:49:39,9.36,79598,85,卖盘
395,09:49:42,9.36,142277,152,卖盘
396,09:49:45,9.36,217154,232,卖盘
397,09:49:48,9.36,253736,271,卖盘
398,09:49:51,9.37,183491,196,买盘
399,09:49:54,9.36,331547,354,卖盘
400,09:49:57,9.36,82388,88,卖盘
401,09:50:00,9.37,263268,281,买盘
402,09:50:03,9.36,535789,572,卖盘
403,09:50:06,9.37,82434,88,买盘
404,09:50:09,9.36,373666,399,卖盘
405,09:50:12,9.37,690569,737,买盘
406,09:50:15,9.37,771673,823,买盘
407,09:50:18,9.37,104954,112,卖盘
408,09:50:21,9.38,321412,343,买盘
409,09:50:24,9.38,211925,226,买盘
410,09:50:27,9.37,1010148,1078,卖盘
411,09:50:30,9.38,268015,286,买盘
412,09:50:33,9.37,403968,431,卖盘
413,09:50:36,9.38,204296,218,买盘
414,09:50:39,9.38,68471,73,买盘
415,09:50:42,9.38,246674,263,买盘
416,09:50:45,9.38,343919,367,买盘
417,09:50:48,9.37,147239,157,卖盘
418,09:50:51,9.37,163043,174,卖盘
419,09:50:54,9.38,336489,359,买盘
420,09:50:57,9.38,180909,193,买盘
421,09:51:00,9.37,96535,103,卖盘
422,09:51:03,9.37,363674,388,卖盘
423,09:51:06,9.37,274594,293,卖盘
424,09:51:09,9.38,124634,133,买盘
425,09:51:12,9.38,289618,309,买盘
426,09:51:15,9.38,176312,188,买盘
427,09:51:18,9.38,86286,92,买盘
428,09:51:21,9.37,69340,74,卖盘
429,09:51:24,9.38,290755,310,买盘
430,09:51:27,9.37,302705,323,卖盘
431,09:51:30,9.37,214678,229,卖盘
432,09:51:33,9.37,197707,211,卖盘
433,09:51:36,9.38,237216,253,买盘
434,09:51:39,9.38,108771,116,买盘
435,09:51:42,9.37,92782,99,卖盘
436,09:51:45,9.37,53421,57,卖盘
437,09:51:48,9.37,891091,951,卖盘
438,09:51:51,9.37,157441,168,卖盘
439,09:51:54,9.37,163094,174,卖盘
440,09:51:57,9.37,144352,154,卖盘
441,09:52:00,9.37,1023273,1091,卖盘
442,09:52:03,9.38,92828,99,买盘
443,09:52:06,9.38,25308,27,买盘
444,09:52:09,9.38,167845,179,买盘
445,09:52:12,9.37,70295,75,卖盘
446,09:52:15,9.38,1991337,2123,买盘
447,09:52:18,9.38,74102,79,买盘
448,09:52:21,9.38,181893,194,买盘
449,09:52:24,9.38,1745825,1862,买盘
450,09:52:27,9.38,145390,155,卖盘
451,09:52:30,9.38,362068,386,买盘
452,09:52:33,9.38,1096542,1169,买盘
453,09:52:36,9.37,151859,162,卖盘
454,09:52:39,9.38,213864,228,买盘
455,09:52:42,9.39,112652,120,买盘
456,09:52:45,9.38,147382,157,卖盘
457,09:52:48,9.38,59094,63,卖盘
458,09:52:51,9.38,333075,355,卖盘
459,09:52:54,9.39,267580,285,买盘
460,09:52:57,9.38,119225,127,卖盘
461,09:53:00,9.38,555850,592,卖盘
462,09:53:03,9.39,313626,334,买盘
463,09:53:06,9.39,61035,65,买盘
464,09:53:09,9.38,182128,194,卖盘
465,09:53:12,9.39,137037,146,买盘
466,09:53:15,9.39,64786,69,买盘
467,09:53:18,9.39,633820,675,买盘
468,09:53:21,9.38,841988,897,卖盘
469,09:53:24,9.39,1133898,1208,买盘
470,09:53:27,9.4,1644469,1751,买盘
471,09:53:30,9.39,141792,151,卖盘
472,09:53:33,9.39,80825,86,卖盘
473,09:53:36,9.39,272363,290,卖盘
474,09:53:39,9.39,458695,488,卖盘
475,09:53:42,9.39,168190,179,卖盘
476,09:53:45,9.4,185120,197,买盘
477,09:53:48,9.4,219905,234,买盘
478,09:53:51,9.4,243413,259,买盘
479,09:53:54,9.4,145669,155,买盘
480,09:53:57,9.4,209595,223,买盘
481,09:54:00,9.4,3429106,3648,买盘
482,09:54:03,9.41,642614,683,买盘
483,09:54:06,9.41,1155511,1228,买盘
484,09:54:09,9.4,261562,278,卖盘
485,09:54:12,9.41,419656,446,买盘
486,09:54:15,9.41,250304,266,买盘
487,09:54:18,9.41,245599,261,买盘
488,09:54:21,9.41,447914,476,买盘
489,09:54:24,9.41,167484,178,买盘
490,09:54:27,9.41,369812,393,买盘
491,09:54:30,9.41,711385,756,买盘
492,09:54:33,9.4,1312685,1395,卖盘
493,09:54:36,9.41,379223,403,买盘
494,09:54:39,9.41,232426,247,买盘
495,09:54:42,9.41,761993,810,买盘
496,09:54:45,9.41,413079,439,买盘
497,09:54:48,9.41,303025,322,中性盘
498,09:54:51,9.41,635299,675,卖盘
499,09:54:54,9.41,92218,98,买盘
500,09:54:57,9.41,426296,453,买盘
501,09:55:00,9.42,285132,303,买盘
502,09:55:03,9.41,76239,81,中性盘
503,09:55:06,9.41,229805,244,卖盘
504,09:55:09,9.42,633558,673,买盘
505,09:55:12,9.42,631951,671,买盘
506,09:55:15,9.41,151636,161,卖盘
507,09:55:18,9.42,978677,1039,买盘
508,09:55:21,9.41,106406,113,卖盘
509,09:55:24,9.42,32016,34,买盘
510,09:55:27,9.41,1188746,1263,卖盘
511,09:55:30,9.41,408441,434,中性盘
512,09:55:33,9.41,1730134,1837,买盘
513,09:55:36,9.42,100777,107,买盘
514,09:55:39,9.42,800625,850,买盘
515,09:55:42,9.42,744939,791,买盘
516,09:55:45,9.42,741183,787,买盘
517,09:55:48,9.42,108314,115,买盘
518,09:55:51,9.42,251503,267,买盘
519,09:55:54,9.42,193108,205,买盘
520,09:55:57,9.42,227954,242,买盘
521,09:56:00,9.41,211883,225,卖盘
522,09:56:03,9.41,584930,621,卖盘
523,09:56:06,9.42,209083,222,买盘
524,09:56:09,9.42,2435620,2586,买盘
525,09:56:12,9.42,323097,343,买盘
526,09:56:15,9.42,388797,413,买盘
527,09:56:18,9.41,60279,64,卖盘
528,09:56:21,9.42,66882,71,买盘
529,09:56:24,9.42,169522,180,买盘
530,09:56:27,9.42,65912,70,买盘
531,09:56:30,9.41,571774,607,卖盘
532,09:56:33,9.42,1521180,1615,买盘
533,09:56:36,9.42,126226,134,买盘
534,09:56:39,9.42,140348,149,买盘
535,09:56:42,9.41,110179,117,卖盘
536,09:56:45,9.42,243020,258,买盘
537,09:56:48,9.42,173303,184,买盘
538,09:56:51,9.41,256095,272,卖盘
539,09:56:54,9.41,204210,217,卖盘
540,09:56:57,9.41,252317,268,卖盘
541,09:57:00,9.41,227799,242,卖盘
542,09:57:03,9.41,384070,408,卖盘
543,09:57:06,9.42,493245,524,买盘
544,09:57:09,9.41,85632,91,卖盘
545,09:57:12,9.41,58374,62,卖盘
546,09:57:15,9.41,133632,142,卖盘
547,09:57:18,9.41,340776,362,卖盘
548,09:57:21,9.42,1952725,2073,买盘
549,09:57:24,9.42,72526,77,买盘
550,09:57:27,9.41,93252,99,卖盘
551,09:57:30,9.42,103612,110,买盘
552,09:57:33,9.42,268339,285,买盘
553,09:57:36,9.42,234503,249,买盘
554,09:57:39,9.42,95111,101,买盘
555,09:57:42,9.41,166709,177,卖盘
556,09:57:45,9.42,188394,200,买盘
557,09:57:48,9.42,52752,56,买盘
558,09:57:51,9.42,156369,166,买盘
559,09:57:54,9.41,589469,626,卖盘
560,09:57:57,9.41,41416,44,卖盘
561,09:58:00,9.42,92305,98,买盘
562,09:58:03,9.42,169530,180,买盘
563,09:58:06,9.41,255266,271,卖盘
564,09:58:09,9.41,155353,165,卖盘
565,09:58:12,9.41,48966,52,卖盘
566,09:58:15,9.42,40491,43,买盘
567,09:58:18,9.42,246771,262,买盘
568,09:58:21,9.42,112967,120,买盘
569,09:58:24,9.42,546187,580,买盘
570,09:58:27,9.42,222230,236,买盘
571,09:58:30,9.42,311524,331,买盘
572,09:58:33,9.42,135626,144,买盘
573,09:58:36,9.42,276847,294,买盘
574,09:58:39,9.42,554738,589,买盘
575,09:58:42,9.41,88525,94,卖盘
576,09:58:45,9.41,78182,83,卖盘
577,09:58:48,9.41,112039,119,卖盘
578,09:58:51,9.41,100763,107,卖盘
579,09:58:54,9.42,170431,181,买盘
580,09:58:57,9.42,400195,425,买盘
581,09:59:00,9.41,56476,60,卖盘
582,09:59:03,9.42,178031,189,买盘
583,09:59:06,9.42,184495,196,买盘
584,09:59:09,9.42,161999,172,买盘
585,09:59:12,9.42,76251,81,买盘
586,09:59:15,9.41,507326,539,卖盘
587,09:59:18,9.42,140333,149,买盘
588,09:59:21,9.42,34837,37,买盘
589,09:59:24,9.42,54596,58,买盘
590,09:59:27,9.42,339003,360,买盘
591,09:59:30,9.41,130858,139,卖盘
592,09:59:33,9.41,110191,117,卖盘
593,09:59:36,9.41,113916,121,卖盘
594,09:59:39,9.41,235302,250,卖盘
595,09:59:42,9.41,253209,269,卖盘
596,09:59:45,9.41,167576,178,卖盘
597,09:59:48,9.42,184515,196,买盘
598,09:59:51,9.41,178828,190,卖盘
599,09:59:54,9.41,30117,32,卖盘
600,09:59:57,9.41,350055,372,卖盘
601,10:00:00,9.42,143996,153,买盘
602,10:00:03,9.41,135530,144,卖盘
603,10:00:06,9.4,4242845,4509,卖盘
604,10:00:09,9.41,144857,154,买盘
605,10:00:12,9.41,688212,732,买盘
606,10:00:15,9.4,197409,210,卖盘
607,10:00:18,9.41,189983,202,买盘
608,10:00:21,9.4,113741,121,卖盘
609,10:00:24,9.4,352504,375,卖盘
610,10:00:27,9.4,76180,81,卖盘
611,10:00:30,9.4,211656,225,卖盘
612,10:00:33,9.4,392080,417,卖盘
613,10:00:36,9.4,295168,314,卖盘
614,10:00:39,9.4,88365,94,卖盘
615,10:00:42,9.41,506970,539,买盘
616,10:00:45,9.4,1617847,1721,卖盘
617,10:00:48,9.4,181510,193,卖盘
618,10:00:51,9.4,1229522,1308,卖盘
619,10:00:54,9.4,729450,776,卖盘
620,10:00:57,9.4,669280,712,买盘
621,10:01:00,9.4,275450,293,卖盘
622,10:01:03,9.4,173000,184,卖盘
623,10:01:06,9.4,739862,787,卖盘
624,10:01:09,9.4,193640,206,卖盘
625,10:01:12,9.41,4323949,4595,买盘
626,10:01:15,9.41,378396,402,卖盘
627,10:01:18,9.41,174163,185,卖盘
628,10:01:21,9.42,73438,78,买盘
629,10:01:24,9.42,268228,285,买盘
630,10:01:27,9.42,186331,198,买盘
631,10:01:30,9.42,340969,362,买盘
632,10:01:33,9.41,76269,81,卖盘
633,10:01:36,9.41,879746,934,卖盘
634,10:01:39,9.42,586618,623,买盘
635,10:01:42,9.41,123371,131,卖盘
636,10:01:45,9.42,314558,334,买盘
637,10:01:48,9.42,304175,323,买盘
638,10:01:51,9.42,541642,575,买盘
639,10:01:54,9.41,470954,500,卖盘
640,10:01:57,9.42,109254,116,买盘
641,10:02:03,9.41,204360,217,卖盘
642,10:02:06,9.41,314401,334,卖盘
643,10:02:09,9.41,109170,116,卖盘
644,10:02:12,9.42,6590,7,买盘
645,10:02:15,9.41,71518,76,卖盘
646,10:02:18,9.41,116743,124,卖盘
647,10:02:21,9.41,94141,100,卖盘
648,10:02:24,9.42,250443,266,买盘
649,10:02:27,9.41,33886,36,卖盘
650,10:02:30,9.41,23530,25,卖盘
651,10:02:33,9.41,153390,163,卖盘
652,10:02:36,9.42,1641107,1744,买盘
653,10:02:39,9.42,112033,119,买盘
654,10:02:42,9.41,190088,202,卖盘
655,10:02:45,9.41,251353,267,卖盘
656,10:02:48,9.42,168464,179,买盘
657,10:02:51,9.41,34817,37,卖盘
658,10:02:54,9.41,148695,158,卖盘
659,10:02:57,9.41,86580,92,卖盘
660,10:03:00,9.41,4705,5,卖盘
661,10:03:03,9.42,177039,188,买盘
662,10:03:06,9.42,206140,219,买盘
663,10:03:09,9.42,128092,136,买盘
664,10:03:12,9.42,85696,91,买盘
665,10:03:15,9.42,239163,254,买盘
666,10:03:18,9.42,12245,13,买盘
667,10:03:21,9.42,90430,96,买盘
668,10:03:24,9.42,131866,140,买盘
669,10:03:27,9.42,289166,307,买盘
670,10:03:30,9.41,409740,435,卖盘
671,10:03:33,9.42,617010,655,买盘
672,10:03:36,9.42,3776670,4009,买盘
673,10:03:39,9.42,142242,151,卖盘
674,10:03:42,9.42,531288,564,卖盘
675,10:03:45,9.42,47094,50,买盘
676,10:03:48,9.42,376800,400,买盘
677,10:03:51,9.42,147870,157,买盘
678,10:03:54,9.42,167640,178,买盘
679,10:03:57,9.42,155419,165,买盘
680,10:04:00,9.41,34824,37,卖盘
681,10:04:03,9.42,211945,225,买盘
682,10:04:06,9.42,109272,116,买盘
683,10:04:09,9.41,734987,781,卖盘
684,10:04:12,9.42,121483,129,买盘
685,10:04:15,9.42,78143,83,买盘
686,10:04:18,9.41,31063,33,卖盘
687,10:04:21,9.42,22608,24,买盘
688,10:04:27,9.41,56468,60,卖盘
689,10:04:30,9.41,92265,98,卖盘
690,10:04:33,9.42,9420,10,买盘
691,10:04:36,9.41,29191,31,卖盘
692,10:04:39,9.41,58342,62,卖盘
693,10:04:42,9.41,111084,118,卖盘
694,10:04:45,9.41,34840,37,卖盘
695,10:04:48,9.41,401837,427,卖盘
696,10:04:51,9.42,85686,91,买盘
697,10:04:54,9.41,48932,52,卖盘
698,10:04:57,9.41,65924,70,卖盘
699,10:05:00,9.42,193893,206,买盘
700,10:05:03,9.41,35774,38,卖盘
701,10:05:06,9.42,23535,25,买盘
702,10:05:09,9.41,15997,17,卖盘
703,10:05:12,9.41,76252,81,卖盘
704,10:05:15,9.41,2803253,2979,卖盘
705,10:05:18,9.4,20697,22,卖盘
706,10:05:21,9.41,473918,504,买盘
707,10:05:24,9.41,65868,70,买盘
708,10:05:27,9.41,153373,163,买盘
709,10:05:30,9.41,161852,172,买盘
710,10:05:33,9.41,251038,267,买盘
711,10:05:36,9.4,361039,384,卖盘
712,10:05:39,9.4,120368,128,卖盘
713,10:05:42,9.4,26320,28,卖盘
714,10:05:45,9.4,61100,65,卖盘
715,10:05:48,9.4,66763,71,卖盘
716,10:05:51,9.4,32910,35,卖盘
717,10:05:54,9.4,31020,33,卖盘
718,10:05:57,9.4,154234,164,卖盘
719,10:06:00,9.4,436160,464,卖盘
720,10:06:03,9.4,149471,159,卖盘
721,10:06:06,9.4,188952,201,卖盘
722,10:06:09,9.41,2274150,2417,买盘
723,10:06:12,9.4,76147,81,卖盘
724,10:06:15,9.4,73362,78,卖盘
725,10:06:18,9.4,23505,25,卖盘
726,10:06:21,9.4,294220,313,卖盘
727,10:06:24,9.4,116560,124,卖盘
728,10:06:27,9.41,160756,171,买盘
729,10:06:30,9.41,697516,742,买盘
730,10:06:33,9.41,81794,87,买盘
731,10:06:36,9.41,310438,330,买盘
732,10:06:39,9.41,318672,339,买盘
733,10:06:42,9.4,127949,136,卖盘
734,10:06:45,9.41,55500,59,买盘
735,10:06:48,9.41,7528,8,买盘
736,10:06:51,9.4,101613,108,卖盘
737,10:06:54,9.41,1167773,1241,买盘
738,10:06:57,9.41,125168,133,卖盘
739,10:07:00,9.41,114810,122,卖盘
740,10:07:03,9.41,45186,48,卖盘
741,10:07:06,9.41,353816,376,卖盘
742,10:07:09,9.41,93168,99,卖盘
743,10:07:12,9.41,192932,205,卖盘
744,10:07:15,9.41,536367,570,卖盘
745,10:07:18,9.41,116694,124,买盘
746,10:07:21,9.41,162789,173,卖盘
747,10:07:24,9.41,127037,135,卖盘
748,10:07:27,9.41,125153,133,卖盘
749,10:07:30,9.41,44227,47,卖盘
750,10:07:33,9.41,77173,82,卖盘
751,10:07:36,9.41,104476,111,卖盘
752,10:07:39,9.42,102644,109,买盘
753,10:07:42,9.42,4639335,4925,买盘
754,10:07:45,9.42,868945,922,买盘
755,10:07:48,9.42,54638,58,卖盘
756,10:07:51,9.42,98910,105,卖盘
757,10:07:54,9.42,203471,216,买盘
758,10:07:57,9.41,60234,64,卖盘
759,10:08:00,9.42,63114,67,买盘
760,10:08:03,9.42,336293,357,买盘
761,10:08:06,9.42,179926,191,买盘
762,10:08:09,9.42,151649,161,卖盘
763,10:08:12,9.42,86676,92,卖盘
764,10:08:15,9.41,102642,109,卖盘
765,10:08:18,9.42,27314,29,买盘
766,10:08:21,9.42,386220,410,买盘
767,10:08:24,9.42,55578,59,买盘
768,10:08:27,9.43,292030,310,买盘
769,10:08:30,9.43,204430,217,买盘
770,10:08:33,9.42,182774,194,卖盘
771,10:08:36,9.42,56544,60,卖盘
772,10:08:39,9.42,51855,55,卖盘
773,10:08:42,9.42,1429272,1516,卖盘
774,10:08:45,9.42,56570,60,卖盘
775,10:08:48,9.43,85754,91,买盘
776,10:08:51,9.43,42395,45,买盘
777,10:08:54,9.43,334623,355,买盘
778,10:08:57,9.43,126361,134,买盘
779,10:09:00,9.43,106545,113,买盘
780,10:09:03,9.43,108416,115,买盘
781,10:09:06,9.43,85813,91,买盘
782,10:09:09,9.43,786451,834,买盘
783,10:09:12,9.43,118817,126,买盘
784,10:09:15,9.43,229149,243,买盘
785,10:09:18,9.43,168797,179,买盘
786,10:09:21,9.43,1152330,1222,买盘
787,10:09:24,9.43,316778,336,买盘
788,10:09:27,9.42,66952,71,卖盘
789,10:09:30,9.43,939264,996,买盘
790,10:09:33,9.43,124542,132,卖盘
791,10:09:36,9.44,142483,151,买盘
792,10:09:39,9.44,398296,422,买盘
793,10:09:42,9.44,148138,157,买盘
794,10:09:45,9.44,387861,411,买盘
795,10:09:48,9.44,438960,465,买盘
796,10:09:51,9.44,59452,63,买盘
797,10:09:54,9.44,275648,292,买盘
798,10:09:57,9.44,588106,623,买盘
799,10:10:00,9.44,339840,360,买盘
800,10:10:03,9.44,506928,537,买盘
801,10:10:06,9.44,430464,456,买盘
802,10:10:09,9.44,2182511,2312,买盘
803,10:10:12,9.44,33074,35,卖盘
804,10:10:15,9.44,93469,99,卖盘
805,10:10:18,9.45,756331,801,买盘
806,10:10:21,9.45,190780,202,买盘
807,10:10:24,9.45,562930,596,买盘
808,10:10:27,9.45,302285,320,买盘
809,10:10:30,9.45,554693,587,买盘
810,10:10:33,9.45,308040,326,买盘
811,10:10:36,9.45,70875,75,买盘
812,10:10:39,9.44,246616,261,卖盘
813,10:10:42,9.45,150244,159,买盘
814,10:10:45,9.44,143554,152,卖盘
815,10:10:48,9.44,614176,650,卖盘
816,10:10:51,9.45,58550,62,买盘
817,10:10:54,9.45,64227,68,买盘
818,10:10:57,9.44,152115,161,卖盘
819,10:11:00,9.45,231511,245,买盘
820,10:11:03,9.45,548966,581,买盘
821,10:11:06,9.45,255113,270,买盘
822,10:11:09,9.45,627375,664,买盘
823,10:11:12,9.45,344827,365,买盘
824,10:11:15,9.45,76534,81,买盘
825,10:11:18,9.45,343016,363,买盘
826,10:11:21,9.45,250405,265,买盘
827,10:11:24,9.45,993190,1051,买盘
828,10:11:27,9.45,392174,415,买盘
829,10:11:30,9.44,224823,238,卖盘
830,10:11:33,9.44,201240,213,卖盘
831,10:11:36,9.44,310895,329,卖盘
832,10:11:39,9.44,349538,370,卖盘
833,10:11:42,9.45,339079,359,买盘
834,10:11:45,9.45,231475,245,买盘
835,10:11:48,9.44,183291,194,卖盘
836,10:11:51,9.44,296487,314,卖盘
837,10:11:54,9.44,512668,543,卖盘
838,10:11:57,9.44,93520,99,卖盘
839,10:12:00,9.44,438058,464,卖盘
840,10:12:03,9.44,84981,90,卖盘
841,10:12:06,9.44,492804,522,卖盘
842,10:12:09,9.45,214365,227,买盘
843,10:12:12,9.44,243739,258,卖盘
844,10:12:15,9.45,167095,177,买盘
845,10:12:18,9.44,170925,181,卖盘
846,10:12:21,9.45,873127,924,买盘
847,10:12:24,9.45,33075,35,买盘
848,10:12:27,9.45,314665,333,买盘
849,10:12:30,9.44,115223,122,卖盘
850,10:12:33,9.45,297385,315,买盘
851,10:12:36,9.44,224874,238,卖盘
852,10:12:39,9.44,559792,593,卖盘
853,10:12:42,9.45,89745,95,买盘
854,10:12:45,9.45,303232,321,买盘
855,10:12:48,9.45,118093,125,买盘
856,10:12:51,9.45,347748,368,买盘
857,10:12:54,9.44,194614,206,卖盘
858,10:12:57,9.45,904365,957,买盘
859,10:13:00,9.45,396622,420,买盘
860,10:13:03,9.45,313622,332,买盘
861,10:13:06,9.45,869335,920,买盘
862,10:13:09,9.44,640549,678,卖盘
863,10:13:12,9.45,430904,456,买盘
864,10:13:15,9.45,138904,147,买盘
865,10:13:18,9.45,327869,347,买盘
866,10:13:21,9.45,72762,77,买盘
867,10:13:24,9.44,24563,26,卖盘
868,10:13:27,9.44,53822,57,卖盘
869,10:13:30,9.44,37787,40,卖盘
870,10:13:33,9.45,126588,134,买盘
871,10:13:36,9.45,154951,164,买盘
872,10:13:39,9.45,102965,109,买盘
873,10:13:42,9.45,119050,126,买盘
874,10:13:45,9.44,60436,64,卖盘
875,10:13:48,9.45,299499,317,买盘
876,10:13:51,9.44,106781,113,卖盘
877,10:13:54,9.45,68982,73,买盘
878,10:13:57,9.45,406131,430,买盘
879,10:14:00,9.45,33075,35,买盘
880,10:14:03,9.45,134190,142,买盘
881,10:14:06,9.44,180429,191,卖盘
882,10:14:09,9.44,225842,239,卖盘
883,10:14:12,9.44,72693,77,卖盘
884,10:14:15,9.44,50056,53,卖盘
885,10:14:18,9.44,111423,118,卖盘
886,10:14:21,9.45,123756,131,买盘
887,10:14:24,9.45,109600,116,买盘
888,10:14:27,9.45,158739,168,买盘
889,10:14:30,9.45,214339,227,买盘
890,10:14:33,9.44,69894,74,卖盘
891,10:14:36,9.45,905329,959,买盘
892,10:14:39,9.45,166291,176,买盘
893,10:14:42,9.44,126531,134,卖盘
894,10:14:45,9.45,119033,126,买盘
895,10:14:48,9.45,224804,238,买盘
896,10:14:51,9.44,300414,318,卖盘
897,10:14:54,9.45,211613,224,买盘
898,10:14:57,9.45,161587,171,买盘
899,10:15:00,9.44,76537,81,卖盘
900,10:15:03,9.45,164377,174,买盘
901,10:15:06,9.45,225838,239,买盘
902,10:15:09,9.44,200248,212,卖盘
903,10:15:12,9.45,132274,140,买盘
904,10:15:15,9.44,27387,29,卖盘
905,10:15:18,9.44,194577,206,卖盘
906,10:15:21,9.44,127500,135,卖盘
907,10:15:24,9.44,186062,197,卖盘
908,10:15:27,9.45,91618,97,买盘
909,10:15:30,9.45,114329,121,买盘
910,10:15:33,9.45,318389,337,买盘
911,10:15:36,9.45,207873,220,买盘
912,10:15:39,9.45,577295,611,买盘
913,10:15:42,9.45,119068,126,买盘
914,10:15:45,9.44,663087,702,卖盘
915,10:15:48,9.45,126621,134,买盘
916,10:15:51,9.44,1316905,1394,卖盘
917,10:15:54,9.45,226793,240,买盘
918,10:15:57,9.45,166306,176,买盘
919,10:16:00,9.45,461144,488,买盘
920,10:16:03,9.45,1406042,1488,买盘
921,10:16:06,9.44,528243,559,卖盘
922,10:16:09,9.44,141733,150,卖盘
923,10:16:12,9.45,690751,731,买盘
924,10:16:15,9.45,210694,223,买盘
925,10:16:18,9.45,52903,56,买盘
926,10:16:21,9.45,1027213,1087,买盘
927,10:16:24,9.45,1646283,1742,卖盘
928,10:16:27,9.45,66208,70,卖盘
929,10:16:30,9.46,398928,422,买盘
930,10:16:33,9.45,213698,226,卖盘
931,10:16:36,9.45,76595,81,卖盘
932,10:16:39,9.45,71876,76,卖盘
933,10:16:42,9.46,2367240,2505,买盘
934,10:16:45,9.45,275996,292,卖盘
935,10:16:48,9.45,472490,500,买盘
936,10:16:51,9.44,405404,429,卖盘
937,10:16:54,9.45,205032,217,买盘
938,10:16:57,9.45,158760,168,买盘
939,10:17:00,9.44,4720,5,卖盘
940,10:17:03,9.45,647173,685,买盘
941,10:17:06,9.45,95439,101,买盘
942,10:17:09,9.45,44405,47,买盘
943,10:17:12,9.45,418552,443,买盘
944,10:17:15,9.45,277749,294,买盘
945,10:17:18,9.44,43451,46,卖盘
946,10:17:21,9.45,171944,182,买盘
947,10:17:24,9.45,117150,124,买盘
948,10:17:27,9.44,7042250,7460,卖盘
949,10:17:30,9.44,9440,10,买盘
950,10:17:33,9.44,359657,381,买盘
951,10:17:36,9.44,241595,256,买盘
952,10:17:39,9.44,37760,40,买盘
953,10:17:42,9.43,265109,281,卖盘
954,10:17:45,9.44,190492,202,买盘
955,10:17:48,9.44,200126,212,买盘
956,10:17:51,9.44,44358,47,买盘
957,10:17:54,9.44,33981,36,买盘
958,10:17:57,9.43,83011,88,卖盘
959,10:18:00,9.44,81158,86,买盘
960,10:18:03,9.43,128371,136,卖盘
961,10:18:06,9.43,61359,65,卖盘
962,10:18:09,9.43,175451,186,卖盘
963,10:18:12,9.43,145332,154,卖盘
964,10:18:15,9.44,238679,253,买盘
965,10:18:18,9.43,53751,57,卖盘
966,10:18:21,9.44,84954,90,买盘
967,10:18:24,9.43,51882,55,卖盘
968,10:18:27,9.44,944,1,买盘
969,10:18:30,9.43,182045,193,卖盘
970,10:18:33,9.44,3192577,3382,买盘
971,10:18:36,9.44,9440,10,卖盘
972,10:18:39,9.45,86852,92,买盘
973,10:18:42,9.44,89738,95,卖盘
974,10:18:45,9.44,124633,132,卖盘
975,10:18:48,9.44,262502,278,卖盘
976,10:18:51,9.44,101012,107,卖盘
977,10:18:54,9.45,94434,100,买盘
978,10:18:57,9.44,21714,23,中性盘
979,10:19:00,9.44,249217,264,卖盘
980,10:19:03,9.44,147236,156,买盘
981,10:19:06,9.44,42480,45,买盘
982,10:19:09,9.44,266162,282,买盘
983,10:19:12,9.44,182213,193,买盘
984,10:19:15,9.45,93467,99,买盘
985,10:19:18,9.44,54752,58,卖盘
986,10:19:21,9.45,63306,67,买盘
987,10:19:24,9.44,99140,105,卖盘
988,10:19:27,9.44,203914,216,卖盘
989,10:19:30,9.45,644765,683,买盘
990,10:19:33,9.44,521085,552,卖盘
991,10:19:36,9.44,130262,138,买盘
992,10:19:39,9.44,192564,204,买盘
993,10:19:42,9.44,174640,185,买盘
994,10:19:45,9.44,64180,68,买盘
995,10:19:48,9.44,71742,76,买盘
996,10:19:51,9.44,335118,355,买盘
997,10:19:54,9.44,100997,107,买盘
998,10:19:57,9.43,75495,80,卖盘
999,10:20:00,9.44,50010,53,买盘
1000,10:20:03,9.43,213189,226,卖盘
1001,10:20:06,9.43,242572,257,卖盘
1002,10:20:09,9.43,185830,197,卖盘
1003,10:20:12,9.43,229197,243,卖盘
1004,10:20:15,9.43,120797,128,卖盘
1005,10:20:18,9.43,88695,94,卖盘
1006,10:20:21,9.43,300974,319,卖盘
1007,10:20:24,9.43,48129,51,卖盘
1008,10:20:27,9.43,360237,382,卖盘
1009,10:20:30,9.43,230242,244,卖盘
1010,10:20:33,9.43,115156,122,卖盘
1011,10:20:36,9.43,334807,355,卖盘
1012,10:20:39,9.43,79274,84,卖盘
1013,10:20:42,9.43,6601,7,卖盘
1014,10:20:45,9.43,13206,14,卖盘
1015,10:20:48,9.44,40590,43,买盘
1016,10:20:51,9.43,64124,68,卖盘
1017,10:20:54,9.43,133014,141,卖盘
1018,10:20:57,9.43,97159,103,卖盘
1019,10:21:00,9.44,146265,155,买盘
1020,10:21:03,9.43,148996,158,卖盘
1021,10:21:06,9.43,99972,106,卖盘
1022,10:21:09,9.44,42478,45,买盘
1023,10:21:12,9.43,67921,72,卖盘
1024,10:21:15,9.43,54699,58,卖盘
1025,10:21:18,9.43,840214,891,卖盘
1026,10:21:21,9.43,163147,173,卖盘
1027,10:21:24,9.43,144288,153,卖盘
1028,10:21:27,9.43,66011,70,卖盘
1029,10:21:30,9.43,383801,407,卖盘
1030,10:21:33,9.43,579951,615,卖盘
1031,10:21:36,9.43,67917,72,卖盘
1032,10:21:39,9.43,259523,275,卖盘
1033,10:21:42,9.43,66963,71,卖盘
1034,10:21:45,9.43,642184,681,卖盘
1035,10:21:48,9.43,71668,76,买盘
1036,10:21:51,9.42,44285,47,卖盘
1037,10:21:54,9.42,32029,34,卖盘
1038,10:21:57,9.43,195195,207,买盘
1039,10:22:00,9.43,138576,147,买盘
1040,10:22:03,9.42,180917,192,卖盘
1041,10:22:06,9.42,17901,19,卖盘
1042,10:22:09,9.42,77244,82,卖盘
1043,10:22:12,9.43,50890,54,买盘
1044,10:22:15,9.43,158409,168,买盘
1045,10:22:18,9.42,20739,22,卖盘
1046,10:22:21,9.42,106476,113,卖盘
1047,10:22:24,9.42,19782,21,卖盘
1048,10:22:27,9.42,71592,76,卖盘
1049,10:22:30,9.42,292061,310,卖盘
1050,10:22:33,9.43,200725,213,买盘
1051,10:22:36,9.42,217788,231,卖盘
1052,10:22:39,9.42,141363,150,卖盘
1053,10:22:42,9.43,109277,116,买盘
1054,10:22:45,9.43,351652,373,买盘
1055,10:22:48,9.43,64114,68,买盘
1056,10:22:51,9.43,157406,167,买盘
1057,10:22:54,9.43,73537,78,买盘
1058,10:22:57,9.42,132902,141,卖盘
1059,10:23:00,9.43,153666,163,买盘
1060,10:23:03,9.43,141374,150,买盘
1061,10:23:06,9.43,187577,199,买盘
1062,10:23:09,9.42,221460,235,卖盘
1063,10:23:12,9.43,1358863,1441,买盘
1064,10:23:15,9.43,27347,29,卖盘
1065,10:23:18,9.43,24518,26,卖盘
1066,10:23:21,9.43,302703,321,卖盘
1067,10:23:24,9.43,110331,117,卖盘
1068,10:23:27,9.43,20746,22,买盘
1069,10:23:30,9.43,10373,11,买盘
1070,10:23:33,9.43,97099,103,买盘
1071,10:23:36,9.43,193295,205,买盘
1072,10:23:39,9.42,159324,169,卖盘
1073,10:23:42,9.43,113112,120,买盘
1074,10:23:45,9.43,15077,16,买盘
1075,10:23:48,9.43,131054,139,买盘
1076,10:23:51,9.43,178223,189,买盘
1077,10:23:54,9.42,80089,85,卖盘
1078,10:23:57,9.43,40549,43,买盘
1079,10:24:00,9.43,103695,110,买盘
1080,10:24:03,9.43,17915,19,买盘
1081,10:24:06,9.42,126231,134,卖盘
1082,10:24:09,9.42,12246,13,卖盘
1083,10:24:12,9.42,14130,15,卖盘
1084,10:24:15,9.42,75377,80,卖盘
1085,10:24:18,9.42,86705,92,卖盘
1086,10:24:21,9.43,68807,73,买盘
1087,10:24:24,9.42,57465,61,卖盘
1088,10:24:27,9.43,72564,77,买盘
1089,10:24:30,9.42,14135,15,卖盘
1090,10:24:33,9.43,143316,152,买盘
1091,10:24:36,9.42,628016,666,卖盘
1092,10:24:39,9.42,34862,37,卖盘
1093,10:24:42,9.43,76309,81,买盘
1094,10:24:45,9.42,141330,150,卖盘
1095,10:24:48,9.42,37695,40,卖盘
1096,10:24:51,9.43,57489,61,买盘
1097,10:24:54,9.42,1597372,1694,卖盘
1098,10:24:57,9.43,52808,56,买盘
1099,10:25:00,9.42,130119,138,卖盘
1100,10:25:03,9.43,134798,143,买盘
1101,10:25:06,9.42,199913,212,卖盘
1102,10:25:09,9.43,238469,253,买盘
1103,10:25:12,9.43,87699,93,买盘
1104,10:25:15,9.43,167767,178,买盘
1105,10:25:18,9.43,17911,19,买盘
1106,10:25:21,9.43,67896,72,买盘
1107,10:25:24,9.43,108394,115,买盘
1108,10:25:27,9.42,108390,115,卖盘
1109,10:25:30,9.43,65067,69,买盘
1110,10:25:33,9.43,16974,18,买盘
1111,10:25:36,9.43,231025,245,买盘
1112,10:25:39,9.43,152749,162,买盘
1113,10:25:42,9.43,753457,799,买盘
1114,10:25:45,9.43,113160,120,卖盘
1115,10:25:48,9.43,977224,1037,卖盘
1116,10:25:51,9.43,51865,55,卖盘
1117,10:25:54,9.43,228377,242,卖盘
1118,10:25:57,9.43,60352,64,卖盘
1119,10:26:00,9.43,268755,285,卖盘
1120,10:26:03,9.43,352377,374,卖盘
1121,10:26:06,9.43,238579,253,卖盘
1122,10:26:09,9.43,63181,67,卖盘
1123,10:26:12,9.42,329093,349,卖盘
1124,10:26:15,9.43,175309,186,买盘
1125,10:26:18,9.43,151795,161,买盘
1126,10:26:21,9.42,112157,119,卖盘
1127,10:26:24,9.43,40549,43,买盘
1128,10:26:27,9.43,107412,114,买盘
1129,10:26:30,9.42,327252,347,卖盘
1130,10:26:33,9.42,35820,38,卖盘
1131,10:26:36,9.43,29233,31,买盘
1132,10:26:39,9.42,126228,134,卖盘
1133,10:26:42,9.43,27334,29,买盘
1134,10:26:45,9.43,165794,176,买盘
1135,10:26:48,9.43,35828,38,买盘
1136,10:26:51,9.42,71596,76,卖盘
1137,10:26:54,9.42,73484,78,卖盘
1138,10:26:57,9.43,75372,80,买盘
1139,10:27:00,9.43,112154,119,买盘
1140,10:27:03,9.43,99955,106,买盘
1141,10:27:06,9.43,366827,389,买盘
1142,10:27:09,9.42,218690,232,卖盘
1143,10:27:12,9.43,185608,197,买盘
1144,10:27:15,9.43,65066,69,买盘
1145,10:27:18,9.42,117750,125,卖盘
1146,10:27:21,9.43,56559,60,买盘
1147,10:27:24,9.43,11314,12,买盘
1148,10:27:27,9.42,72569,77,卖盘
1149,10:27:30,9.43,234705,249,买盘
1150,10:27:33,9.42,125415,133,卖盘
1151,10:27:36,9.42,12258,13,卖盘
1152,10:27:39,9.43,29233,31,买盘
1153,10:27:42,9.43,111192,118,买盘
1154,10:27:45,9.42,44287,47,卖盘
1155,10:27:48,9.43,25444,27,买盘
1156,10:27:51,9.43,38639,41,买盘
1157,10:27:54,9.43,48049,51,买盘
1158,10:27:57,9.43,41451,44,买盘
1159,10:28:00,9.43,276258,293,买盘
1160,10:28:03,9.43,53707,57,买盘
1161,10:28:06,9.42,38622,41,卖盘
1162,10:28:09,9.42,52755,56,卖盘
1163,10:28:12,9.42,94200,100,卖盘
1164,10:28:15,9.42,87624,93,卖盘
1165,10:28:18,9.42,46167,49,卖盘
1166,10:28:21,9.42,123402,131,卖盘
1167,10:28:24,9.42,135731,144,卖盘
1168,10:28:27,9.43,74424,79,买盘
1169,10:28:30,9.43,63180,67,买盘
1170,10:28:33,9.42,46167,49,卖盘
1171,10:28:36,9.42,74487,79,卖盘
1172,10:28:39,9.42,233638,248,卖盘
1173,10:28:42,9.43,167720,178,买盘
1174,10:28:45,9.42,51815,55,卖盘
1175,10:28:51,9.42,117805,125,卖盘
1176,10:28:54,9.42,8478,9,卖盘
1177,10:28:57,9.42,170502,181,卖盘
1178,10:29:00,9.42,2054502,2181,卖盘
1179,10:29:03,9.43,60313,64,买盘
1180,10:29:06,9.42,115866,123,卖盘
1181,10:29:09,9.42,433335,460,卖盘
1182,10:29:12,9.42,41448,44,卖盘
1183,10:29:15,9.43,17900,19,买盘
1184,10:29:18,9.42,268643,285,卖盘
1185,10:29:21,9.43,140463,149,买盘
1186,10:29:24,9.42,71634,76,卖盘
1187,10:29:27,9.42,98910,105,卖盘
1188,10:29:30,9.42,36743,39,卖盘
1189,10:29:33,9.43,441185,468,买盘
1190,10:29:36,9.42,260989,277,卖盘
1191,10:29:39,9.43,61286,65,买盘
1192,10:29:42,9.42,359869,382,卖盘
1193,10:29:45,9.43,156510,166,买盘
1194,10:29:48,9.42,17898,19,卖盘
1195,10:29:51,9.43,40528,43,买盘
1196,10:29:54,9.42,89502,95,卖盘
1197,10:29:57,9.43,22632,24,买盘
1198,10:30:00,9.42,141335,150,卖盘
1199,10:30:03,9.43,168751,179,买盘
1200,10:30:06,9.42,79142,84,卖盘
1201,10:30:09,9.43,77319,82,买盘
1202,10:30:12,9.43,231960,246,买盘
1203,10:30:15,9.42,36748,39,卖盘
1204,10:30:18,9.43,26380,28,买盘
1205,10:30:21,9.42,173437,184,卖盘
1206,10:30:24,9.43,48986,52,买盘
1207,10:30:27,9.43,239498,254,买盘
1208,10:30:30,9.42,205376,218,卖盘
1209,10:30:33,9.43,11316,12,买盘
1210,10:30:36,9.43,253497,269,买盘
1211,10:30:39,9.42,78261,83,卖盘
1212,10:30:42,9.42,112121,119,卖盘
1213,10:30:45,9.42,81070,86,卖盘
1214,10:30:48,9.42,46182,49,卖盘
1215,10:30:51,9.42,62216,66,卖盘
1216,10:30:54,9.42,324344,344,卖盘
1217,10:30:57,9.43,283646,301,买盘
1218,10:31:00,9.42,558787,593,卖盘
1219,10:31:03,9.43,1033688,1097,买盘
1220,10:31:06,9.43,29215,31,买盘
1221,10:31:09,9.43,553077,587,买盘
1222,10:31:12,9.42,34858,37,卖盘
1223,10:31:15,9.43,34883,37,买盘
1224,10:31:18,9.42,70672,75,卖盘
1225,10:31:21,9.42,17900,19,卖盘
1226,10:31:24,9.42,834023,885,卖盘
1227,10:31:27,9.43,49956,53,买盘
1228,10:31:30,9.42,50870,54,卖盘
1229,10:31:33,9.42,114056,121,卖盘
1230,10:31:36,9.42,36738,39,卖盘
1231,10:31:39,9.42,108423,115,卖盘
1232,10:31:42,9.42,17903,19,卖盘
1233,10:31:45,9.42,18840,20,卖盘
1234,10:31:48,9.43,112150,119,买盘
1235,10:31:51,9.43,165905,176,买盘
1236,10:31:54,9.43,3772,4,买盘
1237,10:31:57,9.42,34854,37,卖盘
1238,10:32:00,9.42,37680,40,卖盘
1239,10:32:03,9.42,196075,208,卖盘
1240,10:32:06,9.42,287496,305,卖盘
1241,10:32:09,9.42,354448,376,卖盘
1242,10:32:12,9.43,29231,31,买盘
1243,10:32:15,9.42,43371,46,卖盘
1244,10:32:18,9.42,65982,70,卖盘
1245,10:32:21,9.43,143336,152,买盘
1246,10:32:24,9.42,83864,89,卖盘
1247,10:32:27,9.43,40546,43,买盘
1248,10:32:30,9.42,95188,101,卖盘
1249,10:32:33,9.42,51822,55,卖盘
1250,10:32:36,9.43,105561,112,买盘
1251,10:32:39,9.42,109305,116,卖盘
1252,10:32:42,9.42,264925,281,卖盘
1253,10:32:45,9.43,29233,31,买盘
1254,10:32:48,9.42,64100,68,卖盘
1255,10:32:51,9.43,52764,56,买盘
1256,10:32:54,9.43,223305,237,买盘
1257,10:32:57,9.43,24499,26,买盘
1258,10:33:00,9.42,212050,225,卖盘
1259,10:33:03,9.43,214941,228,买盘
1260,10:33:06,9.42,18844,20,卖盘
1261,10:33:09,9.42,249758,265,卖盘
1262,10:33:12,9.43,101811,108,买盘
1263,10:33:15,9.43,94292,100,买盘
1264,10:33:18,9.43,6263539,6642,买盘
1265,10:33:21,9.43,123616,131,卖盘
1266,10:33:24,9.43,105656,112,卖盘
1267,10:33:27,9.43,1202404,1275,卖盘
1268,10:33:30,9.43,876181,929,卖盘
1269,10:33:33,9.43,94302,100,卖盘
1270,10:33:36,9.42,23572,25,卖盘
1271,10:33:39,9.42,26394,28,卖盘
1272,10:33:42,9.43,90450,96,买盘
1273,10:33:45,9.43,16031,17,买盘
1274,10:33:48,9.43,9426,10,买盘
1275,10:33:51,9.43,255526,271,买盘
1276,10:33:54,9.43,33948,36,买盘
1277,10:33:57,9.43,22628,24,买盘
1278,10:34:00,9.43,148033,157,买盘
1279,10:34:03,9.43,74492,79,买盘
1280,10:34:06,9.42,26393,28,卖盘
1281,10:34:09,9.43,9430,10,买盘
1282,10:34:12,9.43,29233,31,买盘
1283,10:34:15,9.42,39575,42,卖盘
1284,10:34:18,9.42,92316,98,卖盘
1285,10:34:21,9.43,24493,26,买盘
1286,10:34:24,9.43,38663,41,买盘
1287,10:34:27,9.43,44287,47,买盘
1288,10:34:30,9.43,191348,203,买盘
1289,10:34:33,9.43,42430,45,买盘
1290,10:34:36,9.43,63171,67,买盘
1291,10:34:39,9.43,175243,186,买盘
1292,10:34:42,9.43,778182,826,买盘
1293,10:34:45,9.43,42418,45,买盘
1294,10:34:48,9.42,64059,68,卖盘
1295,10:34:51,9.42,1916049,2034,卖盘
1296,10:34:54,9.42,129081,137,卖盘
1297,10:34:57,9.42,23554,25,卖盘
1298,10:35:00,9.42,54636,58,卖盘
1299,10:35:03,9.42,70652,75,卖盘
1300,10:35:06,9.43,84792,90,买盘
1301,10:35:09,9.42,549186,583,卖盘
1302,10:35:12,9.43,85755,91,买盘
1303,10:35:15,9.42,223254,237,卖盘
1304,10:35:18,9.43,124476,132,买盘
1305,10:35:21,9.42,69751,74,卖盘
1306,10:35:24,9.42,88556,94,卖盘
1307,10:35:27,9.42,17898,19,卖盘
1308,10:35:30,9.42,72549,77,卖盘
1309,10:35:33,9.42,138503,147,卖盘
1310,10:35:36,9.42,135746,144,卖盘
1311,10:35:39,9.43,45230,48,买盘
1312,10:35:42,9.43,106527,113,买盘
1313,10:35:48,9.43,144192,153,买盘
1314,10:35:51,9.43,169719,180,买盘
1315,10:35:54,9.43,105609,112,买盘
1316,10:35:57,9.42,330787,351,卖盘
1317,10:36:00,9.43,40518,43,买盘
1318,10:36:03,9.43,42419,45,买盘
1319,10:36:06,9.42,47145,50,卖盘
1320,10:36:09,9.43,267593,284,买盘
1321,10:36:12,9.43,41472,44,买盘
1322,10:36:15,9.42,29202,31,卖盘
1323,10:36:18,9.42,111157,118,卖盘
1324,10:36:21,9.42,733645,778,卖盘
1325,10:36:24,9.43,66948,71,买盘
1326,10:36:27,9.42,156497,166,卖盘
1327,10:36:30,9.43,179161,190,买盘
1328,10:36:33,9.44,1395651,1480,买盘
1329,10:36:36,9.43,537568,570,卖盘
1330,10:36:39,9.43,39606,42,卖盘
1331,10:36:45,9.43,81155,86,卖盘
1332,10:36:48,9.43,99963,106,卖盘
1333,10:36:51,9.43,172569,183,卖盘
1334,10:36:54,9.43,42435,45,卖盘
1335,10:36:57,9.43,75445,80,卖盘
1336,10:37:00,9.44,554109,587,买盘
1337,10:37:03,9.43,16974,18,卖盘
1338,10:37:06,9.43,14155,15,卖盘
1339,10:37:09,9.44,174488,185,买盘
1340,10:37:15,9.44,32096,34,买盘
1341,10:37:18,9.44,90613,96,买盘
1342,10:37:21,9.44,36789,39,买盘
1343,10:37:24,9.43,20747,22,卖盘
1344,10:37:27,9.44,5664,6,买盘
1345,10:37:30,9.43,42435,45,卖盘
1346,10:37:33,9.44,722415,766,买盘
1347,10:37:36,9.43,68888,73,卖盘
1348,10:37:39,9.44,43423,46,买盘
1349,10:37:42,9.43,20746,22,卖盘
1350,10:37:45,9.43,101884,108,卖盘
1351,10:37:48,9.43,58466,62,卖盘
1352,10:37:51,9.43,27347,29,卖盘
1353,10:37:54,9.43,6601,7,卖盘
1354,10:37:57,9.44,22656,24,买盘
1355,10:38:00,9.43,24519,26,卖盘
1356,10:38:03,9.44,82093,87,买盘
1357,10:38:06,9.44,14160,15,买盘
1358,10:38:09,9.43,48129,51,卖盘
1359,10:38:15,9.43,189560,201,卖盘
1360,10:38:21,9.43,99991,106,卖盘
1361,10:38:24,9.43,202923,215,卖盘
1362,10:38:27,9.43,67909,72,卖盘
1363,10:38:30,9.44,436736,463,买盘
1364,10:38:33,9.43,4715,5,卖盘
1365,10:38:36,9.43,35834,38,卖盘
1366,10:38:39,9.44,24520,26,买盘
1367,10:38:42,9.43,283923,301,卖盘
1368,10:38:45,9.43,14155,15,卖盘
1369,10:38:48,9.43,55646,59,卖盘
1370,10:38:51,9.43,809094,858,卖盘
1371,10:38:54,9.43,100018,106,卖盘
1372,10:38:57,9.43,45264,48,卖盘
1373,10:39:00,9.43,161253,171,卖盘
1374,10:39:03,9.43,192355,204,买盘
1375,10:39:06,9.42,682713,724,卖盘
1376,10:39:09,9.43,37720,40,买盘
1377,10:39:12,9.43,111174,118,买盘
1378,10:39:15,9.43,39606,42,买盘
1379,10:39:18,9.42,50920,54,卖盘
1380,10:39:21,9.43,47137,50,买盘
1381,10:39:24,9.43,139564,148,买盘
1382,10:39:27,9.43,107432,114,买盘
1383,10:39:30,9.43,288535,306,买盘
1384,10:39:33,9.43,192372,204,买盘
1385,10:39:36,9.43,237614,252,卖盘
1386,10:39:39,9.44,106589,113,买盘
1387,10:39:42,9.43,120738,128,卖盘
1388,10:39:45,9.44,84955,90,买盘
1389,10:39:48,9.43,422715,448,卖盘
1390,10:39:51,9.43,49033,52,买盘
1391,10:39:54,9.44,289680,307,买盘
1392,10:39:57,9.44,183122,194,买盘
1393,10:40:00,9.44,54752,58,买盘
1394,10:40:03,9.43,4532071,4806,卖盘
1395,10:40:06,9.43,414954,440,买盘
1396,10:40:09,9.43,73554,78,买盘
1397,10:40:12,9.42,120678,128,卖盘
1398,10:40:15,9.43,55620,59,买盘
1399,10:40:18,9.43,520511,552,买盘
1400,10:40:21,9.43,36777,39,买盘
1401,10:40:24,9.43,18850,20,买盘
1402,10:40:27,9.43,4715,5,买盘
1403,10:40:30,9.43,132019,140,买盘
1404,10:40:33,9.43,1886,2,买盘
1405,10:40:36,9.43,112207,119,买盘
1406,10:40:39,9.43,115935,123,买盘
1407,10:40:42,9.42,107440,114,卖盘
1408,10:40:45,9.43,88640,94,买盘
1409,10:40:48,9.42,22624,24,卖盘
1410,10:40:51,9.42,43354,46,卖盘
1411,10:40:54,9.42,302424,321,卖盘
1412,10:40:57,9.42,178093,189,卖盘
1413,10:41:00,9.42,29204,31,卖盘
1414,10:41:03,9.42,8479,9,卖盘
1415,10:41:06,9.43,229017,243,买盘
1416,10:41:12,9.42,11309,12,卖盘
1417,10:41:15,9.42,23550,25,卖盘
1418,10:41:18,9.43,78251,83,买盘
1419,10:41:21,9.43,992978,1053,买盘
1420,10:41:24,9.43,143213,152,买盘
1421,10:41:27,9.43,33005,35,买盘
1422,10:41:33,9.43,439438,466,买盘
1423,10:41:36,9.43,118807,126,买盘
1424,10:41:39,9.43,88642,94,买盘
1425,10:41:42,9.42,54686,58,卖盘
1426,10:41:45,9.43,137660,146,买盘
1427,10:41:48,9.43,47149,50,买盘
1428,10:41:51,9.42,9420,10,卖盘
1429,10:41:54,9.43,10368,11,买盘
1430,10:41:57,9.42,137593,146,卖盘
1431,10:42:00,9.43,9430,10,买盘
1432,10:42:03,9.42,613281,651,卖盘
1433,10:42:06,9.43,117797,125,买盘
1434,10:42:09,9.42,56575,60,卖盘
1435,10:42:12,9.42,99864,106,卖盘
1436,10:42:15,9.42,2826,3,卖盘
1437,10:42:18,9.42,111187,118,卖盘
1438,10:42:21,9.43,76337,81,买盘
1439,10:42:24,9.42,2828,3,卖盘
1440,10:42:27,9.43,116822,124,买盘
1441,10:42:30,9.43,23559,25,买盘
1442,10:42:33,9.42,6585522,6991,卖盘
1443,10:42:36,9.42,13187,14,买盘
1444,10:42:39,9.41,312704,332,卖盘
1445,10:42:42,9.41,113978,121,卖盘
1446,10:42:45,9.42,2704475,2871,买盘
1447,10:42:48,9.42,135657,144,卖盘
1448,10:42:51,9.42,505902,537,卖盘
1449,10:42:54,9.42,37662,40,卖盘
1450,10:42:57,9.42,32028,34,买盘
1451,10:43:00,9.42,11304,12,买盘
1452,10:43:03,9.42,175192,186,买盘
1453,10:43:06,9.43,268704,285,买盘
1454,10:43:09,9.42,1040020,1103,卖盘
1455,10:43:12,9.43,405911,431,买盘
1456,10:43:15,9.42,86689,92,卖盘
1457,10:43:18,9.42,88559,94,卖盘
1458,10:43:21,9.42,40522,43,卖盘
1459,10:43:24,9.43,67889,72,买盘
1460,10:43:27,9.42,68819,73,卖盘
1461,10:43:30,9.42,368395,391,卖盘
1462,10:43:33,9.42,554226,588,买盘
1463,10:43:36,9.43,189507,201,买盘
1464,10:43:39,9.43,332854,353,买盘
1465,10:43:42,9.43,169662,180,买盘
1466,10:43:45,9.42,98026,104,卖盘
1467,10:43:48,9.43,32061,34,买盘
1468,10:43:51,9.43,79212,84,买盘
1469,10:43:54,9.43,30176,32,买盘
1470,10:43:57,9.43,86753,92,买盘
1471,10:44:00,9.42,153627,163,卖盘
1472,10:44:03,9.43,86756,92,买盘
1473,10:44:06,9.43,2938948,3117,买盘
1474,10:44:09,9.43,47150,50,卖盘
1475,10:44:12,9.44,30191,32,买盘
1476,10:44:15,9.43,99015,105,卖盘
1477,10:44:18,9.43,73554,78,卖盘
1478,10:44:21,9.43,19812,21,卖盘
1479,10:44:24,9.43,24529,26,卖盘
1480,10:44:27,9.43,86759,92,卖盘
1481,10:44:30,9.43,523365,555,买盘
1482,10:44:33,9.43,80155,85,卖盘
1483,10:44:36,9.43,69807,74,中性盘
1484,10:44:39,9.43,46179,49,卖盘
1485,10:44:42,9.42,332603,353,卖盘
1486,10:44:45,9.42,19782,21,卖盘
1487,10:44:48,9.43,12259,13,买盘
1488,10:44:51,9.42,116931,124,卖盘
1489,10:44:54,9.42,119664,127,卖盘
1490,10:44:57,9.43,14144,15,买盘
1491,10:45:00,9.43,61255,65,买盘
1492,10:45:03,9.43,73548,78,买盘
1493,10:45:06,9.42,21672,23,卖盘
1494,10:45:09,9.43,67896,72,买盘
1495,10:45:12,9.43,4715,5,买盘
1496,10:45:15,9.43,262121,278,买盘
1497,10:45:18,9.42,574690,610,卖盘
1498,10:45:21,9.42,55612,59,卖盘
1499,10:45:24,9.42,32046,34,卖盘
1500,10:45:27,9.42,238387,253,卖盘
1501,10:45:30,9.42,32028,34,卖盘
1502,10:45:33,9.42,312113,331,卖盘
1503,10:45:36,9.42,127225,135,卖盘
1504,10:45:39,9.43,263083,279,买盘
1505,10:45:42,9.42,32032,34,卖盘
1506,10:45:45,9.43,423326,449,买盘
1507,10:45:48,9.42,53750,57,卖盘
1508,10:45:54,9.42,697,1,卖盘
1509,10:45:57,9.43,8724102,9261,买盘
1510,10:46:00,9.42,3672975,3895,卖盘
1511,10:46:03,9.44,60378,64,买盘
1512,10:46:06,9.44,117929,125,买盘
1513,10:46:09,9.44,256753,272,买盘
1514,10:46:12,9.43,46221,49,卖盘
1515,10:46:15,9.43,97165,103,卖盘
1516,10:46:18,9.43,107508,114,卖盘
1517,10:46:21,9.43,27352,29,卖盘
1518,10:46:24,9.43,93454,99,卖盘
1519,10:46:27,9.44,44368,47,买盘
1520,10:46:30,9.44,30202,32,买盘
1521,10:46:33,9.44,215977,229,买盘
1522,10:46:36,9.44,15103,16,买盘
1523,10:46:39,9.44,387966,411,买盘
1524,10:46:42,9.44,51890,55,买盘
1525,10:46:45,9.44,28298,30,买盘
1526,10:46:48,9.43,131077,139,卖盘
1527,10:46:51,9.44,285872,303,买盘
1528,10:46:54,9.43,70725,75,卖盘
1529,10:46:57,9.43,17920,19,卖盘
1530,10:47:00,9.44,27371,29,买盘
1531,10:47:03,9.44,49064,52,买盘
1532,10:47:06,9.43,32076,34,卖盘
1533,10:47:12,9.44,2832,3,买盘
1534,10:47:15,9.43,207487,220,卖盘
1535,10:47:18,9.43,170683,181,卖盘
1536,10:47:21,9.43,573346,608,卖盘
1537,10:47:24,9.43,93357,99,买盘
1538,10:47:27,9.44,65069,69,买盘
1539,10:47:30,9.43,18861,20,卖盘
1540,10:47:33,9.44,107616,114,买盘
1541,10:47:36,9.43,59435,63,卖盘
1542,10:47:39,9.44,272750,289,买盘
1543,10:47:42,9.43,34917,37,卖盘
1544,10:47:45,9.44,97180,103,买盘
1545,10:47:48,9.43,36777,39,卖盘
1546,10:47:51,9.43,55693,59,卖盘
1547,10:47:57,9.43,110428,117,卖盘
1548,10:48:00,9.43,189551,201,卖盘
1549,10:48:03,9.43,58497,62,卖盘
1550,10:48:06,9.44,73632,78,买盘
1551,10:48:09,9.44,6605,7,买盘
1552,10:48:12,9.43,137790,146,卖盘
1553,10:48:15,9.43,40579,43,卖盘
1554,10:48:18,9.43,17917,19,卖盘
1555,10:48:21,9.43,28290,30,卖盘
1556,10:48:24,9.43,110433,117,卖盘
1557,10:48:27,9.43,31119,33,卖盘
1558,10:48:30,9.43,130137,138,卖盘
1559,10:48:33,9.43,38663,41,卖盘
1560,10:48:36,9.44,16979,18,买盘
1561,10:48:39,9.43,81149,86,卖盘
1562,10:48:42,9.44,323496,343,买盘
1563,10:48:45,9.44,12272,13,买盘
1564,10:48:48,9.43,75503,80,卖盘
1565,10:48:51,9.44,5664,6,买盘
1566,10:48:54,9.43,39630,42,卖盘
1567,10:48:57,9.43,59440,63,卖盘
1568,10:49:00,9.43,334777,355,卖盘
1569,10:49:03,9.44,127337,135,买盘
1570,10:49:06,9.43,122701,130,卖盘
1571,10:49:09,9.44,36792,39,买盘
1572,10:49:12,9.44,382250,405,买盘
1573,10:49:15,9.44,252988,268,买盘
1574,10:49:18,9.43,446479,473,卖盘
1575,10:49:21,9.43,118917,126,卖盘
1576,10:49:24,9.44,25473,27,买盘
1577,10:49:27,9.43,67897,72,卖盘
1578,10:49:30,9.44,34923,37,买盘
1579,10:49:33,9.44,58500,62,买盘
1580,10:49:36,9.44,313393,332,买盘
1581,10:49:39,9.44,479523,508,买盘
1582,10:49:42,9.44,93456,99,买盘
1583,10:49:45,9.43,130239,138,卖盘
1584,10:49:48,9.43,17917,19,卖盘
1585,10:49:51,9.43,128368,136,卖盘
1586,10:49:54,9.43,29257,31,卖盘
1587,10:49:57,9.43,44336,47,卖盘
1588,10:50:00,9.44,402863,427,买盘
1589,10:50:03,9.44,101885,108,买盘
1590,10:50:06,9.44,448398,475,买盘
1591,10:50:09,9.44,73590,78,买盘
1592,10:50:12,9.44,2537435,2688,买盘
1593,10:50:15,9.45,5023537,5321,买盘
1594,10:50:18,9.44,13216,14,卖盘
1595,10:50:21,9.44,23600,25,卖盘
1596,10:50:24,9.44,158619,168,卖盘
1597,10:50:27,9.45,13227,14,买盘
1598,10:50:30,9.44,64241,68,卖盘
1599,10:50:33,9.44,65147,69,卖盘
1600,10:50:36,9.45,34951,37,买盘
1601,10:50:39,9.45,121828,129,买盘
1602,10:50:42,9.44,93463,99,卖盘
1603,10:50:45,9.44,9440,10,卖盘
1604,10:50:48,9.44,111482,118,卖盘
1605,10:50:51,9.45,147293,156,买盘
1606,10:50:54,9.45,290762,308,买盘
1607,10:50:57,9.45,110546,117,买盘
1608,10:51:00,9.45,82149,87,买盘
1609,10:51:03,9.45,31157,33,买盘
1610,10:51:06,9.44,27384,29,卖盘
1611,10:51:09,9.45,43429,46,买盘
1612,10:51:12,9.45,122733,130,买盘
1613,10:51:15,9.45,75580,80,买盘
1614,10:51:18,9.45,120942,128,买盘
1615,10:51:21,9.44,114259,121,卖盘
1616,10:51:24,9.44,406884,431,卖盘
1617,10:51:27,9.44,111392,118,卖盘
1618,10:51:30,9.45,131326,139,买盘
1619,10:51:33,9.45,22658,24,买盘
1620,10:51:36,9.45,61381,65,买盘
1621,10:51:39,9.45,112442,119,买盘
1622,10:51:42,9.45,80323,85,买盘
1623,10:51:45,9.44,63248,67,卖盘
1624,10:51:48,9.44,217114,230,卖盘
1625,10:51:51,9.44,86848,92,买盘
1626,10:51:54,9.44,12271,13,买盘
1627,10:51:57,9.44,96258,102,买盘
1628,10:52:00,9.44,41536,44,买盘
1629,10:52:03,9.44,50032,53,买盘
1630,10:52:06,9.44,21699,23,买盘
1631,10:52:09,9.43,33007,35,卖盘
1632,10:52:12,9.43,24521,26,卖盘
1633,10:52:15,9.43,26404,28,卖盘
1634,10:52:18,9.44,14152,15,买盘
1635,10:52:21,9.44,234814,249,买盘
1636,10:52:24,9.44,7552,8,买盘
1637,10:52:27,9.43,12259,13,卖盘
1638,10:52:30,9.44,61360,65,买盘
1639,10:52:33,9.43,123596,131,卖盘
1640,10:52:36,9.44,505016,535,买盘
1641,10:52:39,9.44,645294,684,买盘
1642,10:52:42,9.44,389860,413,买盘
1643,10:52:45,9.44,129313,137,买盘
1644,10:52:48,9.44,100062,106,买盘
1645,10:52:51,9.44,289770,307,买盘
1646,10:52:54,9.43,136840,145,卖盘
1647,10:52:57,9.44,10384,11,买盘
1648,10:53:00,9.44,57584,61,买盘
1649,10:53:03,9.43,44321,47,卖盘
1650,10:53:06,9.44,111392,118,买盘
1651,10:53:09,9.44,167936,178,买盘
1652,10:53:12,9.43,65127,69,卖盘
1653,10:53:15,9.44,59453,63,买盘
1654,10:53:18,9.43,50962,54,卖盘
1655,10:53:21,9.43,790084,837,卖盘
1656,10:53:24,9.44,438890,465,买盘
1657,10:53:27,9.44,32096,34,买盘
1658,10:53:30,9.44,86848,92,买盘
1659,10:53:33,9.43,4715,5,卖盘
1660,10:53:36,9.44,23578,25,买盘
1661,10:53:39,9.44,37760,40,买盘
1662,10:53:42,9.43,49995,53,卖盘
1663,10:53:45,9.44,97132,103,买盘
1664,10:53:48,9.43,114193,121,卖盘
1665,10:53:51,9.43,118865,126,卖盘
1666,10:53:54,9.44,33017,35,买盘
1667,10:53:57,9.44,245414,260,买盘
1668,10:54:00,9.43,21689,23,卖盘
1669,10:54:03,9.43,201030,213,卖盘
1670,10:54:06,9.43,31140,33,卖盘
1671,10:54:09,9.44,83999,89,买盘
1672,10:54:12,9.43,124476,132,卖盘
1673,10:54:15,9.44,1447507,1535,买盘
1674,10:54:18,9.43,21689,23,卖盘
1675,10:54:21,9.43,99045,105,卖盘
1676,10:54:24,9.43,170744,181,卖盘
1677,10:54:27,9.44,33040,35,买盘
1678,10:54:30,9.43,229161,243,卖盘
1679,10:54:33,9.43,44357,47,卖盘
1680,10:54:36,9.43,10373,11,卖盘
1681,10:54:39,9.43,45264,48,卖盘
1682,10:54:42,9.43,80156,85,卖盘
1683,10:54:45,9.43,47152,50,卖盘
1684,10:54:48,9.43,28296,30,卖盘
1685,10:54:51,9.43,120704,128,卖盘
1686,10:54:54,9.44,50032,53,买盘
1687,10:54:57,9.44,28320,30,买盘
1688,10:55:00,9.43,88665,94,卖盘
1689,10:55:03,9.44,50014,53,买盘
1690,10:55:06,9.44,944,1,买盘
1691,10:55:09,9.43,30187,32,卖盘
1692,10:55:12,9.44,51920,55,买盘
1693,10:55:15,9.43,22632,24,卖盘
1694,10:55:18,9.43,352687,374,卖盘
1695,10:55:21,9.43,26429,28,卖盘
1696,10:55:24,9.43,101946,108,卖盘
1697,10:55:27,9.44,300163,318,买盘
1698,10:55:30,9.44,216158,229,买盘
1699,10:55:33,9.44,197276,209,买盘
1700,10:55:36,9.44,24542,26,买盘
1701,10:55:39,9.44,428568,454,买盘
1702,10:55:42,9.44,15099,16,买盘
1703,10:55:45,9.44,8496,9,买盘
1704,10:55:48,9.43,94300,100,卖盘
1705,10:55:54,9.44,5664,6,买盘
1706,10:55:57,9.44,49083,52,买盘
1707,10:56:00,9.43,101909,108,卖盘
1708,10:56:03,9.44,50032,53,买盘
1709,10:56:06,9.44,177472,188,买盘
1710,10:56:09,9.44,41493,44,买盘
1711,10:56:12,9.43,33962,36,卖盘
1712,10:56:15,9.43,92490,98,卖盘
1713,10:56:18,9.44,84944,90,买盘
1714,10:56:21,9.43,112271,119,卖盘
1715,10:56:24,9.44,45292,48,买盘
1716,10:56:27,9.44,22656,24,买盘
1717,10:56:30,9.43,56580,60,卖盘
1718,10:56:33,9.43,45264,48,卖盘
1719,10:56:36,9.43,198060,210,卖盘
1720,10:56:39,9.44,16048,17,买盘
1721,10:56:42,9.44,42458,45,买盘
1722,10:56:48,9.43,16031,17,卖盘
1723,10:56:51,9.43,37720,40,卖盘
1724,10:56:54,9.43,184074,195,卖盘
1725,10:57:00,9.44,798921,847,买盘
1726,10:57:03,9.44,47182,50,买盘
1727,10:57:06,9.43,31119,33,卖盘
1728,10:57:09,9.43,39616,42,卖盘
1729,10:57:12,9.43,99964,106,卖盘
1730,10:57:18,9.44,62252,66,买盘
1731,10:57:21,9.43,138631,147,卖盘
1732,10:57:24,9.43,154652,164,卖盘
1733,10:57:27,9.43,48101,51,卖盘
1734,10:57:30,9.43,19803,21,卖盘
1735,10:57:33,9.43,108445,115,卖盘
1736,10:57:36,9.44,33006,35,买盘
1737,10:57:39,9.44,286740,304,买盘
1738,10:57:42,9.43,172725,183,卖盘
1739,10:57:45,9.43,16031,17,卖盘
1740,10:57:48,9.44,2832,3,买盘
1741,10:57:51,9.43,234907,249,卖盘
1742,10:57:54,9.43,124477,132,卖盘
1743,10:57:57,9.43,195350,207,卖盘
1744,10:58:00,9.43,58488,62,卖盘
1745,10:58:03,9.43,63181,67,卖盘
1746,10:58:06,9.43,50922,54,卖盘
1747,10:58:09,9.43,10373,11,卖盘
1748,10:58:12,9.44,50958,54,买盘
1749,10:58:15,9.43,25471,27,卖盘
1750,10:58:18,9.43,9430,10,卖盘
1751,10:58:21,9.43,117876,125,卖盘
1752,10:58:24,9.43,22638,24,卖盘
1753,10:58:27,9.43,26404,28,卖盘
1754,10:58:33,9.44,495544,525,买盘
1755,10:58:36,9.43,185001,196,卖盘
1756,10:58:42,9.43,10373,11,卖盘
1757,10:58:45,9.44,184842,196,买盘
1758,10:58:48,9.43,17919,19,卖盘
1759,10:58:51,9.44,1888,2,买盘
1760,10:58:54,9.44,100064,106,买盘
1761,10:58:57,9.44,113185,120,买盘
1762,10:59:00,9.43,17918,19,卖盘
1763,10:59:03,9.43,108454,115,卖盘
1764,10:59:06,9.43,8487,9,卖盘
1765,10:59:09,9.44,57584,61,买盘
1766,10:59:12,9.44,16992,18,买盘
1767,10:59:15,9.43,66042,70,卖盘
1768,10:59:18,9.44,36815,39,买盘
1769,10:59:21,9.44,69856,74,买盘
1770,10:59:24,9.44,1888,2,买盘
1771,10:59:27,9.43,69817,74,卖盘
1772,10:59:30,9.44,167943,178,买盘
1773,10:59:33,9.44,68884,73,买盘
1774,10:59:36,9.44,41502,44,买盘
1775,10:59:39,9.43,316159,335,卖盘
1776,10:59:42,9.44,107605,114,买盘
1777,10:59:45,9.44,95324,101,买盘
1778,10:59:48,9.44,68878,73,买盘
1779,10:59:51,9.44,1992672,2113,买盘
1780,10:59:54,9.44,129273,137,买盘
1781,10:59:57,9.44,124590,132,买盘
1782,11:00:00,9.44,49053,52,买盘
1783,11:00:03,9.44,118000,125,买盘
1784,11:00:06,9.44,166094,176,买盘
1785,11:00:09,9.44,141582,150,买盘
1786,11:00:12,9.44,17918,19,买盘
1787,11:00:15,9.44,31128,33,买盘
1788,11:00:18,9.44,632328,670,买盘
1789,11:00:21,9.44,426374,452,买盘
1790,11:00:24,9.43,49980,53,卖盘
1791,11:00:27,9.43,21689,23,卖盘
1792,11:00:30,9.44,43389,46,买盘
1793,11:00:33,9.44,23600,25,买盘
1794,11:00:36,9.44,92424,98,买盘
1795,11:00:39,9.43,114203,121,卖盘
1796,11:00:42,9.44,114223,121,买盘
1797,11:00:45,9.44,29257,31,买盘
1798,11:00:48,9.44,10380,11,买盘
1799,11:00:51,9.43,45282,48,卖盘
1800,11:00:54,9.44,20751,22,买盘
1801,11:01:00,9.43,49992,53,卖盘
1802,11:01:03,9.43,38663,41,卖盘
1803,11:01:06,9.43,24518,26,卖盘
1804,11:01:09,9.44,63225,67,买盘
1805,11:01:12,9.43,350816,372,卖盘
1806,11:01:15,9.44,13216,14,买盘
1807,11:01:18,9.43,84880,90,卖盘
1808,11:01:21,9.43,1566304,1661,卖盘
1809,11:01:24,9.43,19787,21,买盘
1810,11:01:27,9.43,41485,44,买盘
1811,11:01:30,9.42,151796,161,卖盘
1812,11:01:33,9.43,147083,156,买盘
1813,11:01:36,9.43,183875,195,买盘
1814,11:01:39,9.42,177274,188,卖盘
1815,11:01:42,9.43,9430,10,买盘
1816,11:01:45,9.43,31109,33,买盘
1817,11:01:48,9.43,51865,55,买盘
1818,11:01:51,9.42,113992,121,卖盘
1819,11:01:54,9.43,14145,15,买盘
1820,11:01:57,9.42,99857,106,卖盘
1821,11:02:00,9.42,28260,30,卖盘
1822,11:02:03,9.42,45216,48,卖盘
1823,11:02:06,9.43,6601,7,买盘
1824,11:02:09,9.42,64998,69,卖盘
1825,11:02:12,9.42,16014,17,卖盘
1826,11:02:15,9.42,121568,129,卖盘
1827,11:02:18,9.42,35806,38,卖盘
1828,11:02:21,9.43,78231,83,买盘
1829,11:02:24,9.42,242105,257,卖盘
1830,11:02:27,9.43,691203,733,买盘
1831,11:02:30,9.42,171445,182,卖盘
1832,11:02:33,9.42,29202,31,卖盘
1833,11:02:36,9.43,260956,277,买盘
1834,11:02:39,9.43,158308,168,买盘
1835,11:02:42,9.42,39594,42,卖盘
1836,11:02:45,9.43,2854461,3027,买盘
1837,11:02:48,9.42,13188,14,卖盘
1838,11:02:51,9.43,50917,54,买盘
1839,11:02:54,9.43,5658,6,买盘
1840,11:02:57,9.43,1495009,1587,买盘
1841,11:03:00,9.43,137678,146,买盘
1842,11:03:03,9.42,321509,341,卖盘
1843,11:03:06,9.43,25461,27,买盘
1844,11:03:09,9.43,109324,116,买盘
1845,11:03:12,9.43,327821,348,买盘
1846,11:03:15,9.42,73545,78,卖盘
1847,11:03:18,9.42,400408,425,卖盘
1848,11:03:21,9.43,14135,15,买盘
1849,11:03:24,9.43,427710,454,买盘
1850,11:03:27,9.43,236676,251,买盘
1851,11:03:30,9.42,65048,69,卖盘
1852,11:03:36,9.42,236451,251,卖盘
1853,11:03:39,9.43,3771,4,买盘
1854,11:03:42,9.42,500222,531,卖盘
1855,11:03:45,9.42,1087088,1154,卖盘
1856,11:03:51,9.42,73476,78,卖盘
1857,11:03:54,9.42,16014,17,卖盘
1858,11:03:57,9.42,95172,101,卖盘
1859,11:04:00,9.42,844995,897,卖盘
1860,11:04:03,9.42,759268,806,卖盘
1861,11:04:06,9.43,272288,289,买盘
1862,11:04:09,9.42,39564,42,卖盘
1863,11:04:12,9.42,494565,525,卖盘
1864,11:04:15,9.42,90455,96,卖盘
1865,11:04:18,9.43,208352,221,买盘
1866,11:04:21,9.42,60288,64,卖盘
1867,11:04:24,9.42,280006,297,卖盘
1868,11:04:27,9.42,283542,301,卖盘
1869,11:04:30,9.42,64056,68,卖盘
1870,11:04:33,9.42,229849,244,卖盘
1871,11:04:36,9.42,530404,563,卖盘
1872,11:04:39,9.43,21684,23,买盘
1873,11:04:42,9.42,145070,154,卖盘
1874,11:04:45,9.42,18850,20,卖盘
1875,11:04:48,9.42,89490,95,卖盘
1876,11:04:51,9.42,61230,65,卖盘
1877,11:04:54,9.42,412445,438,卖盘
1878,11:04:57,9.42,60270,64,买盘
1879,11:05:00,9.42,95142,101,买盘
1880,11:05:03,9.41,206198,219,卖盘
1881,11:05:06,9.41,98887,105,卖盘
1882,11:05:09,9.42,141216,150,买盘
1883,11:05:15,9.41,64946,69,卖盘
1884,11:05:18,9.42,160001,170,买盘
1885,11:05:21,9.42,101656,108,买盘
1886,11:05:24,9.41,68728,73,卖盘
1887,11:05:27,9.41,86587,92,卖盘
1888,11:05:30,9.41,83808,89,卖盘
1889,11:05:33,9.41,911898,969,卖盘
1890,11:05:36,9.42,54614,58,买盘
1891,11:05:39,9.42,165743,176,买盘
1892,11:05:42,9.42,308955,328,买盘
1893,11:05:45,9.42,257151,273,买盘
1894,11:05:48,9.41,135610,144,卖盘
1895,11:05:51,9.42,53692,57,买盘
1896,11:05:54,9.42,125226,133,买盘
1897,11:05:57,9.41,95103,101,卖盘
1898,11:06:00,9.41,94122,100,卖盘
1899,11:06:03,9.42,136580,145,买盘
1900,11:06:06,9.42,30134,32,买盘
1901,11:06:09,9.42,60278,64,买盘
1902,11:06:12,9.42,246710,262,买盘
1903,11:06:15,9.42,83821,89,买盘
1904,11:06:18,9.42,106413,113,买盘
1905,11:06:21,9.42,29174,31,买盘
1906,11:06:24,9.42,77241,82,买盘
1907,11:06:27,9.41,137453,146,卖盘
1908,11:06:30,9.42,281445,299,买盘
1909,11:06:33,9.42,117704,125,买盘
1910,11:06:36,9.42,167508,178,买盘
1911,11:06:39,9.42,144098,153,买盘
1912,11:06:42,9.42,48968,52,买盘
1913,11:06:45,9.42,194984,207,买盘
1914,11:06:48,9.42,284460,302,买盘
1915,11:06:51,9.42,368473,391,买盘
1916,11:06:54,9.43,36770,39,买盘
1917,11:06:57,9.43,32052,34,买盘
1918,11:07:00,9.43,54694,58,买盘
1919,11:07:03,9.43,32050,34,买盘
1920,11:07:06,9.43,33005,35,买盘
1921,11:07:09,9.42,1444086,1533,卖盘
1922,11:07:12,9.42,81972,87,卖盘
1923,11:07:15,9.42,205205,218,卖盘
1924,11:07:18,9.42,139577,148,买盘
1925,11:07:21,9.42,35796,38,卖盘
1926,11:07:24,9.42,29202,31,卖盘
1927,11:07:27,9.42,22608,24,卖盘
1928,11:07:30,9.42,34855,37,卖盘
1929,11:07:33,9.42,118768,126,卖盘
1930,11:07:36,9.42,160180,170,卖盘
1931,11:07:39,9.42,32996,35,卖盘
1932,11:07:42,9.42,59335,63,卖盘
1933,11:07:45,9.42,76302,81,买盘
1934,11:07:48,9.41,39528,42,卖盘
1935,11:07:51,9.42,32013,34,买盘
1936,11:07:54,9.42,278578,296,买盘
1937,11:07:57,9.41,39562,42,卖盘
1938,11:08:00,9.42,21655,23,买盘
1939,11:08:03,9.42,20703,22,买盘
1940,11:08:06,9.42,20709,22,买盘
1941,11:08:09,9.41,74342,79,卖盘
1942,11:08:12,9.41,95050,101,卖盘
1943,11:08:15,9.41,4705,5,卖盘
1944,11:08:18,9.41,941,1,卖盘
1945,11:08:21,9.42,125269,133,买盘
1946,11:08:24,9.41,30112,32,卖盘
1947,11:08:27,9.41,272890,290,卖盘
1948,11:08:30,9.41,34817,37,卖盘
1949,11:08:33,9.41,36699,39,卖盘
1950,11:08:36,9.41,37648,40,卖盘
1951,11:08:39,9.41,6587,7,卖盘
1952,11:08:42,9.42,84730,90,买盘
1953,11:08:45,9.42,53649,57,买盘
1954,11:08:48,9.41,30140,32,卖盘
1955,11:08:51,9.41,20707,22,卖盘
1956,11:08:54,9.42,60280,64,买盘
1957,11:08:57,9.41,55520,59,卖盘
1958,11:09:00,9.41,448862,477,卖盘
1959,11:09:03,9.41,119595,127,卖盘
1960,11:09:06,9.42,108271,115,买盘
1961,11:09:09,9.41,594295,631,卖盘
1962,11:09:12,9.41,31994,34,卖盘
1963,11:09:15,9.41,163771,174,卖盘
1964,11:09:18,9.41,83749,89,卖盘
1965,11:09:21,9.41,50814,54,卖盘
1966,11:09:24,9.41,16938,18,卖盘
1967,11:09:27,9.41,55519,59,卖盘
1968,11:09:30,9.41,99788,106,卖盘
1969,11:09:33,9.41,396207,421,卖盘
1970,11:09:36,9.42,95091,101,买盘
1971,11:09:39,9.41,53683,57,卖盘
1972,11:09:42,9.41,18820,20,卖盘
1973,11:09:45,9.41,117650,125,卖盘
1974,11:09:48,9.41,11292,12,卖盘
1975,11:09:51,9.41,68693,73,卖盘
1976,11:09:54,9.41,105392,112,卖盘
1977,11:09:57,9.42,411267,437,买盘
1978,11:10:00,9.41,134648,143,卖盘
1979,11:10:03,9.41,19761,21,卖盘
1980,11:10:06,9.41,18821,20,卖盘
1981,11:10:09,9.41,74384,79,卖盘
1982,11:10:12,9.41,139376,148,卖盘
1983,11:10:15,9.41,26348,28,卖盘
1984,11:10:18,9.41,46129,49,卖盘
1985,11:10:21,9.42,51756,55,买盘
1986,11:10:24,9.41,36700,39,卖盘
1987,11:10:27,9.42,41430,44,买盘
1988,11:10:30,9.41,263485,280,卖盘
1989,11:10:33,9.41,68693,73,卖盘
1990,11:10:36,9.41,858212,912,卖盘
1991,11:10:39,9.42,60230,64,买盘
1992,11:10:42,9.41,44227,47,卖盘
1993,11:10:45,9.41,127035,135,卖盘
1994,11:10:48,9.41,108259,115,卖盘
1995,11:10:51,9.41,88454,94,卖盘
1996,11:10:54,9.41,91299,97,卖盘
1997,11:10:57,9.42,79994,85,买盘
1998,11:11:00,9.42,39532,42,买盘
1999,11:11:03,9.41,142091,151,卖盘
2000,11:11:06,9.42,120481,128,买盘
2001,11:11:09,9.41,18820,20,卖盘
2002,11:11:12,9.42,40468,43,买盘
2003,11:11:15,9.42,48984,52,买盘
2004,11:11:18,9.42,13188,14,买盘
2005,11:11:21,9.42,9420,10,买盘
2006,11:11:24,9.42,63114,67,买盘
2007,11:11:27,9.41,60252,64,卖盘
2008,11:11:30,9.42,68725,73,买盘
2009,11:11:33,9.42,9412,10,买盘
2010,11:11:36,9.41,52697,56,卖盘
2011,11:11:39,9.41,4705,5,卖盘
2012,11:11:42,9.41,63047,67,卖盘
2013,11:11:45,9.41,34817,37,卖盘
2014,11:11:48,9.42,41448,44,买盘
2015,11:11:51,9.42,49878,53,买盘
2016,11:11:54,9.41,25410,27,卖盘
2017,11:11:57,9.41,137418,146,卖盘
2018,11:12:00,9.42,42353,45,买盘
2019,11:12:03,9.42,257128,273,买盘
2020,11:12:06,9.42,29201,31,买盘
2021,11:12:09,9.42,5652,6,买盘
2022,11:12:12,9.42,58387,62,买盘
2023,11:12:15,9.42,129003,137,买盘
2024,11:12:18,9.41,25426,27,卖盘
2025,11:12:21,9.42,122460,130,买盘
2026,11:12:24,9.42,25429,27,买盘
2027,11:12:27,9.42,99809,106,买盘
2028,11:12:30,9.41,97004,103,卖盘
2029,11:12:33,9.41,10351,11,卖盘
2030,11:12:36,9.41,25407,27,卖盘
2031,11:12:39,9.41,234389,249,卖盘
2032,11:12:42,9.42,108315,115,买盘
2033,11:12:45,9.41,58343,62,卖盘
2034,11:12:48,9.41,202315,215,卖盘
2035,11:12:51,9.41,50814,54,卖盘
2036,11:12:54,9.42,68765,73,买盘
2037,11:12:57,9.41,64929,69,卖盘
2038,11:13:00,9.41,60224,64,卖盘
2039,11:13:03,9.41,95060,101,卖盘
2040,11:13:06,9.42,58352,62,买盘
2041,11:13:09,9.41,14115,15,卖盘
2042,11:13:12,9.41,35758,38,卖盘
2043,11:13:15,9.41,27289,29,卖盘
2044,11:13:18,9.41,4705,5,卖盘
2045,11:13:21,9.41,23525,25,卖盘
2046,11:13:24,9.41,66822,71,卖盘
2047,11:13:27,9.42,47052,50,买盘
2048,11:13:30,9.41,144924,154,卖盘
2049,11:13:33,9.41,7528,8,卖盘
2050,11:13:36,9.42,92232,98,买盘
2051,11:13:39,9.41,35758,38,卖盘
2052,11:13:42,9.41,33877,36,卖盘
2053,11:13:45,9.42,106338,113,买盘
2054,11:13:48,9.42,11294,12,买盘
2055,11:13:51,9.42,19781,21,买盘
2056,11:13:54,9.42,57427,61,买盘
2057,11:13:57,9.41,56460,60,卖盘
2058,11:14:00,9.41,12233,13,卖盘
2059,11:14:03,9.42,51792,55,买盘
2060,11:14:06,9.41,359794,382,卖盘
2061,11:14:09,9.41,33893,36,卖盘
2062,11:14:12,9.42,2930533,3111,买盘
2063,11:14:15,9.42,344442,366,买盘
2064,11:14:18,9.42,62172,66,买盘
2065,11:14:21,9.41,52719,56,卖盘
2066,11:14:24,9.41,354184,376,卖盘
2067,11:14:27,9.42,9420,10,买盘
2068,11:14:30,9.41,39522,42,卖盘
2069,11:14:33,9.41,11301,12,卖盘
2070,11:14:36,9.42,80070,85,买盘
2071,11:14:39,9.41,81928,87,卖盘
2072,11:14:42,9.42,42390,45,买盘
2073,11:14:45,9.42,114919,122,买盘
2074,11:14:48,9.41,65870,70,卖盘
2075,11:14:51,9.42,31998,34,买盘
2076,11:14:54,9.41,10360,11,卖盘
2077,11:14:57,9.41,24480,26,卖盘
2078,11:15:00,9.42,68712,73,买盘
2079,11:15:03,9.42,117750,125,买盘
2080,11:15:12,9.42,1116253,1185,买盘
2081,11:15:15,9.42,52752,56,卖盘
2082,11:15:18,9.42,67824,72,卖盘
2083,11:15:21,9.42,88548,94,卖盘
2084,11:15:24,9.43,35801,38,买盘
2085,11:15:27,9.42,36757,39,卖盘
2086,11:15:30,9.42,201588,214,卖盘
2087,11:15:33,9.42,40536,43,卖盘
2088,11:15:36,9.42,22614,24,卖盘
2089,11:15:39,9.43,29213,31,买盘
2090,11:15:42,9.43,68790,73,买盘
2091,11:15:45,9.43,159222,169,买盘
2092,11:15:48,9.43,129077,137,买盘
2093,11:15:51,9.42,30160,32,卖盘
2094,11:15:54,9.43,312849,332,买盘
2095,11:15:57,9.42,19782,21,卖盘
2096,11:16:00,9.42,51815,55,卖盘
2097,11:16:03,9.42,36739,39,卖盘
2098,11:16:06,9.43,35800,38,买盘
2099,11:16:09,9.43,80155,85,买盘
2100,11:16:12,9.42,36741,39,卖盘
2101,11:16:15,9.42,15072,16,卖盘
2102,11:16:18,9.42,184632,196,卖盘
2103,11:16:21,9.42,39574,42,卖盘
2104,11:16:24,9.42,694254,737,卖盘
2105,11:16:27,9.42,26381,28,中性盘
2106,11:16:30,9.42,3768,4,买盘
2107,11:16:33,9.42,48042,51,买盘
2108,11:16:36,9.42,51792,55,买盘
2109,11:16:39,9.42,137532,146,买盘
2110,11:16:42,9.42,61195,65,买盘
2111,11:16:45,9.42,135637,144,买盘
2112,11:16:48,9.41,20711,22,卖盘
2113,11:16:51,9.42,151662,161,买盘
2114,11:16:54,9.42,57481,61,卖盘
2115,11:16:57,9.42,16960,18,卖盘
2116,11:17:00,9.43,12249,13,买盘
2117,11:17:03,9.42,110214,117,卖盘
2118,11:17:06,9.42,97991,104,卖盘
2119,11:17:09,9.43,103719,110,买盘
2120,11:17:12,9.43,430543,457,买盘
2121,11:17:15,9.42,10362,11,卖盘
2122,11:17:18,9.43,42403,45,买盘
2123,11:17:21,9.42,3769,4,卖盘
2124,11:17:24,9.42,54646,58,卖盘
2125,11:17:27,9.43,82949,88,买盘
2126,11:17:30,9.43,333544,354,买盘
2127,11:17:33,9.42,59382,63,卖盘
2128,11:17:36,9.43,48998,52,买盘
2129,11:17:39,9.42,97977,104,卖盘
2130,11:17:42,9.43,18849,20,买盘
2131,11:17:45,9.42,53703,57,卖盘
2132,11:17:48,9.43,13202,14,买盘
2133,11:17:51,9.42,31086,33,卖盘
2134,11:17:54,9.43,100803,107,买盘
2135,11:18:00,9.43,139426,148,买盘
2136,11:18:03,9.42,99905,106,卖盘
2137,11:18:06,9.43,63173,67,买盘
2138,11:18:09,9.42,74441,79,卖盘
2139,11:18:12,9.42,173337,184,卖盘
2140,11:18:15,9.43,223338,237,买盘
2141,11:18:18,9.42,65029,69,卖盘
2142,11:18:21,9.42,73476,78,卖盘
2143,11:18:24,9.42,276957,294,卖盘
2144,11:18:27,9.41,102639,109,卖盘
2145,11:18:33,9.41,73412,78,卖盘
2146,11:18:36,9.42,100768,107,买盘
2147,11:18:39,9.41,176134,187,卖盘
2148,11:18:42,9.41,295744,314,卖盘
2149,11:18:45,9.41,124310,132,卖盘
2150,11:18:48,9.42,48963,52,买盘
2151,11:18:51,9.41,142111,151,卖盘
2152,11:18:54,9.41,148768,158,卖盘
2153,11:18:57,9.42,2826,3,买盘
2154,11:19:00,9.42,221161,235,买盘
2155,11:19:03,9.41,35778,38,卖盘
2156,11:19:06,9.41,91338,97,卖盘
2157,11:19:09,9.42,153460,163,买盘
2158,11:19:12,9.42,69644,74,买盘
2159,11:19:15,9.41,312723,332,卖盘
2160,11:19:18,9.41,31056,33,卖盘
2161,11:19:21,9.41,148750,158,卖盘
2162,11:19:24,9.42,69700,74,买盘
2163,11:19:27,9.41,18830,20,卖盘
2164,11:19:30,9.41,22585,24,卖盘
2165,11:19:33,9.41,69640,74,卖盘
2166,11:19:36,9.42,16939,18,买盘
2167,11:19:39,9.41,46109,49,卖盘
2168,11:19:42,9.41,118593,126,卖盘
2169,11:19:45,9.41,80956,86,卖盘
2170,11:19:48,9.41,137392,146,卖盘
2171,11:19:51,9.41,44227,47,卖盘
2172,11:19:54,9.42,228882,243,买盘
2173,11:19:57,9.41,141261,150,卖盘
2174,11:20:00,9.41,50824,54,卖盘
2175,11:20:03,9.42,46148,49,买盘
2176,11:20:06,9.41,29175,31,卖盘
2177,11:20:12,9.41,74363,79,卖盘
2178,11:20:15,9.41,20707,22,卖盘
2179,11:20:18,9.41,47082,50,卖盘
2180,11:20:21,9.42,83838,89,买盘
2181,11:20:24,9.41,132723,141,卖盘
2182,11:20:27,9.41,941,1,卖盘
2183,11:20:30,9.41,94102,100,卖盘
2184,11:20:33,9.42,7536,8,买盘
2185,11:20:36,9.41,165619,176,卖盘
2186,11:20:39,9.42,33912,36,买盘
2187,11:20:42,9.41,39530,42,卖盘
2188,11:20:45,9.41,672815,715,卖盘
2189,11:20:48,9.41,42347,45,卖盘
2190,11:20:51,9.42,61175,65,买盘
2191,11:20:54,9.41,42361,45,卖盘
2192,11:20:57,9.42,22591,24,买盘
2193,11:21:00,9.41,39524,42,卖盘
2194,11:21:03,9.41,122330,130,卖盘
2195,11:21:06,9.41,36699,39,卖盘
2196,11:21:09,9.41,133660,142,卖盘
2197,11:21:12,9.42,44237,47,买盘
2198,11:21:15,9.41,73398,78,卖盘
2199,11:21:18,9.41,177969,189,卖盘
2200,11:21:21,9.41,73420,78,卖盘
2201,11:21:24,9.41,120518,128,卖盘
2202,11:21:27,9.41,172218,183,卖盘
2203,11:21:30,9.41,37641,40,卖盘
2204,11:21:33,9.41,78138,83,卖盘
2205,11:21:36,9.42,54609,58,买盘
2206,11:21:39,9.42,109209,116,买盘
2207,11:21:42,9.41,40477,43,卖盘
2208,11:21:45,9.42,58404,62,买盘
2209,11:21:48,9.42,98910,105,买盘
2210,11:21:51,9.42,94178,100,买盘
2211,11:21:54,9.42,63114,67,买盘
2212,11:21:57,9.42,33890,36,买盘
2213,11:22:00,9.41,76246,81,卖盘
2214,11:22:03,9.41,132738,141,卖盘
2215,11:22:06,9.41,15997,17,卖盘
2216,11:22:09,9.41,79095,84,卖盘
2217,11:22:12,9.42,88506,94,买盘
2218,11:22:15,9.42,24487,26,买盘
2219,11:22:18,9.41,117734,125,卖盘
2220,11:22:21,9.42,29201,31,买盘
2221,11:22:24,9.41,164816,175,卖盘
2222,11:22:27,9.42,75304,80,买盘
2223,11:22:30,9.42,139355,148,买盘
2224,11:22:33,9.41,702945,747,卖盘
2225,11:22:36,9.41,47050,50,卖盘
2226,11:22:39,9.41,142206,151,卖盘
2227,11:22:42,9.41,38612,41,卖盘
2228,11:22:45,9.42,97879,104,买盘
2229,11:22:48,9.41,57401,61,卖盘
2230,11:22:51,9.42,35763,38,买盘
2231,11:22:54,9.41,54578,58,卖盘
2232,11:22:57,9.41,39522,42,卖盘
2233,11:23:00,9.41,49873,53,卖盘
2234,11:23:03,9.41,58372,62,卖盘
2235,11:23:06,9.41,57401,61,卖盘
2236,11:23:09,9.41,30122,32,卖盘
2237,11:23:12,9.41,824318,876,卖盘
2238,11:23:15,9.41,52697,56,卖盘
2239,11:23:18,9.42,22598,24,买盘
2240,11:23:21,9.41,41404,44,卖盘
2241,11:23:24,9.41,81908,87,卖盘
2242,11:23:27,9.41,2878519,3059,卖盘
2243,11:23:30,9.41,83769,89,卖盘
2244,11:23:33,9.41,170321,181,卖盘
2245,11:23:36,9.41,262541,279,卖盘
2246,11:23:39,9.41,100687,107,卖盘
2247,11:23:42,9.41,165643,176,卖盘
2248,11:23:45,9.41,91277,97,卖盘
2249,11:23:48,9.41,49875,53,卖盘
2250,11:23:51,9.41,145987,155,卖盘
2251,11:23:54,9.41,705750,750,卖盘
2252,11:23:57,9.41,105392,112,卖盘
2253,11:24:00,9.41,44227,47,卖盘
2254,11:24:03,9.41,143072,152,卖盘
2255,11:24:06,9.41,42345,45,卖盘
2256,11:24:09,9.42,36709,39,买盘
2257,11:24:12,9.42,65940,70,买盘
2258,11:24:15,9.41,50817,54,卖盘
2259,11:24:18,9.41,111138,118,卖盘
2260,11:24:21,9.41,289834,308,卖盘
2261,11:24:24,9.41,12233,13,卖盘
2262,11:24:27,9.41,112026,119,卖盘
2263,11:24:30,9.41,69634,74,卖盘
2264,11:24:33,9.41,48011,51,卖盘
2265,11:24:36,9.41,54584,58,卖盘
2266,11:24:39,9.41,122330,130,卖盘
2267,11:24:42,9.41,71574,76,卖盘
2268,11:24:45,9.41,45168,48,卖盘
2269,11:24:48,9.41,49873,53,卖盘
2270,11:24:51,9.41,41404,44,卖盘
2271,11:24:54,9.41,37650,40,卖盘
2272,11:24:57,9.41,36699,39,卖盘
2273,11:25:00,9.41,47060,50,卖盘
2274,11:25:03,9.41,50814,54,卖盘
2275,11:25:06,9.41,29171,31,卖盘
2276,11:25:12,9.41,31994,34,卖盘
2277,11:25:15,9.41,42345,45,卖盘
2278,11:25:21,9.41,191192,203,卖盘
2279,11:25:24,9.41,129859,138,卖盘
2280,11:25:27,9.41,47050,50,卖盘
2281,11:25:30,9.41,149619,159,卖盘
2282,11:25:33,9.41,112995,120,卖盘
2283,11:25:36,9.41,33876,36,卖盘
2284,11:25:39,9.41,29171,31,卖盘
2285,11:25:42,9.41,28230,30,卖盘
2286,11:25:45,9.41,33876,36,卖盘
2287,11:25:48,9.41,76221,81,卖盘
2288,11:25:51,9.41,72468,77,卖盘
2289,11:25:54,9.41,175041,186,卖盘
2290,11:25:57,9.42,43294,46,买盘
2291,11:26:00,9.41,63988,68,卖盘
2292,11:26:03,9.42,52746,56,买盘
2293,11:26:06,9.41,56460,60,卖盘
2294,11:26:09,9.41,35758,38,卖盘
2295,11:26:12,9.41,34817,37,卖盘
2296,11:26:15,9.41,74374,79,卖盘
2297,11:26:18,9.41,79985,85,卖盘
2298,11:26:21,9.41,84691,90,卖盘
2299,11:26:24,9.41,168505,179,卖盘
2300,11:26:27,9.42,64005,68,买盘
2301,11:26:30,9.41,64929,69,卖盘
2302,11:26:33,9.42,48941,52,买盘
2303,11:26:36,9.41,105477,112,卖盘
2304,11:26:42,9.41,374520,398,卖盘
2305,11:26:45,9.41,32935,35,卖盘
2306,11:26:48,9.41,45168,48,卖盘
2307,11:26:51,9.41,67773,72,卖盘
2308,11:26:54,9.41,24475,26,卖盘
2309,11:26:57,9.42,35768,38,买盘
2310,11:27:00,9.41,177008,188,卖盘
2311,11:27:03,9.42,34821,37,买盘
2312,11:27:06,9.41,131745,140,卖盘
2313,11:27:09,9.41,26348,28,卖盘
2314,11:27:12,9.41,35764,38,卖盘
2315,11:27:15,9.41,32011,34,卖盘
2316,11:27:18,9.41,21646,23,卖盘
2317,11:27:21,9.41,58342,62,卖盘
2318,11:27:24,9.41,281359,299,卖盘
2319,11:27:27,9.41,46109,49,卖盘
2320,11:27:30,9.41,90380,96,卖盘
2321,11:27:33,9.41,13174,14,卖盘
2322,11:27:36,9.41,14115,15,卖盘
2323,11:27:39,9.41,15056,16,卖盘
2324,11:27:42,9.41,65870,70,卖盘
2325,11:27:45,9.42,42346,45,买盘
2326,11:27:48,9.41,653054,694,卖盘
2327,11:27:51,9.42,64943,69,买盘
2328,11:27:54,9.41,32935,35,卖盘
2329,11:27:57,9.41,33876,36,卖盘
2330,11:28:00,9.41,26348,28,卖盘
2331,11:28:03,9.41,222076,236,卖盘
2332,11:28:06,9.42,128947,137,买盘
2333,11:28:09,9.41,271949,289,卖盘
2334,11:28:12,9.41,21643,23,卖盘
2335,11:28:15,9.41,17879,19,卖盘
2336,11:28:18,9.41,24466,26,卖盘
2337,11:28:21,9.41,31053,33,卖盘
2338,11:28:24,9.41,45179,48,卖盘
2339,11:28:27,9.41,128085,136,卖盘
2340,11:28:30,9.41,24466,26,卖盘
2341,11:28:33,9.41,39522,42,卖盘
2342,11:28:36,9.41,103514,110,卖盘
2343,11:28:39,9.41,26348,28,卖盘
2344,11:28:42,9.41,923911,982,卖盘
2345,11:28:45,9.41,111016,118,买盘
2346,11:28:48,9.4,98763,105,卖盘
2347,11:28:51,9.41,138298,147,买盘
2348,11:28:54,9.41,1107648,1177,买盘
2349,11:28:57,9.41,192097,204,卖盘
2350,11:29:00,9.42,36701,39,买盘
2351,11:29:03,9.41,61165,65,卖盘
2352,11:29:06,9.4,22572,24,卖盘
2353,11:29:09,9.41,554166,589,买盘
2354,11:29:12,9.41,31044,33,卖盘
2355,11:29:15,9.41,49882,53,买盘
2356,11:29:18,9.41,43286,46,卖盘
2357,11:29:21,9.4,16933,18,卖盘
2358,11:29:24,9.41,8469,9,买盘
2359,11:29:27,9.41,5646,6,卖盘
2360,11:29:30,9.41,15057,16,卖盘
2361,11:29:33,9.41,40463,43,卖盘
2362,11:29:36,9.41,106333,113,卖盘
2363,11:29:39,9.41,14115,15,买盘
2364,11:29:42,9.41,29156,31,买盘
2365,11:29:45,9.4,251149,267,卖盘
2366,11:29:48,9.4,9408,10,卖盘
2367,11:29:51,9.41,23545,25,卖盘
2368,11:29:54,9.41,5646,6,卖盘
2369,11:29:57,9.41,167435,178,卖盘
2370,11:30:00,9.41,307707,327,买盘
2371,13:00:00,9.41,29171,31,买盘
2372,13:00:03,9.4,974850,1036,卖盘
2373,13:00:06,9.4,2127090,2261,卖盘
2374,13:00:09,9.41,2615994,2780,买盘
2375,13:00:12,9.41,3022343,3209,卖盘
2376,13:00:15,9.42,1427014,1516,买盘
2377,13:00:18,9.41,832969,884,卖盘
2378,13:00:21,9.42,22608,24,中性盘
2379,13:00:24,9.43,6804646,7216,买盘
2380,13:00:27,9.43,1339137,1420,买盘
2381,13:00:30,9.44,32065,34,买盘
2382,13:00:33,9.44,330999,351,买盘
2383,13:00:36,9.43,184023,195,卖盘
2384,13:00:39,9.44,438529,465,买盘
2385,13:00:42,9.43,148051,157,卖盘
2386,13:00:45,9.43,16982,18,卖盘
2387,13:00:48,9.44,66051,70,买盘
2388,13:00:51,9.44,28320,30,买盘
2389,13:00:57,9.44,174507,185,买盘
2390,13:01:00,9.43,115046,122,卖盘
2391,13:01:03,9.44,608277,645,买盘
2392,13:01:06,9.44,61359,65,买盘
2393,13:01:09,9.43,368885,391,卖盘
2394,13:01:12,9.43,94304,100,卖盘
2395,13:01:15,9.43,294488,312,卖盘
2396,13:01:18,9.43,132020,140,卖盘
2397,13:01:21,9.43,169760,180,卖盘
2398,13:01:24,9.43,275373,292,卖盘
2399,13:01:27,9.43,208406,221,卖盘
2400,13:01:30,9.43,326281,346,卖盘
2401,13:01:33,9.43,171642,182,卖盘
2402,13:01:36,9.43,111290,118,卖盘
2403,13:01:39,9.44,160321,170,买盘
2404,13:01:42,9.43,53767,57,卖盘
2405,13:01:45,9.43,18860,20,卖盘
2406,13:01:48,9.44,269706,286,买盘
2407,13:01:51,9.43,71668,76,卖盘
2408,13:01:54,9.43,109388,116,卖盘
2409,13:01:57,9.43,450830,478,卖盘
2410,13:02:00,9.44,50028,53,买盘
2411,13:02:03,9.44,159396,169,买盘
2412,13:02:06,9.44,115104,122,买盘
2413,13:02:09,9.43,73557,78,卖盘
2414,13:02:12,9.43,45297,48,卖盘
2415,13:02:15,9.43,70732,75,卖盘
2416,13:02:18,9.43,144289,153,卖盘
2417,13:02:21,9.43,129273,137,卖盘
2418,13:02:24,9.43,166948,177,卖盘
2419,13:02:27,9.43,226320,240,卖盘
2420,13:02:30,9.43,135803,144,卖盘
2421,13:02:33,9.43,134850,143,卖盘
2422,13:02:36,9.43,16027,17,中性盘
2423,13:02:39,9.43,44294,47,买盘
2424,13:02:42,9.42,349562,371,卖盘
2425,13:02:45,9.43,548799,582,买盘
2426,13:02:48,9.43,254428,270,买盘
2427,13:02:51,9.43,525246,557,买盘
2428,13:02:54,9.44,238619,253,买盘
2429,13:02:57,9.42,367581,390,卖盘
2430,13:03:00,9.42,255548,271,卖盘
2431,13:03:03,9.43,714630,758,买盘
2432,13:03:06,9.43,198030,210,买盘
2433,13:03:09,9.43,167854,178,卖盘
2434,13:03:12,9.42,115919,123,卖盘
2435,13:03:15,9.43,70730,75,卖盘
2436,13:03:18,9.43,301760,320,卖盘
2437,13:03:21,9.43,65097,69,卖盘
2438,13:03:24,9.42,97026,103,卖盘
2439,13:03:27,9.42,109372,116,卖盘
2440,13:03:30,9.43,124354,132,买盘
2441,13:03:33,9.42,87606,93,卖盘
2442,13:03:39,9.42,131060,139,卖盘
2443,13:03:42,9.42,280975,298,卖盘
2444,13:03:45,9.43,156421,166,买盘
2445,13:03:48,9.42,153556,163,卖盘
2446,13:03:51,9.43,176239,187,买盘
2447,13:03:54,9.42,95142,101,卖盘
2448,13:03:57,9.43,154489,164,买盘
2449,13:04:00,9.42,196919,209,卖盘
2450,13:04:03,9.43,376148,399,买盘
2451,13:04:06,9.43,6595,7,买盘
2452,13:04:09,9.43,935460,993,买盘
2453,13:04:12,9.42,277048,294,卖盘
2454,13:04:15,9.43,79164,84,买盘
2455,13:04:18,9.43,132823,141,买盘
2456,13:04:24,9.42,886396,940,卖盘
2457,13:04:27,9.43,189350,201,买盘
2458,13:04:30,9.42,129070,137,卖盘
2459,13:04:33,9.43,180904,192,买盘
2460,13:04:36,9.43,1211434,1286,买盘
2461,13:04:39,9.42,1053156,1118,卖盘
2462,13:04:42,9.41,218355,232,卖盘
2463,13:04:45,9.42,61230,65,买盘
2464,13:04:48,9.42,201409,214,买盘
2465,13:04:51,9.42,181806,193,买盘
2466,13:04:54,9.41,438006,465,卖盘
2467,13:04:57,9.41,132712,141,卖盘
2468,13:05:00,9.42,118697,126,中性盘
2469,13:05:03,9.42,131883,140,卖盘
2470,13:05:06,9.42,347828,369,卖盘
2471,13:05:09,9.42,128036,136,卖盘
2472,13:05:12,9.42,100828,107,卖盘
2473,13:05:15,9.42,348540,370,卖盘
2474,13:05:18,9.42,199709,212,卖盘
2475,13:05:21,9.43,208190,221,买盘
2476,13:05:24,9.42,113041,120,卖盘
2477,13:05:27,9.42,239376,254,卖盘
2478,13:05:30,9.42,20725,22,卖盘
2479,13:05:33,9.43,180897,192,买盘
2480,13:05:36,9.42,80125,85,卖盘
2481,13:05:39,9.43,81052,86,买盘
2482,13:05:42,9.42,22608,24,卖盘
2483,13:05:45,9.42,131995,140,卖盘
2484,13:05:48,9.42,515283,547,卖盘
2485,13:05:51,9.42,157381,167,卖盘
2486,13:05:54,9.42,250576,266,卖盘
2487,13:05:57,9.42,673088,714,卖盘
2488,13:06:00,9.43,126238,134,买盘
2489,13:06:03,9.42,187488,199,卖盘
2490,13:06:06,9.42,724222,768,卖盘
2491,13:06:09,9.42,188400,200,卖盘
2492,13:06:12,9.42,158257,168,卖盘
2493,13:06:15,9.42,20724,22,卖盘
2494,13:06:18,9.42,32970,35,卖盘
2495,13:06:21,9.42,57462,61,卖盘
2496,13:06:24,9.42,20724,22,卖盘
2497,13:06:27,9.42,133764,142,卖盘
2498,13:06:30,9.43,68819,73,买盘
2499,13:06:33,9.43,110295,117,买盘
2500,13:06:36,9.42,190334,202,卖盘
2501,13:06:39,9.42,81954,87,卖盘
2502,13:06:42,9.42,48984,52,卖盘
2503,13:06:45,9.42,211960,225,卖盘
2504,13:06:48,9.43,117790,125,买盘
2505,13:06:51,9.42,16014,17,卖盘
2506,13:06:54,9.43,69758,74,买盘
2507,13:06:57,9.43,239330,254,买盘
2508,13:07:00,9.42,31096,33,卖盘
2509,13:07:03,9.42,89492,95,卖盘
2510,13:07:06,9.42,61240,65,卖盘
2511,13:07:09,9.42,50868,54,卖盘
2512,13:07:12,9.42,41451,44,卖盘
2513,13:07:15,9.42,16956,18,卖盘
2514,13:07:18,9.42,19782,21,卖盘
2515,13:07:21,9.42,115878,123,卖盘
2516,13:07:24,9.43,381530,405,买盘
2517,13:07:27,9.42,493716,524,卖盘
2518,13:07:30,9.43,3350450,3553,买盘
2519,13:07:33,9.43,678960,720,卖盘
2520,13:07:36,9.43,473420,502,卖盘
2521,13:07:39,9.44,446916,474,买盘
2522,13:07:42,9.43,219719,233,卖盘
2523,13:07:45,9.43,126386,134,卖盘
2524,13:07:48,9.43,207307,220,卖盘
2525,13:07:51,9.43,38663,41,买盘
2526,13:07:54,9.43,196928,209,买盘
2527,13:07:57,9.42,252487,268,卖盘
2528,13:08:00,9.43,5657,6,买盘
2529,13:08:03,9.43,69737,74,买盘
2530,13:08:06,9.43,19784,21,买盘
2531,13:08:09,9.43,480503,510,买盘
2532,13:08:12,9.42,229939,244,卖盘
2533,13:08:15,9.43,943,1,买盘
2534,13:08:18,9.42,834612,886,卖盘
2535,13:08:21,9.43,102787,109,买盘
2536,13:08:24,9.42,219533,233,卖盘
2537,13:08:27,9.42,920334,977,卖盘
2538,13:08:30,9.43,77270,82,买盘
2539,13:08:33,9.42,281658,299,卖盘
2540,13:08:36,9.43,14145,15,买盘
2541,13:08:39,9.43,623157,661,买盘
2542,13:08:42,9.42,359862,382,卖盘
2543,13:08:45,9.43,1382871,1468,买盘
2544,13:08:48,9.43,211019,224,买盘
2545,13:08:51,9.42,236572,251,卖盘
2546,13:08:54,9.42,194052,206,卖盘
2547,13:08:57,9.42,341065,362,卖盘
2548,13:09:00,9.42,4712,5,卖盘
2549,13:09:03,9.42,358073,380,卖盘
2550,13:09:06,9.42,4710,5,卖盘
2551,13:09:09,9.43,130989,139,买盘
2552,13:09:12,9.42,32039,34,卖盘
2553,13:09:15,9.43,179077,190,买盘
2554,13:09:18,9.42,624552,663,卖盘
2555,13:09:21,9.42,14140,15,卖盘
2556,13:09:24,9.42,156372,166,卖盘
2557,13:09:27,9.42,1124763,1194,卖盘
2558,13:09:30,9.42,323106,343,卖盘
2559,13:09:33,9.42,239303,254,卖盘
2560,13:09:36,9.42,60348,64,卖盘
2561,13:09:39,9.42,170479,181,卖盘
2562,13:09:42,9.41,156232,166,卖盘
2563,13:09:45,9.42,154493,164,买盘
2564,13:09:48,9.42,85646,91,买盘
2565,13:09:51,9.42,1262646,1339,卖盘
2566,13:09:54,9.42,193030,205,卖盘
2567,13:09:57,9.41,334257,355,卖盘
2568,13:10:00,9.42,47100,50,中性盘
2569,13:10:03,9.42,131748,140,买盘
2570,13:10:06,9.42,73476,78,买盘
2571,13:10:09,9.41,122459,130,卖盘
2572,13:10:12,9.41,42384,45,卖盘
2573,13:10:15,9.42,39564,42,买盘
2574,13:10:18,9.42,11304,12,卖盘
2575,13:10:21,9.42,98059,104,卖盘
2576,13:10:24,9.42,36738,39,卖盘
2577,13:10:27,9.42,105519,112,卖盘
2578,13:10:30,9.42,64028,68,买盘
2579,13:10:33,9.42,83773,89,买盘
2580,13:10:36,9.41,11302,12,卖盘
2581,13:10:39,9.42,46138,49,买盘
2582,13:10:42,9.41,42360,45,卖盘
2583,13:10:45,9.42,291038,309,买盘
2584,13:10:48,9.41,1200360,1275,卖盘
2585,13:10:51,9.42,308872,328,买盘
2586,13:10:54,9.41,272046,289,卖盘
2587,13:10:57,9.41,175970,187,卖盘
2588,13:11:00,9.42,41434,44,买盘
2589,13:11:03,9.42,221222,235,买盘
2590,13:11:06,9.42,216660,230,买盘
2591,13:11:09,9.42,128942,137,买盘
2592,13:11:12,9.41,175176,186,卖盘
2593,13:11:15,9.41,83776,89,卖盘
2594,13:11:18,9.42,79056,84,买盘
2595,13:11:21,9.41,345347,367,卖盘
2596,13:11:24,9.42,108226,115,买盘
2597,13:11:27,9.41,83799,89,卖盘
2598,13:11:30,9.42,78164,83,买盘
2599,13:11:33,9.42,77215,82,买盘
2600,13:11:36,9.42,241988,257,买盘
2601,13:11:39,9.41,90336,96,卖盘
2602,13:11:42,9.42,53694,57,买盘
2603,13:11:45,9.42,991986,1054,买盘
2604,13:11:48,9.42,330642,351,卖盘
2605,13:11:51,9.41,5646,6,卖盘
2606,13:11:54,9.42,166559,177,买盘
2607,13:11:57,9.41,63047,67,卖盘
2608,13:12:00,9.41,75312,80,卖盘
2609,13:12:03,9.41,61169,65,卖盘
2610,13:12:06,9.42,7536,8,买盘
2611,13:12:09,9.41,76227,81,卖盘
2612,13:12:12,9.41,60244,64,卖盘
2613,13:12:15,9.42,21651,23,买盘
2614,13:12:18,9.42,4710,5,买盘
2615,13:12:21,9.41,19780,21,卖盘
2616,13:12:24,9.41,29174,31,卖盘
2617,13:12:27,9.42,114924,122,买盘
2618,13:12:30,9.42,942,1,买盘
2619,13:12:33,9.41,27289,29,卖盘
2620,13:12:36,9.41,84749,90,卖盘
2621,13:12:39,9.41,88454,94,卖盘
2622,13:12:42,9.41,182726,194,卖盘
2623,13:12:45,9.41,4705,5,卖盘
2624,13:12:48,9.41,70583,75,卖盘
2625,13:12:51,9.41,38604,41,卖盘
2626,13:12:54,9.42,28235,30,买盘
2627,13:12:57,9.41,33894,36,卖盘
2628,13:13:00,9.41,48974,52,卖盘
2629,13:13:03,9.41,17879,19,卖盘
2630,13:13:06,9.42,47060,50,买盘
2631,13:13:09,9.41,46110,49,卖盘
2632,13:13:12,9.41,100687,107,卖盘
2633,13:13:15,9.41,13178,14,卖盘
2634,13:13:18,9.41,66861,71,卖盘
2635,13:13:21,9.41,16948,18,卖盘
2636,13:13:24,9.41,29182,31,卖盘
2637,13:13:27,9.41,49873,53,卖盘
2638,13:13:30,9.42,189292,201,买盘
2639,13:13:33,9.41,94132,100,卖盘
2640,13:13:36,9.41,22584,24,卖盘
2641,13:13:39,9.42,70605,75,买盘
2642,13:13:42,9.42,43301,46,买盘
2643,13:13:45,9.42,46158,49,买盘
2644,13:13:48,9.42,66827,71,买盘
2645,13:13:51,9.42,54583,58,买盘
2646,13:13:54,9.42,54591,58,买盘
2647,13:13:57,9.42,94113,100,买盘
2648,13:14:00,9.41,108215,115,卖盘
2649,13:14:03,9.42,92261,98,买盘
2650,13:14:06,9.41,62150,66,卖盘
2651,13:14:09,9.42,114867,122,买盘
2652,13:14:12,9.42,403126,428,买盘
2653,13:14:15,9.42,608432,646,买盘
2654,13:14:18,9.41,237190,252,卖盘
2655,13:14:21,9.42,770551,818,买盘
2656,13:14:24,9.42,149620,159,买盘
2657,13:14:27,9.41,190094,202,卖盘
2658,13:14:30,9.42,61230,65,买盘
2659,13:14:33,9.41,127976,136,卖盘
2660,13:14:36,9.42,25432,27,买盘
2661,13:14:39,9.42,178920,190,买盘
2662,13:14:42,9.41,102569,109,卖盘
2663,13:14:45,9.41,181743,193,卖盘
2664,13:14:48,9.41,64929,69,卖盘
2665,13:14:54,9.41,67765,72,卖盘
2666,13:14:57,9.41,57416,61,卖盘
2667,13:15:00,9.41,49878,53,卖盘
2668,13:15:03,9.42,29173,31,买盘
2669,13:15:06,9.41,54578,58,卖盘
2670,13:15:09,9.41,192912,205,卖盘
2671,13:15:12,9.42,143091,152,买盘
2672,13:15:15,9.42,109167,116,买盘
2673,13:15:18,9.42,79995,85,买盘
2674,13:15:21,9.42,341587,363,买盘
2675,13:15:24,9.42,128007,136,买盘
2676,13:15:27,9.42,64976,69,买盘
2677,13:15:30,9.41,88461,94,卖盘
2678,13:15:33,9.42,134622,143,买盘
2679,13:15:36,9.42,104456,111,买盘
2680,13:15:39,9.42,44232,47,买盘
2681,13:15:42,9.42,174132,185,买盘
2682,13:15:45,9.42,39530,42,买盘
2683,13:15:48,9.41,1107622,1176,卖盘
2684,13:15:51,9.41,20702,22,卖盘
2685,13:15:54,9.41,553308,588,卖盘
2686,13:15:57,9.41,197610,210,卖盘
2687,13:16:03,9.42,149620,159,买盘
2688,13:16:06,9.42,18840,20,买盘
2689,13:16:09,9.41,648948,689,卖盘
2690,13:16:12,9.41,198551,211,卖盘
2691,13:16:15,9.41,112920,120,卖盘
2692,13:16:18,9.42,490659,521,买盘
2693,13:16:21,9.42,22608,24,买盘
2694,13:16:24,9.41,137396,146,卖盘
2695,13:16:27,9.41,60224,64,卖盘
2696,13:16:30,9.42,51810,55,买盘
2697,13:16:33,9.42,102620,109,买盘
2698,13:16:36,9.42,66882,71,买盘
2699,13:16:39,9.42,1005057,1067,买盘
2700,13:16:42,9.42,157159,167,买盘
2701,13:16:45,9.41,87563,93,卖盘
2702,13:16:48,9.41,263590,280,卖盘
2703,13:16:51,9.41,18820,20,卖盘
2704,13:16:54,9.42,81873,87,买盘
2705,13:17:00,9.41,29171,31,卖盘
2706,13:17:03,9.42,304943,324,买盘
2707,13:17:06,9.42,11304,12,买盘
2708,13:17:09,9.41,174110,185,卖盘
2709,13:17:12,9.41,105436,112,卖盘
2710,13:17:15,9.42,9420,10,买盘
2711,13:17:18,9.41,48002,51,卖盘
2712,13:17:21,9.42,95984,102,买盘
2713,13:17:24,9.41,36699,39,卖盘
2714,13:17:27,9.41,50814,54,卖盘
2715,13:17:30,9.41,147737,157,卖盘
2716,13:17:33,9.42,75292,80,买盘
2717,13:17:36,9.42,2826,3,买盘
2718,13:17:39,9.42,74391,79,买盘
2719,13:17:42,9.41,97876,104,卖盘
2720,13:17:45,9.41,21648,23,卖盘
2721,13:17:48,9.42,430988,458,买盘
2722,13:17:51,9.41,218512,232,卖盘
2723,13:17:54,9.41,172210,183,卖盘
2724,13:17:57,9.42,35763,38,买盘
2725,13:18:03,9.42,83762,89,买盘
2726,13:18:06,9.41,45183,48,卖盘
2727,13:18:09,9.42,65885,70,买盘
2728,13:18:12,9.42,124214,132,买盘
2729,13:18:15,9.42,67824,72,买盘
2730,13:18:18,9.42,71520,76,买盘
2731,13:18:21,9.42,479136,509,买盘
2732,13:18:24,9.41,162798,173,卖盘
2733,13:18:27,9.41,54578,58,卖盘
2734,13:18:30,9.42,26354,28,买盘
2735,13:18:33,9.42,128918,137,买盘
2736,13:18:36,9.42,19782,21,买盘
2737,13:18:39,9.41,64929,69,卖盘
2738,13:18:42,9.42,92316,98,买盘
2739,13:18:45,9.41,8469,9,卖盘
2740,13:18:48,9.41,50814,54,卖盘
2741,13:18:51,9.41,30123,32,卖盘
2742,13:18:54,9.41,197623,210,卖盘
2743,13:18:57,9.41,109188,116,卖盘
2744,13:19:00,9.42,695725,739,买盘
2745,13:19:03,9.42,262641,279,买盘
2746,13:19:06,9.41,40464,43,卖盘
2747,13:19:09,9.41,2935920,3120,卖盘
2748,13:19:12,9.41,2976391,3163,卖盘
2749,13:19:15,9.41,488410,519,卖盘
2750,13:19:18,9.41,841259,894,卖盘
2751,13:19:21,9.41,104451,111,卖盘
2752,13:19:24,9.41,502099,534,卖盘
2753,13:19:27,9.4,283930,302,卖盘
2754,13:19:30,9.4,940,1,卖盘
2755,13:19:33,9.4,231331,246,卖盘
2756,13:19:36,9.4,46060,49,卖盘
2757,13:19:39,9.4,188940,201,卖盘
2758,13:19:42,9.4,221957,236,卖盘
2759,13:19:45,9.4,174841,186,卖盘
2760,13:19:48,9.4,151350,161,卖盘
2761,13:19:51,9.41,145710,155,买盘
2762,13:19:54,9.41,138254,147,买盘
2763,13:19:57,9.4,235225,250,卖盘
2764,13:20:00,9.41,89310,95,买盘
2765,13:20:03,9.41,172983,184,买盘
2766,13:20:06,9.41,79979,85,买盘
2767,13:20:09,9.41,168393,179,买盘
2768,13:20:12,9.41,1010634,1074,买盘
2769,13:20:15,9.41,32935,35,中性盘
2770,13:20:18,9.41,205138,218,卖盘
2771,13:20:21,9.41,35762,38,卖盘
2772,13:20:24,9.4,358405,381,卖盘
2773,13:20:27,9.4,183440,195,卖盘
2774,13:20:30,9.41,97864,104,买盘
2775,13:20:33,9.41,100598,107,买盘
2776,13:20:36,9.41,65806,70,买盘
2777,13:20:39,9.41,56431,60,买盘
2778,13:20:42,9.4,199462,212,卖盘
2779,13:20:45,9.41,286064,304,买盘
2780,13:20:48,9.41,304884,324,卖盘
2781,13:20:51,9.41,12233,13,卖盘
2782,13:20:54,9.42,222126,236,买盘
2783,13:20:57,9.41,51755,55,卖盘
2784,13:21:00,9.41,124232,132,卖盘
2785,13:21:03,9.41,203257,216,卖盘
2786,13:21:06,9.41,15997,17,卖盘
2787,13:21:09,9.41,49873,53,卖盘
2788,13:21:12,9.42,19771,21,买盘
2789,13:21:15,9.41,66822,71,卖盘
2790,13:21:18,9.42,278696,296,买盘
2791,13:21:21,9.41,139268,148,卖盘
2792,13:21:24,9.42,683781,726,买盘
2793,13:21:27,9.42,197631,210,买盘
2794,13:21:30,9.41,11292,12,卖盘
2795,13:21:33,9.42,53643,57,买盘
2796,13:21:36,9.42,3768,4,买盘
2797,13:21:39,9.41,39522,42,卖盘
2798,13:21:42,9.41,20703,22,卖盘
2799,13:21:45,9.42,361494,384,买盘
2800,13:21:48,9.41,325586,346,卖盘
2801,13:21:51,9.41,61165,65,卖盘
2802,13:21:54,9.41,106334,113,卖盘
2803,13:21:57,9.41,21643,23,卖盘
2804,13:22:00,9.41,101637,108,卖盘
2805,13:22:03,9.42,26350,28,买盘
2806,13:22:06,9.42,16940,18,买盘
2807,13:22:09,9.41,163759,174,卖盘
2808,13:22:12,9.41,59285,63,卖盘
2809,13:22:15,9.41,31994,34,卖盘
2810,13:22:18,9.41,14118,15,卖盘
2811,13:22:21,9.41,106333,113,卖盘
2812,13:22:24,9.41,109156,116,卖盘
2813,13:22:27,9.41,223958,238,卖盘
2814,13:22:30,9.41,510547,542,卖盘
2815,13:22:33,9.41,174095,185,卖盘
2816,13:22:36,9.41,21643,23,卖盘
2817,13:22:39,9.42,158120,168,买盘
2818,13:22:42,9.41,47991,51,卖盘
2819,13:22:45,9.41,41404,44,卖盘
2820,13:22:48,9.42,80070,85,买盘
2821,13:22:51,9.42,30123,32,买盘
2822,13:22:54,9.41,86572,92,卖盘
2823,13:22:57,9.41,2823,3,卖盘
2824,13:23:00,9.41,38603,41,卖盘
2825,13:23:03,9.42,21644,23,买盘
2826,13:23:06,9.41,12233,13,卖盘
2827,13:23:09,9.41,47991,51,卖盘
2828,13:23:12,9.41,51790,55,卖盘
2829,13:23:15,9.41,3767,4,卖盘
2830,13:23:18,9.42,366235,389,买盘
2831,13:23:21,9.41,46109,49,卖盘
2832,13:23:24,9.41,1178132,1252,卖盘
2833,13:23:27,9.41,186318,198,卖盘
2834,13:23:30,9.41,47080,50,卖盘
2835,13:23:33,9.42,276655,294,买盘
2836,13:23:36,9.41,50817,54,卖盘
2837,13:23:39,9.41,101628,108,卖盘
2838,13:23:42,9.41,581539,618,卖盘
2839,13:23:45,9.41,63047,67,卖盘
2840,13:23:48,9.41,185387,197,卖盘
2841,13:23:51,9.41,14115,15,卖盘
2842,13:23:54,9.42,53645,57,买盘
2843,13:23:57,9.41,171262,182,卖盘
2844,13:24:03,9.41,87516,93,卖盘
2845,13:24:06,9.42,4710,5,买盘
2846,13:24:09,9.42,36727,39,买盘
2847,13:24:12,9.41,88468,94,卖盘
2848,13:24:15,9.42,49926,53,买盘
2849,13:24:18,9.41,33877,36,卖盘
2850,13:24:21,9.42,12238,13,买盘
2851,13:24:24,9.41,49873,53,卖盘
2852,13:24:27,9.42,17898,19,买盘
2853,13:24:30,9.42,23526,25,买盘
2854,13:24:33,9.41,84690,90,卖盘
2855,13:24:36,9.41,35758,38,卖盘
2856,13:24:39,9.41,91286,97,卖盘
2857,13:24:42,9.41,18820,20,卖盘
2858,13:24:45,9.42,59343,63,买盘
2859,13:24:48,9.42,45179,48,买盘
2860,13:24:51,9.41,55519,59,卖盘
2861,13:24:54,9.42,71532,76,买盘
2862,13:24:57,9.41,118569,126,卖盘
2863,13:25:00,9.42,9420,10,买盘
2864,13:25:03,9.41,45168,48,卖盘
2865,13:25:06,9.41,63988,68,卖盘
2866,13:25:09,9.41,31053,33,卖盘
2867,13:25:12,9.41,9410,10,卖盘
2868,13:25:15,9.42,64991,69,买盘
2869,13:25:18,9.42,18840,20,买盘
2870,13:25:21,9.42,11294,12,买盘
2871,13:25:24,9.41,31997,34,卖盘
2872,13:25:27,9.41,32937,35,卖盘
2873,13:25:30,9.41,28230,30,卖盘
2874,13:25:33,9.41,40463,43,卖盘
2875,13:25:36,9.41,393540,418,卖盘
2876,13:25:39,9.41,139268,148,卖盘
2877,13:25:42,9.42,33888,36,买盘
2878,13:25:45,9.42,4707,5,买盘
2879,13:25:48,9.42,19763,21,买盘
2880,13:25:51,9.41,287946,306,卖盘
2881,13:25:54,9.41,165633,176,卖盘
2882,13:25:57,9.42,188211,200,买盘
2883,13:26:00,9.41,10352,11,卖盘
2884,13:26:03,9.42,173178,184,买盘
2885,13:26:06,9.42,37680,40,买盘
2886,13:26:09,9.41,63047,67,卖盘
2887,13:26:12,9.41,112943,120,卖盘
2888,13:26:15,9.41,17880,19,卖盘
2889,13:26:18,9.41,42350,45,卖盘
2890,13:26:21,9.41,18820,20,卖盘
2891,13:26:24,9.41,61224,65,卖盘
2892,13:26:27,9.41,84690,90,卖盘
2893,13:26:30,9.41,5646,6,卖盘
2894,13:26:33,9.41,50814,54,卖盘
2895,13:26:36,9.41,611657,650,卖盘
2896,13:26:39,9.41,144914,154,卖盘
2897,13:26:42,9.41,219258,233,卖盘
2898,13:26:45,9.41,193856,206,卖盘
2899,13:26:48,9.41,146801,156,卖盘
2900,13:26:51,9.41,95051,101,卖盘
2901,13:26:54,9.42,71540,76,买盘
2902,13:26:57,9.41,21644,23,卖盘
2903,13:27:00,9.41,144914,154,卖盘
2904,13:27:03,9.41,267485,284,卖盘
2905,13:27:06,9.42,275051,292,买盘
2906,13:27:09,9.42,410571,436,买盘
2907,13:27:12,9.42,194882,207,买盘
2908,13:27:15,9.42,17896,19,买盘
2909,13:27:18,9.42,39527,42,买盘
2910,13:27:24,9.42,56515,60,买盘
2911,13:27:27,9.41,331480,352,卖盘
2912,13:27:30,9.42,15067,16,买盘
2913,13:27:33,9.41,146800,156,卖盘
2914,13:27:36,9.42,58367,62,买盘
2915,13:27:39,9.41,38581,41,卖盘
2916,13:27:42,9.42,145068,154,买盘
2917,13:27:45,9.42,56471,60,买盘
2918,13:27:48,9.41,68694,73,卖盘
2919,13:27:51,9.41,69658,74,卖盘
2920,13:27:54,9.41,314305,334,卖盘
2921,13:27:57,9.41,257945,274,卖盘
2922,13:28:00,9.41,54600,58,卖盘
2923,13:28:03,9.41,83751,89,卖盘
2924,13:28:06,9.41,10351,11,卖盘
2925,13:28:09,9.41,9411,10,卖盘
2926,13:28:12,9.42,85665,91,买盘
2927,13:28:15,9.41,87542,93,卖盘
2928,13:28:18,9.41,1994920,2120,卖盘
2929,13:28:21,9.41,75300,80,卖盘
2930,13:28:24,9.41,285123,303,卖盘
2931,13:28:27,9.41,289828,308,卖盘
2932,13:28:30,9.42,241949,257,买盘
2933,13:28:33,9.41,164675,175,卖盘
2934,13:28:36,9.42,55544,59,买盘
2935,13:28:39,9.41,181619,193,卖盘
2936,13:28:42,9.41,40471,43,卖盘
2937,13:28:45,9.41,1199781,1275,卖盘
2938,13:28:48,9.42,244681,260,买盘
2939,13:28:51,9.41,292651,311,卖盘
2940,13:28:54,9.41,202315,215,卖盘
2941,13:28:57,9.41,293592,312,卖盘
2942,13:29:00,9.42,327471,348,买盘
2943,13:29:03,9.42,268205,285,买盘
2944,13:29:06,9.41,5650,6,卖盘
2945,13:29:09,9.42,187303,199,买盘
2946,13:29:12,9.41,106333,113,卖盘
2947,13:29:15,9.41,23529,25,卖盘
2948,13:29:18,9.42,68721,73,买盘
2949,13:29:21,9.41,18820,20,卖盘
2950,13:29:24,9.41,23526,25,卖盘
2951,13:29:27,9.41,224904,239,卖盘
2952,13:29:30,9.41,49874,53,卖盘
2953,13:29:33,9.41,103534,110,卖盘
2954,13:29:36,9.41,88464,94,卖盘
2955,13:29:39,9.42,43298,46,买盘
2956,13:29:42,9.41,37640,40,卖盘
2957,13:29:45,9.41,455461,484,卖盘
2958,13:29:48,9.41,160918,171,卖盘
2959,13:29:51,9.41,156256,166,卖盘
2960,13:29:54,9.41,56460,60,卖盘
2961,13:29:57,9.41,123298,131,卖盘
2962,13:30:00,9.42,31997,34,买盘
2963,13:30:09,9.41,37645,40,卖盘
2964,13:30:12,9.41,15065,16,卖盘
2965,13:30:15,9.41,31053,33,卖盘
2966,13:30:18,9.42,168546,179,买盘
2967,13:30:21,9.41,27289,29,卖盘
2968,13:30:24,9.41,78105,83,卖盘
2969,13:30:27,9.42,284183,302,买盘
2970,13:30:30,9.42,48982,52,买盘
2971,13:30:33,9.41,43286,46,卖盘
2972,13:30:36,9.42,26352,28,买盘
2973,13:30:39,9.42,34822,37,买盘
2974,13:30:42,9.41,13174,14,卖盘
2975,13:30:45,9.41,13174,14,卖盘
2976,13:30:48,9.41,134676,143,卖盘
2977,13:30:51,9.41,356023,378,卖盘
2978,13:30:57,9.41,763151,811,卖盘
2979,13:31:00,9.41,44259,47,卖盘
2980,13:31:03,9.41,146796,156,卖盘
2981,13:31:06,9.41,125184,133,卖盘
2982,13:31:09,9.42,206293,219,买盘
2983,13:31:12,9.42,71533,76,买盘
2984,13:31:15,9.41,14115,15,卖盘
2985,13:31:18,9.41,337819,359,卖盘
2986,13:31:21,9.41,90341,96,卖盘
2987,13:31:24,9.41,29186,31,卖盘
2988,13:31:27,9.42,16010,17,买盘
2989,13:31:33,9.42,18840,20,买盘
2990,13:31:36,9.42,203319,216,买盘
2991,13:31:39,9.41,30112,32,卖盘
2992,13:31:42,9.41,68693,73,卖盘
2993,13:31:45,9.42,16952,18,买盘
2994,13:31:48,9.41,1883,2,卖盘
2995,13:31:51,9.42,183515,195,买盘
2996,13:31:54,9.41,82886,88,卖盘
2997,13:31:57,9.41,210784,224,卖盘
2998,13:32:00,9.41,68698,73,卖盘
2999,13:32:03,9.41,230547,245,卖盘
3000,13:32:06,9.41,112006,119,卖盘
3001,13:32:09,9.42,58344,62,买盘
3002,13:32:12,9.41,2823,3,卖盘
3003,13:32:15,9.41,61165,65,卖盘
3004,13:32:18,9.41,1882,2,卖盘
3005,13:32:21,9.42,2825,3,买盘
3006,13:32:24,9.41,46109,49,卖盘
3007,13:32:27,9.41,115746,123,卖盘
3008,13:32:30,9.42,152452,162,买盘
3009,13:32:33,9.42,24477,26,买盘
3010,13:32:36,9.42,1884,2,买盘
3011,13:32:39,9.41,9410,10,卖盘
3012,13:32:42,9.41,18820,20,卖盘
3013,13:32:45,9.41,22594,24,卖盘
3014,13:32:48,9.41,47991,51,卖盘
3015,13:32:51,9.41,37640,40,卖盘
3016,13:32:54,9.41,31053,33,卖盘
3017,13:32:57,9.41,4705,5,卖盘
3018,13:33:00,9.41,20704,22,卖盘
3019,13:33:03,9.42,26356,28,买盘
3020,13:33:06,9.41,29171,31,卖盘
3021,13:33:09,9.42,19773,21,买盘
3022,13:33:15,9.41,49919,53,卖盘
3023,13:33:18,9.41,9410,10,卖盘
3024,13:33:21,9.42,18840,20,买盘
3025,13:33:24,9.41,34817,37,卖盘
3026,13:33:27,9.42,14120,15,买盘
3027,13:33:30,9.41,32935,35,卖盘
3028,13:33:33,9.41,5646,6,卖盘
3029,13:33:39,9.41,56490,60,卖盘
3030,13:33:42,9.42,336928,358,买盘
3031,13:33:45,9.41,138338,147,卖盘
3032,13:33:48,9.41,5648,6,卖盘
3033,13:33:51,9.41,208912,222,卖盘
3034,13:33:54,9.42,55522,59,买盘
3035,13:33:57,9.42,279596,297,买盘
3036,13:34:00,9.41,65870,70,卖盘
3037,13:34:03,9.42,29189,31,买盘
3038,13:34:06,9.42,235405,250,买盘
3039,13:34:12,9.41,46148,49,卖盘
3040,13:34:15,9.41,138352,147,卖盘
3041,13:34:18,9.42,6594,7,买盘
3042,13:34:24,9.41,94106,100,卖盘
3043,13:34:30,9.42,25409,27,买盘
3044,13:34:33,9.41,159098,169,卖盘
3045,13:34:36,9.41,84690,90,卖盘
3046,13:34:39,9.42,54603,58,买盘
3047,13:34:42,9.41,107276,114,卖盘
3048,13:34:45,9.41,31059,33,卖盘
3049,13:34:51,9.41,208903,222,卖盘
3050,13:34:54,9.41,30112,32,卖盘
3051,13:34:57,9.41,72457,77,卖盘
3052,13:35:00,9.41,31057,33,卖盘
3053,13:35:03,9.42,261601,278,买盘
3054,13:35:06,9.41,80990,86,卖盘
3055,13:35:09,9.41,1882,2,卖盘
3056,13:35:12,9.41,45189,48,卖盘
3057,13:35:15,9.41,82811,88,卖盘
3058,13:35:18,9.41,52708,56,卖盘
3059,13:35:21,9.41,33881,36,卖盘
3060,13:35:24,9.42,73401,78,买盘
3061,13:35:27,9.42,120563,128,买盘
3062,13:35:30,9.41,63047,67,卖盘
3063,13:35:36,9.41,23525,25,卖盘
3064,13:35:39,9.41,131740,140,卖盘
3065,13:35:42,9.42,86588,92,买盘
3066,13:35:45,9.42,448088,476,买盘
3067,13:35:48,9.41,20713,22,卖盘
3068,13:35:51,9.41,47063,50,卖盘
3069,13:35:54,9.41,205248,218,卖盘
3070,13:35:57,9.42,20704,22,买盘
3071,13:36:00,9.42,306082,325,买盘
3072,13:36:03,9.41,680343,723,卖盘
3073,13:36:06,9.42,7535,8,买盘
3074,13:36:09,9.42,123381,131,买盘
3075,13:36:12,9.42,42390,45,买盘
3076,13:36:15,9.41,45195,48,卖盘
3077,13:36:18,9.42,37680,40,买盘
3078,13:36:21,9.41,410335,436,卖盘
3079,13:36:24,9.42,36737,39,买盘
3080,13:36:27,9.41,68716,73,卖盘
3081,13:36:30,9.41,26348,28,卖盘
3082,13:36:33,9.41,704829,749,卖盘
3083,13:36:36,9.41,15062,16,卖盘
3084,13:36:39,9.42,8478,9,买盘
3085,13:36:42,9.41,283537,301,卖盘
3086,13:36:45,9.41,28240,30,卖盘
3087,13:36:48,9.41,172328,183,卖盘
3088,13:36:51,9.41,245601,261,卖盘
3089,13:36:54,9.41,13178,14,卖盘
3090,13:36:57,9.42,13188,14,买盘
3091,13:37:00,9.41,4705,5,卖盘
3092,13:37:03,9.42,48971,52,买盘
3093,13:37:06,9.41,57401,61,卖盘
3094,13:37:09,9.41,115743,123,卖盘
3095,13:37:12,9.42,19771,21,买盘
3096,13:37:15,9.42,681507,724,买盘
3097,13:37:18,9.42,61225,65,买盘
3098,13:37:21,9.42,53641,57,买盘
3099,13:37:24,9.42,48972,52,买盘
3100,13:37:27,9.42,19782,21,买盘
3101,13:37:30,9.42,406587,432,买盘
3102,13:37:33,9.42,942,1,买盘
3103,13:37:36,9.42,2826,3,买盘
3104,13:37:39,9.42,749992,797,买盘
3105,13:37:42,9.42,11294,12,买盘
3106,13:37:45,9.41,20714,22,卖盘
3107,13:37:48,9.42,2826,3,买盘
3108,13:37:51,9.41,18825,20,卖盘
3109,13:37:54,9.41,842248,895,卖盘
3110,13:37:57,9.41,110097,117,卖盘
3111,13:38:00,9.41,22584,24,卖盘
3112,13:38:03,9.42,3768,4,买盘
3113,13:38:06,9.41,108215,115,卖盘
3114,13:38:09,9.41,220295,234,卖盘
3115,13:38:12,9.41,31056,33,卖盘
3116,13:38:18,9.41,44227,47,卖盘
3117,13:38:21,9.41,48937,52,卖盘
3118,13:38:27,9.41,30112,32,卖盘
3119,13:38:30,9.41,271949,289,卖盘
3120,13:38:33,9.42,78105,83,买盘
3121,13:38:36,9.41,287960,306,卖盘
3122,13:38:39,9.41,95982,102,卖盘
3123,13:38:42,9.42,29202,31,买盘
3124,13:38:45,9.41,19761,21,卖盘
3125,13:38:48,9.41,25414,27,卖盘
3126,13:38:51,9.41,117645,125,卖盘
3127,13:38:54,9.41,15058,16,卖盘
3128,13:38:57,9.42,19764,21,买盘
3129,13:39:00,9.41,98805,105,卖盘
3130,13:39:06,9.42,18835,20,买盘
3131,13:39:09,9.41,38581,41,卖盘
3132,13:39:12,9.41,11293,12,卖盘
3133,13:39:15,9.41,205276,218,卖盘
3134,13:39:18,9.41,31082,33,卖盘
3135,13:39:21,9.41,198624,211,卖盘
3136,13:39:24,9.41,1882,2,卖盘
3137,13:39:27,9.42,79128,84,买盘
3138,13:39:30,9.42,12241,13,买盘
3139,13:39:33,9.41,49917,53,卖盘
3140,13:39:36,9.41,79044,84,卖盘
3141,13:39:39,9.42,12245,13,买盘
