,成交时间,成交价格,成交金额,成交量,性质
0,09:25:02,9.41,7282399,7739,卖盘
1,09:30:02,9.41,68695,73,卖盘
2,09:30:05,9.41,1882010,2000,卖盘
3,09:30:08,9.41,389526,414,买盘
4,09:30:11,9.41,994039,1057,买盘
5,09:30:14,9.41,671362,714,买盘
6,09:30:17,9.41,1591068,1692,买盘
7,09:30:20,9.4,645942,687,卖盘
8,09:30:23,9.4,582827,620,买盘
9,09:30:26,9.4,1147404,1221,买盘
10,09:30:29,9.4,396635,422,买盘
11,09:30:32,9.4,1029400,1095,买盘
12,09:30:35,9.4,856154,911,卖盘
13,09:30:38,9.41,678002,721,买盘
14,09:30:41,9.41,569759,606,买盘
15,09:30:44,9.4,772817,822,卖盘
16,09:30:47,9.4,736068,783,卖盘
17,09:30:50,9.4,109967,117,买盘
18,09:30:53,9.4,916621,976,买盘
19,09:30:56,9.39,1951853,2078,卖盘
20,09:30:59,9.38,1103649,1176,卖盘
21,09:31:02,9.38,939739,1001,卖盘
22,09:31:05,9.38,360349,384,卖盘
23,09:31:08,9.38,634096,676,卖盘
24,09:31:11,9.38,556319,593,卖盘
25,09:31:14,9.39,434371,463,买盘
26,09:31:17,9.38,1056278,1126,卖盘
27,09:31:20,9.39,629640,671,买盘
28,09:31:23,9.39,351077,374,买盘
29,09:31:26,9.39,187657,200,买盘
30,09:31:29,9.38,496256,529,卖盘
31,09:31:32,9.38,338680,361,卖盘
32,09:31:35,9.38,899797,959,卖盘
33,09:31:38,9.38,470148,501,卖盘
34,09:31:41,9.38,609831,650,卖盘
35,09:31:44,9.38,646282,689,卖盘
36,09:31:47,9.38,922111,983,卖盘
37,09:31:50,9.38,194119,207,买盘
38,09:31:53,9.38,435989,465,买盘
39,09:31:56,9.38,2946275,3144,买盘
40,09:31:59,9.38,1494076,1593,买盘
41,09:32:02,9.39,3575387,3808,买盘
42,09:32:05,9.39,296789,316,卖盘
43,09:32:08,9.4,2632769,2801,买盘
44,09:32:11,9.41,428812,456,买盘
45,09:32:14,9.4,585404,623,卖盘
46,09:32:17,9.4,1847564,1964,买盘
47,09:32:20,9.4,826800,879,卖盘
48,09:32:23,9.41,163653,174,中性盘
49,09:32:26,9.41,178788,190,卖盘
50,09:32:29,9.42,915968,973,买盘
51,09:32:32,9.42,1047356,1113,买盘
52,09:32:35,9.42,57431,61,买盘
53,09:32:38,9.41,185393,197,卖盘
54,09:32:41,9.41,135638,144,卖盘
55,09:32:44,9.41,360663,383,卖盘
56,09:32:47,9.41,107360,114,卖盘
57,09:32:50,9.41,241851,257,卖盘
58,09:32:53,9.41,1035700,1100,卖盘
59,09:32:56,9.4,421569,448,卖盘
60,09:32:59,9.41,45157,48,买盘
61,09:33:02,9.4,70521,75,卖盘
62,09:33:05,9.4,150469,160,卖盘
63,09:33:08,9.41,285834,304,买盘
64,09:33:11,9.4,151365,161,卖盘
65,09:33:14,9.4,234070,249,卖盘
66,09:33:17,9.4,306536,326,卖盘
67,09:33:20,9.4,225715,240,卖盘
68,09:33:23,9.39,519809,553,卖盘
69,09:33:26,9.4,93974,100,买盘
70,09:33:29,9.4,3031604,3229,买盘
71,09:33:32,9.39,73257,78,卖盘
72,09:33:35,9.39,91089,97,卖盘
73,09:33:38,9.39,169127,180,卖盘
74,09:33:41,9.39,281894,300,卖盘
75,09:33:44,9.39,165265,176,卖盘
76,09:33:47,9.39,359647,383,卖盘
77,09:33:50,9.39,1281161,1363,卖盘
78,09:33:53,9.39,306145,326,卖盘
79,09:33:56,9.39,340985,363,卖盘
80,09:33:59,9.39,296724,316,卖盘
81,09:34:02,9.39,966250,1029,卖盘
82,09:34:05,9.39,84510,90,卖盘
83,09:34:08,9.39,347435,370,卖盘
84,09:34:11,9.39,795259,847,买盘
85,09:34:14,9.38,248695,265,卖盘
86,09:34:17,9.38,135086,144,卖盘
87,09:34:20,9.39,74112,79,买盘
88,09:34:23,9.38,215851,230,卖盘
89,09:34:26,9.38,4967637,5296,卖盘
90,09:34:29,9.39,170758,182,买盘
91,09:34:32,9.39,45019,48,买盘
92,09:34:35,9.38,275702,294,卖盘
93,09:34:38,9.38,214722,229,买盘
94,09:34:41,9.37,95613,102,卖盘
95,09:34:44,9.37,362050,386,卖盘
96,09:34:47,9.38,156625,167,卖盘
97,09:34:50,9.38,606865,647,卖盘
98,09:34:53,9.38,445558,475,卖盘
99,09:34:56,9.38,176354,188,卖盘
100,09:34:59,9.38,258908,276,卖盘
101,09:35:02,9.39,145447,155,买盘
102,09:35:05,9.39,183867,196,买盘
103,09:35:08,9.38,223284,238,卖盘
104,09:35:11,9.38,422180,450,卖盘
105,09:35:14,9.39,441991,471,买盘
106,09:35:17,9.38,260810,278,卖盘
107,09:35:20,9.39,123822,132,买盘
108,09:35:23,9.39,257050,274,买盘
109,09:35:26,9.39,911111,971,买盘
110,09:35:29,9.39,258006,275,买盘
111,09:35:32,9.39,157632,168,买盘
112,09:35:35,9.38,142707,152,卖盘
113,09:35:38,9.38,282441,301,卖盘
114,09:35:41,9.38,105090,112,卖盘
115,09:35:44,9.38,1015887,1083,卖盘
116,09:35:47,9.38,108814,116,卖盘
117,09:35:50,9.38,196986,210,卖盘
118,09:35:53,9.38,361184,385,卖盘
119,09:35:56,9.38,1468969,1566,卖盘
120,09:35:59,9.39,257052,274,买盘
121,09:36:02,9.39,282375,301,买盘
122,09:36:05,9.38,146328,156,卖盘
123,09:36:08,9.38,421162,449,卖盘
124,09:36:11,9.38,368543,393,卖盘
125,09:36:14,9.39,142580,152,买盘
126,09:36:17,9.38,205422,219,卖盘
127,09:36:20,9.39,191405,204,买盘
128,09:36:23,9.38,472723,504,卖盘
129,09:36:26,9.38,915498,976,卖盘
130,09:36:29,9.38,394248,420,卖盘
131,09:36:32,9.38,710937,758,卖盘
132,09:36:35,9.38,107870,115,卖盘
133,09:36:38,9.38,350812,374,卖盘
134,09:36:41,9.38,767355,818,卖盘
135,09:36:44,9.38,129447,138,卖盘
136,09:36:47,9.39,432434,461,买盘
137,09:36:50,9.38,208241,222,卖盘
138,09:36:53,9.38,383652,409,卖盘
139,09:36:56,9.38,416496,444,卖盘
140,09:36:59,9.39,3251245,3466,买盘
141,09:37:02,9.38,406158,433,卖盘
142,09:37:05,9.38,197920,211,卖盘
143,09:37:08,9.38,614399,655,卖盘
144,09:37:11,9.38,418326,446,卖盘
145,09:37:14,9.38,670700,715,卖盘
146,09:37:17,9.38,196062,209,卖盘
147,09:37:20,9.38,175448,187,卖盘
148,09:37:23,9.38,215765,230,卖盘
149,09:37:26,9.38,84427,90,卖盘
150,09:37:29,9.38,227028,242,卖盘
151,09:37:32,9.38,226138,241,卖盘
152,09:37:35,9.39,243963,260,买盘
153,09:37:38,9.39,256161,273,买盘
154,09:37:41,9.39,109758,117,买盘
155,09:37:44,9.38,226064,241,卖盘
156,09:37:47,9.39,159477,170,买盘
157,09:37:50,9.38,77854,83,卖盘
158,09:37:53,9.38,434589,463,卖盘
159,09:37:56,9.39,334936,357,买盘
160,09:37:59,9.38,180138,192,卖盘
161,09:38:02,9.38,178335,190,卖盘
162,09:38:05,9.38,200808,214,卖盘
163,09:38:08,9.39,186769,199,买盘
164,09:38:11,9.38,51614,55,卖盘
165,09:38:14,9.38,496235,529,卖盘
166,09:38:17,9.39,55375,59,买盘
167,09:38:20,9.38,178231,190,卖盘
168,09:38:23,9.38,124803,133,卖盘
169,09:38:26,9.38,656941,700,卖盘
170,09:38:29,9.38,217682,232,卖盘
171,09:38:32,9.38,186716,199,卖盘
172,09:38:35,9.38,962801,1026,卖盘
173,09:38:38,9.38,181975,194,卖盘
174,09:38:41,9.38,550641,587,卖盘
175,09:38:44,9.38,272978,291,卖盘
176,09:38:47,9.38,296456,316,卖盘
177,09:38:50,9.38,339567,362,卖盘
178,09:38:53,9.38,223276,238,卖盘
179,09:38:56,9.39,1051709,1121,买盘
180,09:38:59,9.38,183887,196,卖盘
181,09:39:02,9.38,215751,230,卖盘
182,09:39:05,9.38,335806,358,卖盘
183,09:39:08,9.38,793549,846,卖盘
184,09:39:11,9.38,429715,458,卖盘
185,09:39:14,9.38,86296,92,卖盘
186,09:39:17,9.39,232638,248,买盘
187,09:39:20,9.38,476554,508,卖盘
188,09:39:23,9.38,347076,370,卖盘
189,09:39:26,9.38,278646,297,卖盘
190,09:39:29,9.39,139782,149,买盘
191,09:39:32,9.38,430585,459,卖盘
192,09:39:35,9.39,161363,172,买盘
193,09:39:38,9.39,217757,232,买盘
194,09:39:41,9.38,1132167,1207,卖盘
195,09:39:44,9.38,490607,523,卖盘
196,09:39:47,9.38,214855,229,卖盘
197,09:39:50,9.38,170721,182,卖盘
198,09:39:53,9.38,790856,843,卖盘
199,09:39:56,9.38,602196,642,卖盘
200,09:39:59,9.38,855461,912,卖盘
201,09:40:02,9.38,928625,990,卖盘
202,09:40:05,9.39,272173,290,买盘
203,09:40:08,9.38,418378,446,卖盘
204,09:40:11,9.38,234521,250,卖盘
205,09:40:14,9.38,666131,710,卖盘
206,09:40:17,9.38,1414860,1508,卖盘
207,09:40:20,9.38,386459,412,卖盘
208,09:40:23,9.38,1134985,1210,卖盘
209,09:40:26,9.38,392105,418,卖盘
210,09:40:29,9.38,91924,98,卖盘
211,09:40:32,9.38,1333846,1422,卖盘
212,09:40:35,9.38,251318,268,买盘
213,09:40:38,9.38,116241,124,买盘
214,09:40:41,9.37,1047092,1117,卖盘
215,09:40:44,9.38,379494,405,买盘
216,09:40:47,9.38,97498,104,买盘
217,09:40:50,9.38,150958,161,买盘
218,09:40:53,9.37,432969,462,卖盘
219,09:40:56,9.38,1515649,1616,买盘
220,09:40:59,9.38,268268,286,卖盘
221,09:41:02,9.38,606886,647,卖盘
222,09:41:05,9.38,213864,228,卖盘
223,09:41:08,9.38,312354,333,卖盘
224,09:41:11,9.38,219492,234,卖盘
225,09:41:14,9.38,544978,581,卖盘
226,09:41:17,9.37,1089945,1162,卖盘
227,09:41:20,9.38,80632,86,买盘
228,09:41:23,9.37,530412,566,卖盘
229,09:41:26,9.38,500511,534,买盘
230,09:41:29,9.37,452854,483,卖盘
231,09:41:32,9.37,569801,608,卖盘
232,09:41:35,9.37,357994,382,卖盘
233,09:41:38,9.38,457439,488,买盘
234,09:41:41,9.38,507231,541,买盘
235,09:41:44,9.38,790848,844,买盘
236,09:41:47,9.37,406761,434,卖盘
237,09:41:50,9.38,192102,205,买盘
238,09:41:53,9.37,485384,518,卖盘
239,09:41:56,9.37,77778,83,卖盘
240,09:41:59,9.38,626912,669,买盘
241,09:42:02,9.37,572565,611,卖盘
242,09:42:05,9.38,144374,154,买盘
243,09:42:08,9.37,58126,62,卖盘
244,09:42:11,9.37,361748,386,卖盘
245,09:42:14,9.38,476983,509,买盘
246,09:42:17,9.38,69350,74,买盘
247,09:42:20,9.38,259584,277,买盘
248,09:42:23,9.37,535110,571,卖盘
249,09:42:26,9.38,502292,536,买盘
250,09:42:29,9.38,211822,226,买盘
251,09:42:32,9.38,643803,687,买盘
252,09:42:35,9.38,566421,604,买盘
253,09:42:38,9.38,76908,82,买盘
254,09:42:41,9.37,218441,233,卖盘
255,09:42:44,9.37,490150,523,卖盘
256,09:42:47,9.38,114343,122,买盘
257,09:42:50,9.37,76873,82,卖盘
258,09:42:53,9.38,303618,324,买盘
259,09:42:56,9.38,156494,167,买盘
260,09:42:59,9.38,444210,474,买盘
261,09:43:02,9.38,747862,798,买盘
262,09:43:05,9.37,94666,101,卖盘
263,09:43:08,9.37,185554,198,卖盘
264,09:43:11,9.38,48747,52,买盘
265,09:43:14,9.37,2991187,3192,卖盘
266,09:43:17,9.38,6227369,6639,买盘
267,09:43:20,9.39,129449,138,买盘
268,09:43:23,9.37,300138,320,卖盘
269,09:43:26,9.38,427713,456,买盘
270,09:43:29,9.37,256815,274,卖盘
271,09:43:32,9.37,160293,171,卖盘
272,09:43:35,9.38,353281,377,买盘
273,09:43:38,9.37,85267,91,卖盘
274,09:43:41,9.37,87176,93,卖盘
275,09:43:44,9.38,150860,161,买盘
276,09:43:47,9.38,1351617,1441,买盘
277,09:43:50,9.37,563826,601,卖盘
278,09:43:53,9.37,1160584,1238,卖盘
279,09:43:56,9.37,3308131,3524,卖盘
280,09:43:59,9.38,238013,254,买盘
281,09:44:02,9.38,437068,466,买盘
282,09:44:05,9.38,1237222,1319,卖盘
283,09:44:08,9.38,60970,65,卖盘
284,09:44:11,9.38,436181,465,卖盘
285,09:44:14,9.38,680060,725,卖盘
286,09:44:17,9.38,299222,319,卖盘
287,09:44:20,9.38,149155,159,卖盘
288,09:44:23,9.39,561867,599,买盘
289,09:44:26,9.39,99465,106,买盘
290,09:44:29,9.38,467128,498,卖盘
291,09:44:32,9.38,176344,188,卖盘
292,09:44:35,9.38,224182,239,卖盘
293,09:44:38,9.39,228972,244,买盘
294,09:44:41,9.38,13136,14,卖盘
295,09:44:44,9.38,413732,441,卖盘
296,09:44:47,9.39,55364,59,买盘
297,09:44:50,9.38,46900,50,卖盘
298,09:44:53,9.38,176424,188,卖盘
299,09:44:56,9.38,97582,104,卖盘
300,09:44:59,9.38,149142,159,卖盘
301,09:45:02,9.38,246704,263,卖盘
302,09:45:05,9.38,348936,372,卖盘
303,09:45:08,9.39,223381,238,买盘
304,09:45:11,9.38,148254,158,卖盘
305,09:45:14,9.38,1010265,1077,卖盘
306,09:45:17,9.38,1058064,1128,卖盘
307,09:45:20,9.38,1007414,1074,卖盘
308,09:45:23,9.38,1242850,1325,卖盘
309,09:45:26,9.38,87234,93,买盘
310,09:45:29,9.38,177277,189,买盘
311,09:45:32,9.38,1102111,1175,买盘
312,09:45:35,9.38,1193136,1272,买盘
313,09:45:38,9.38,2479720,2641,卖盘
314,09:45:41,9.38,24388,26,卖盘
315,09:45:44,9.39,115380,123,买盘
316,09:45:47,9.38,1014918,1082,卖盘
317,09:45:50,9.38,335854,358,卖盘
318,09:45:53,9.39,155786,166,买盘
319,09:45:56,9.39,333934,356,买盘
320,09:45:59,9.38,245758,262,卖盘
321,09:46:02,9.39,226088,241,买盘
322,09:46:05,9.39,106979,114,买盘
323,09:46:08,9.38,364892,389,卖盘
324,09:46:11,9.38,28150,30,卖盘
325,09:46:14,9.38,369874,394,卖盘
326,09:46:17,9.38,54414,58,卖盘
327,09:46:20,9.38,224282,239,卖盘
328,09:46:23,9.38,122878,131,卖盘
329,09:46:26,9.39,156694,167,买盘
330,09:46:29,9.38,209254,223,卖盘
331,09:46:32,9.38,70400,75,卖盘
332,09:46:35,9.38,38458,41,卖盘
333,09:46:38,9.38,99439,106,卖盘
334,09:46:41,9.38,143545,153,卖盘
335,09:46:44,9.38,193298,206,卖盘
336,09:46:47,9.38,59104,63,卖盘
337,09:46:50,9.38,81651,87,卖盘
338,09:46:53,9.38,193376,206,卖盘
339,09:46:56,9.39,264539,282,买盘
340,09:46:59,9.38,27202,29,卖盘
341,09:47:02,9.38,44086,47,卖盘
342,09:47:05,9.39,1596258,1700,买盘
343,09:47:08,9.39,181227,193,卖盘
344,09:47:11,9.4,784757,835,买盘
345,09:47:14,9.39,15963,17,卖盘
346,09:47:17,9.4,2518217,2679,买盘
347,09:47:20,9.4,429739,457,卖盘
348,09:47:23,9.4,52640,56,卖盘
349,09:47:26,9.4,12220,13,卖盘
350,09:47:29,9.41,53587,57,买盘
351,09:47:32,9.41,151461,161,买盘
352,09:47:35,9.41,121329,129,买盘
353,09:47:38,9.41,148553,158,买盘
354,09:47:41,9.41,77130,82,买盘
355,09:47:44,9.41,337781,359,买盘
356,09:47:47,9.4,145745,155,卖盘
357,09:47:50,9.4,197414,210,卖盘
358,09:47:53,9.4,122253,130,卖盘
359,09:47:56,9.4,37600,40,卖盘
360,09:47:59,9.41,149491,159,买盘
361,09:48:02,9.4,292356,311,卖盘
362,09:48:05,9.4,57344,61,卖盘
363,09:48:08,9.4,99710,106,卖盘
364,09:48:11,9.41,55462,59,买盘
365,09:48:14,9.4,434290,462,卖盘
366,09:48:17,9.4,1829240,1946,卖盘
367,09:48:20,9.4,275560,293,卖盘
368,09:48:23,9.4,29140,31,卖盘
369,09:48:26,9.4,203120,216,卖盘
370,09:48:29,9.41,219033,233,买盘
371,09:48:32,9.4,197401,210,卖盘
372,09:48:35,9.4,47940,51,卖盘
373,09:48:38,9.4,220900,235,卖盘
374,09:48:41,9.4,196512,209,卖盘
375,09:48:44,9.4,91180,97,卖盘
376,09:48:47,9.4,100584,107,卖盘
377,09:48:50,9.41,247225,263,买盘
378,09:48:53,9.4,217184,231,卖盘
379,09:48:56,9.4,34748,37,中性盘
380,09:48:59,9.4,65765,70,买盘
381,09:49:02,9.41,393015,418,买盘
382,09:49:05,9.41,104366,111,买盘
383,09:49:08,9.4,41360,44,卖盘
384,09:49:11,9.41,60224,64,买盘
385,09:49:14,9.4,96860,103,卖盘
386,09:49:17,9.4,355320,378,卖盘
387,09:49:20,9.4,2820,3,卖盘
388,09:49:23,9.41,41372,44,买盘
389,09:49:26,9.4,94024,100,卖盘
390,09:49:29,9.41,73353,78,买盘
391,09:49:32,9.41,32911,35,买盘
392,09:49:35,9.4,1345141,1431,卖盘
393,09:49:38,9.41,52665,56,买盘
394,09:49:41,9.4,281060,299,卖盘
395,09:49:44,9.4,151340,161,买盘
396,09:49:47,9.4,414508,441,买盘
397,09:49:50,9.4,423940,451,买盘
398,09:49:53,9.4,28200,30,卖盘
399,09:49:56,9.4,76140,81,卖盘
400,09:49:59,9.4,111870,119,卖盘
401,09:50:02,9.4,135461,144,卖盘
402,09:50:05,9.4,354555,377,卖盘
403,09:50:08,9.4,164500,175,买盘
404,09:50:11,9.4,2113075,2248,买盘
405,09:50:14,9.39,405076,431,卖盘
406,09:50:17,9.4,11280,12,买盘
407,09:50:20,9.4,47940,51,买盘
408,09:50:23,9.4,83632,89,买盘
409,09:50:26,9.39,96721,103,卖盘
410,09:50:29,9.4,132488,141,买盘
411,09:50:32,9.4,37564,40,买盘
412,09:50:35,9.4,231211,246,买盘
413,09:50:38,9.4,42300,45,买盘
414,09:50:41,9.4,69531,74,买盘
415,09:50:44,9.4,146585,156,买盘
416,09:50:47,9.39,27231,29,卖盘
417,09:50:50,9.4,32900,35,买盘
418,09:50:53,9.4,140924,150,买盘
419,09:50:56,9.39,42266,45,卖盘
420,09:50:59,9.4,211300,225,买盘
421,09:51:02,9.4,222617,237,买盘
422,09:51:05,9.39,112751,120,卖盘
423,09:51:08,9.4,91102,97,买盘
424,09:51:11,9.4,186061,198,买盘
425,09:51:14,9.39,40396,43,卖盘
426,09:51:17,9.39,56345,60,卖盘
427,09:51:20,9.4,131561,140,买盘
428,09:51:23,9.4,95823,102,买盘
429,09:51:26,9.39,194485,207,卖盘
430,09:51:29,9.4,68614,73,买盘
431,09:51:32,9.39,55429,59,卖盘
432,09:51:35,9.4,266741,284,买盘
433,09:51:38,9.4,81722,87,买盘
434,09:51:41,9.39,645745,687,卖盘
435,09:51:44,9.4,273492,291,买盘
436,09:51:47,9.39,122087,130,卖盘
437,09:51:50,9.4,327854,349,买盘
438,09:51:53,9.39,40405,43,卖盘
439,09:51:56,9.4,35701,38,买盘
440,09:51:59,9.4,42280,45,买盘
441,09:52:02,9.39,93950,100,卖盘
442,09:52:05,9.39,52594,56,卖盘
443,09:52:08,9.39,33824,36,卖盘
444,09:52:11,9.4,1677863,1785,买盘
445,09:52:14,9.4,42300,45,卖盘
446,09:52:17,9.4,167320,178,卖盘
447,09:52:20,9.4,122200,130,卖盘
448,09:52:23,9.4,68620,73,卖盘
449,09:52:26,9.41,47950,51,买盘
450,09:52:29,9.41,104451,111,买盘
451,09:52:32,9.4,107199,114,卖盘
452,09:52:35,9.4,105280,112,卖盘
453,09:52:38,9.4,151340,161,卖盘
454,09:52:41,9.4,103400,110,卖盘
455,09:52:44,9.41,32910,35,买盘
456,09:52:47,9.4,148580,158,卖盘
457,09:52:50,9.4,161705,172,卖盘
458,09:52:53,9.4,16921,18,卖盘
459,09:52:56,9.4,140060,149,卖盘
460,09:52:59,9.41,284891,303,买盘
461,09:53:02,9.4,329000,350,卖盘
462,09:53:05,9.41,380912,405,买盘
463,09:53:08,9.4,350724,373,卖盘
464,09:53:11,9.4,339496,361,卖盘
465,09:53:14,9.4,105305,112,卖盘
466,09:53:17,9.4,26321,28,卖盘
467,09:53:20,9.4,65860,70,卖盘
468,09:53:23,9.4,86500,92,卖盘
469,09:53:26,9.41,51732,55,买盘
470,09:53:29,9.41,175807,187,买盘
471,09:53:32,9.4,96860,103,卖盘
472,09:53:35,9.41,83729,89,买盘
473,09:53:38,9.4,58317,62,卖盘
474,09:53:41,9.4,64903,69,卖盘
475,09:53:44,9.4,104351,111,卖盘
476,09:53:47,9.4,204950,218,卖盘
477,09:53:50,9.41,105383,112,买盘
478,09:53:53,9.41,92190,98,买盘
479,09:53:56,9.4,196552,209,卖盘
480,09:53:59,9.4,172127,183,卖盘
481,09:54:02,9.41,27282,29,买盘
482,09:54:05,9.4,55491,59,卖盘
483,09:54:08,9.4,96827,103,卖盘
484,09:54:11,9.41,208729,222,买盘
485,09:54:14,9.41,50777,54,买盘
486,09:54:17,9.4,149481,159,卖盘
487,09:54:20,9.4,32904,35,卖盘
488,09:54:23,9.4,63002,67,卖盘
489,09:54:26,9.41,25390,27,买盘
490,09:54:29,9.41,95905,102,买盘
491,09:54:32,9.41,208897,222,买盘
492,09:54:35,9.41,134532,143,买盘
493,09:54:38,9.4,850624,904,卖盘
494,09:54:41,9.41,149605,159,买盘
495,09:54:44,9.41,415863,442,买盘
496,09:54:47,9.41,14115,15,买盘
497,09:54:50,9.4,135384,144,卖盘
498,09:54:53,9.4,231387,246,卖盘
499,09:54:56,9.41,309519,329,买盘
500,09:54:59,9.41,72423,77,买盘
501,09:55:02,9.4,155145,165,卖盘
502,09:55:05,9.41,80882,86,买盘
503,09:55:08,9.41,530300,564,买盘
504,09:55:11,9.41,216288,230,买盘
505,09:55:14,9.41,55467,59,买盘
506,09:55:17,9.41,35758,38,买盘
507,09:55:20,9.4,85590,91,卖盘
508,09:55:23,9.41,190959,203,买盘
509,09:55:26,9.4,235217,250,卖盘
510,09:55:29,9.4,186120,198,卖盘
511,09:55:32,9.41,136393,145,买盘
512,09:55:35,9.4,86495,92,卖盘
513,09:55:38,9.4,313020,333,卖盘
514,09:55:41,9.4,115685,123,卖盘
515,09:55:44,9.4,105280,112,卖盘
516,09:55:47,9.4,172034,183,卖盘
517,09:55:50,9.41,1207270,1284,买盘
518,09:55:53,9.4,468127,498,卖盘
519,09:55:56,9.4,94070,100,卖盘
520,09:55:59,9.41,110967,118,买盘
521,09:56:02,9.41,122232,130,买盘
522,09:56:05,9.41,270969,288,买盘
523,09:56:08,9.41,1453340,1546,买盘
524,09:56:11,9.41,406409,432,买盘
525,09:56:14,9.4,218185,232,卖盘
526,09:56:17,9.4,22583,24,卖盘
527,09:56:20,9.4,148610,158,卖盘
528,09:56:23,9.4,237824,253,卖盘
529,09:56:26,9.4,41360,44,卖盘
530,09:56:29,9.41,52657,56,买盘
531,09:56:32,9.4,82720,88,卖盘
532,09:56:35,9.4,275455,293,卖盘
533,09:56:38,9.41,22574,24,买盘
534,09:56:41,9.4,53580,57,卖盘
535,09:56:44,9.4,118440,126,卖盘
536,09:56:47,9.4,122228,130,卖盘
537,09:56:50,9.4,52658,56,卖盘
538,09:56:53,9.4,148520,158,卖盘
539,09:56:56,9.4,84600,90,卖盘
540,09:56:59,9.4,143820,153,卖盘
541,09:57:02,9.4,111860,119,卖盘
542,09:57:05,9.4,77100,82,卖盘
543,09:57:08,9.4,209620,223,卖盘
544,09:57:11,9.4,1611160,1714,卖盘
545,09:57:14,9.4,266960,284,卖盘
546,09:57:17,9.39,673830,717,卖盘
547,09:57:20,9.39,200188,213,卖盘
548,09:57:23,9.4,244400,260,买盘
549,09:57:26,9.4,60140,64,买盘
550,09:57:29,9.4,66740,71,买盘
551,09:57:32,9.4,10340,11,买盘
552,09:57:35,9.4,68597,73,买盘
553,09:57:38,9.4,119376,127,买盘
554,09:57:41,9.4,89300,95,买盘
555,09:57:44,9.4,67680,72,买盘
556,09:57:47,9.4,106186,113,买盘
557,09:57:50,9.4,105272,112,买盘
558,09:57:53,9.4,125923,134,买盘
559,09:57:56,9.39,26303,28,卖盘
560,09:57:59,9.39,25359,27,卖盘
561,09:58:02,9.39,84579,90,卖盘
562,09:58:05,9.4,18800,20,买盘
563,09:58:08,9.4,34748,37,买盘
564,09:58:14,9.39,148374,158,卖盘
565,09:58:17,9.39,141790,151,卖盘
566,09:58:20,9.39,513640,547,卖盘
567,09:58:23,9.39,110807,118,卖盘
568,09:58:26,9.39,808565,861,卖盘
569,09:58:29,9.39,52584,56,卖盘
570,09:58:32,9.39,22536,24,卖盘
571,09:58:35,9.39,164345,175,卖盘
572,09:58:38,9.4,317472,338,买盘
573,09:58:41,9.39,65732,70,卖盘
574,09:58:44,9.39,564394,601,卖盘
575,09:58:47,9.4,288295,307,买盘
576,09:58:50,9.39,183108,195,卖盘
577,09:58:53,9.39,61035,65,卖盘
578,09:58:56,9.39,247926,264,卖盘
579,09:58:59,9.39,217848,232,卖盘
580,09:59:02,9.39,778446,829,卖盘
581,09:59:05,9.39,298602,318,卖盘
582,09:59:08,9.39,201885,215,卖盘
583,09:59:11,9.39,211293,225,卖盘
584,09:59:14,9.4,161511,172,买盘
585,09:59:17,9.39,121131,129,卖盘
586,09:59:20,9.39,258225,275,卖盘
587,09:59:23,9.4,54486,58,买盘
588,09:59:26,9.4,650737,693,买盘
589,09:59:29,9.39,181235,193,卖盘
590,09:59:32,9.39,75124,80,卖盘
591,09:59:35,9.39,218794,233,卖盘
592,09:59:38,9.4,291111,310,买盘
593,09:59:41,9.39,188739,201,卖盘
594,09:59:44,9.39,939,1,卖盘
595,09:59:47,9.39,154935,165,卖盘
596,09:59:50,9.39,322104,343,卖盘
597,09:59:53,9.39,94839,101,卖盘
598,09:59:56,9.39,150240,160,卖盘
599,09:59:59,9.39,348369,371,卖盘
600,10:00:02,9.39,1869549,1991,卖盘
601,10:00:05,9.39,1625718,1731,卖盘
602,10:00:08,9.39,817865,871,卖盘
603,10:00:11,9.38,273940,292,卖盘
604,10:00:14,9.38,78865,84,卖盘
605,10:00:17,9.38,102255,109,卖盘
606,10:00:20,9.39,41316,44,买盘
607,10:00:23,9.38,105994,113,卖盘
608,10:00:26,9.38,210227,224,卖盘
609,10:00:29,9.38,197059,210,卖盘
610,10:00:32,9.38,110684,118,卖盘
611,10:00:35,9.38,91006,97,卖盘
612,10:00:38,9.38,99428,106,卖盘
613,10:00:41,9.39,121022,129,买盘
614,10:00:44,9.39,50680,54,买盘
615,10:00:47,9.38,112560,120,卖盘
616,10:00:50,9.38,110758,118,卖盘
617,10:00:53,9.38,231754,247,卖盘
618,10:00:56,9.38,114436,122,卖盘
619,10:00:59,9.38,180096,192,卖盘
620,10:01:02,9.38,64761,69,卖盘
621,10:01:05,9.39,87267,93,买盘
622,10:01:08,9.38,261763,279,卖盘
623,10:01:11,9.39,70402,75,买盘
624,10:01:14,9.39,303007,323,买盘
625,10:01:17,9.38,82559,88,卖盘
626,10:01:20,9.38,171691,183,卖盘
627,10:01:23,9.39,471927,503,买盘
628,10:01:26,9.38,169869,181,卖盘
629,10:01:29,9.38,177314,189,卖盘
630,10:01:32,9.39,295684,315,买盘
631,10:01:35,9.38,136948,146,卖盘
632,10:01:38,9.38,167925,179,卖盘
633,10:01:41,9.38,382744,408,卖盘
634,10:01:44,9.39,159484,170,买盘
635,10:01:47,9.38,30962,33,卖盘
636,10:01:50,9.38,188589,201,卖盘
637,10:01:53,9.39,362309,386,买盘
638,10:01:56,9.38,79730,85,卖盘
639,10:01:59,9.38,205432,219,卖盘
640,10:02:02,9.38,212939,227,卖盘
641,10:02:05,9.38,329244,351,卖盘
642,10:02:08,9.38,613455,654,卖盘
643,10:02:11,9.38,314251,335,卖盘
644,10:02:14,9.38,42214,45,卖盘
645,10:02:17,9.39,220471,235,买盘
646,10:02:20,9.39,46950,50,买盘
647,10:02:23,9.39,481218,513,买盘
648,10:02:26,9.38,137911,147,卖盘
649,10:02:29,9.38,64732,69,卖盘
650,10:02:32,9.38,137886,147,卖盘
651,10:02:35,9.38,67556,72,卖盘
652,10:02:38,9.39,201797,215,买盘
653,10:02:41,9.38,173570,185,卖盘
654,10:02:44,9.38,169778,181,卖盘
655,10:02:47,9.39,372669,397,买盘
656,10:02:50,9.38,76926,82,卖盘
657,10:02:53,9.38,149253,159,卖盘
658,10:02:56,9.39,257052,274,买盘
659,10:02:59,9.38,60036,64,卖盘
660,10:03:02,9.38,242028,258,卖盘
661,10:03:05,9.39,335906,358,买盘
662,10:03:08,9.38,238337,254,卖盘
663,10:03:11,9.38,69413,74,卖盘
664,10:03:14,9.38,77910,83,卖盘
665,10:03:17,9.38,163347,174,卖盘
666,10:03:20,9.38,32856,35,卖盘
667,10:03:23,9.38,52528,56,卖盘
668,10:03:26,9.39,235576,251,买盘
669,10:03:29,9.39,71314,76,买盘
670,10:03:32,9.39,90069,96,买盘
671,10:03:35,9.38,155783,166,卖盘
672,10:03:38,9.39,209199,223,买盘
673,10:03:41,9.38,109762,117,卖盘
674,10:03:44,9.38,281410,300,卖盘
675,10:03:47,9.38,45965,49,卖盘
676,10:03:50,9.39,881656,939,买盘
677,10:03:53,9.39,171767,183,买盘
678,10:03:56,9.39,304921,325,买盘
679,10:03:59,9.39,261917,279,买盘
680,10:04:02,9.38,237356,253,卖盘
681,10:04:05,9.39,221510,236,买盘
682,10:04:08,9.39,17828,19,买盘
683,10:04:11,9.39,105112,112,买盘
684,10:04:14,9.39,121093,129,买盘
685,10:04:17,9.38,63821,68,卖盘
686,10:04:20,9.38,443041,472,卖盘
687,10:04:23,9.38,160518,171,卖盘
688,10:04:26,9.39,2817,3,买盘
689,10:04:29,9.39,159550,170,买盘
690,10:04:32,9.39,96643,103,买盘
691,10:04:35,9.38,163223,174,卖盘
692,10:04:38,9.39,43194,46,买盘
693,10:04:41,9.38,64725,69,卖盘
694,10:04:47,9.39,112570,120,买盘
695,10:04:50,9.39,196192,209,买盘
696,10:04:53,9.39,145521,155,买盘
697,10:04:56,9.38,42234,45,卖盘
698,10:04:59,9.39,59121,63,买盘
699,10:05:02,9.38,248580,265,卖盘
700,10:05:05,9.38,30954,33,卖盘
701,10:05:08,9.38,604648,644,卖盘
702,10:05:11,9.38,174549,186,卖盘
703,10:05:14,9.39,134180,143,买盘
704,10:05:17,9.39,254246,271,买盘
705,10:05:20,9.39,184904,197,买盘
706,10:05:23,9.39,213125,227,买盘
707,10:05:26,9.38,32840,35,卖盘
708,10:05:29,9.39,126639,135,买盘
709,10:05:32,9.39,67596,72,买盘
710,10:05:35,9.38,135082,144,卖盘
711,10:05:38,9.38,56286,60,卖盘
712,10:05:41,9.39,134166,143,买盘
713,10:05:44,9.39,220437,235,买盘
714,10:05:47,9.39,62904,67,买盘
715,10:05:50,9.38,172594,184,卖盘
716,10:05:53,9.38,113587,121,卖盘
717,10:05:56,9.38,310523,331,卖盘
718,10:05:59,9.38,138888,148,卖盘
719,10:06:02,9.39,78826,84,买盘
720,10:06:05,9.39,106069,113,买盘
721,10:06:08,9.39,323657,345,买盘
722,10:06:11,9.39,109793,117,买盘
723,10:06:14,9.39,434625,463,买盘
724,10:06:17,9.39,189602,202,买盘
725,10:06:20,9.38,687653,733,卖盘
726,10:06:23,9.39,198020,211,买盘
727,10:06:26,9.39,227207,242,买盘
728,10:06:29,9.38,149198,159,卖盘
729,10:06:32,9.39,122951,131,买盘
730,10:06:35,9.38,206523,220,卖盘
731,10:06:38,9.38,160498,171,卖盘
732,10:06:41,9.38,31902,34,卖盘
733,10:06:44,9.38,209197,223,卖盘
734,10:06:47,9.39,597536,637,买盘
735,10:06:50,9.39,76016,81,买盘
736,10:06:53,9.38,130399,139,卖盘
737,10:06:56,9.39,137006,146,买盘
738,10:06:59,9.38,139773,149,卖盘
739,10:07:02,9.38,105061,112,卖盘
740,10:07:05,9.38,115374,123,卖盘
741,10:07:08,9.39,245876,262,买盘
742,10:07:11,9.38,88172,94,卖盘
743,10:07:14,9.38,67536,72,卖盘
744,10:07:17,9.38,223272,238,卖盘
745,10:07:20,9.39,637872,680,买盘
746,10:07:23,9.38,2297400,2449,卖盘
747,10:07:26,9.39,106009,113,买盘
748,10:07:29,9.39,154776,165,买盘
749,10:07:32,9.39,69414,74,买盘
750,10:07:35,9.38,135080,144,卖盘
751,10:07:38,9.38,525471,560,卖盘
752,10:07:41,9.38,220530,235,卖盘
753,10:07:44,9.38,211050,225,卖盘
754,10:07:47,9.38,22512,24,卖盘
755,10:07:50,9.39,195138,208,买盘
756,10:07:53,9.39,32848,35,买盘
757,10:07:56,9.38,200812,214,卖盘
758,10:07:59,9.39,1005125,1071,买盘
759,10:08:02,9.38,652868,696,卖盘
760,10:08:05,9.38,225120,240,卖盘
761,10:08:08,9.38,121035,129,卖盘
762,10:08:11,9.38,195104,208,卖盘
763,10:08:14,9.38,288914,308,卖盘
764,10:08:17,9.38,85386,91,卖盘
765,10:08:20,9.38,145397,155,卖盘
766,10:08:23,9.38,61908,66,卖盘
767,10:08:26,9.38,237324,253,卖盘
768,10:08:29,9.38,153832,164,卖盘
769,10:08:32,9.38,10795442,11509,卖盘
770,10:08:35,9.38,319549,341,买盘
771,10:08:38,9.38,946163,1009,买盘
772,10:08:41,9.38,27196,29,买盘
773,10:08:44,9.37,293306,313,卖盘
774,10:08:47,9.38,60945,65,买盘
775,10:08:50,9.37,156539,167,卖盘
776,10:08:53,9.37,608130,649,卖盘
777,10:08:56,9.37,38417,41,卖盘
778,10:08:59,9.37,479844,512,卖盘
779,10:09:02,9.37,658798,703,卖盘
780,10:09:05,9.38,808744,863,买盘
781,10:09:08,9.37,219265,234,卖盘
782,10:09:11,9.38,65627,70,买盘
783,10:09:14,9.37,25318,27,卖盘
784,10:09:17,9.37,718170,766,卖盘
785,10:09:20,9.37,977332,1043,卖盘
786,10:09:23,9.37,200518,214,卖盘
787,10:09:26,9.37,516287,551,卖盘
788,10:09:29,9.37,251116,268,卖盘
789,10:09:32,9.38,217422,232,买盘
790,10:09:35,9.37,181779,194,卖盘
791,10:09:38,9.38,112452,120,买盘
792,10:09:41,9.38,52508,56,买盘
793,10:09:44,9.38,16867,18,买盘
794,10:09:47,9.37,192086,205,卖盘
795,10:09:50,9.37,67490,72,卖盘
796,10:09:53,9.37,65591,70,卖盘
797,10:09:56,9.37,101206,108,卖盘
798,10:09:59,9.37,223036,238,卖盘
799,10:10:02,9.38,25312,27,买盘
800,10:10:05,9.37,386981,413,卖盘
801,10:10:08,9.38,119955,128,买盘
802,10:10:11,9.37,94656,101,卖盘
803,10:10:14,9.37,78786,84,卖盘
804,10:10:17,9.38,489192,522,买盘
805,10:10:20,9.37,88080,94,卖盘
806,10:10:23,9.37,39356,42,卖盘
807,10:10:26,9.37,252158,269,卖盘
808,10:10:29,9.38,170645,182,买盘
809,10:10:32,9.37,59059,63,卖盘
810,10:10:35,9.37,581299,620,卖盘
811,10:10:38,9.37,2015537,2151,卖盘
812,10:10:41,9.37,119944,128,卖盘
813,10:10:44,9.37,51540,55,卖盘
814,10:10:47,9.38,41246,44,买盘
815,10:10:50,9.38,59978,64,买盘
816,10:10:53,9.38,28135,30,买盘
817,10:10:56,9.37,257737,275,卖盘
818,10:10:59,9.38,32813,35,买盘
819,10:11:02,9.38,95585,102,买盘
820,10:11:05,9.38,29986,32,买盘
821,10:11:08,9.38,3699327,3944,买盘
822,10:11:11,9.38,38450,41,买盘
823,10:11:14,9.38,69408,74,买盘
824,10:11:17,9.37,238953,255,卖盘
825,10:11:20,9.37,75897,81,卖盘
826,10:11:23,9.37,18740,20,卖盘
827,10:11:29,9.37,301085,321,卖盘
828,10:11:32,9.38,28136,30,买盘
829,10:11:35,9.38,82470,88,买盘
830,10:11:38,9.37,82466,88,卖盘
831,10:11:41,9.37,937,1,卖盘
832,10:11:44,9.37,141487,151,卖盘
833,10:11:47,9.38,59083,63,买盘
834,10:11:50,9.37,14992,16,卖盘
835,10:11:53,9.37,19683,21,卖盘
836,10:11:56,9.37,9370,10,卖盘
837,10:11:59,9.38,76837,82,买盘
838,10:12:02,9.37,50628,54,卖盘
839,10:12:05,9.37,128370,137,卖盘
840,10:12:08,9.38,262462,280,买盘
841,10:12:11,9.37,66540,71,卖盘
842,10:12:14,9.38,64665,69,买盘
843,10:12:17,9.37,15929,17,卖盘
844,10:12:20,9.37,10316,11,卖盘
845,10:12:23,9.37,263297,281,卖盘
846,10:12:26,9.37,40291,43,卖盘
847,10:12:29,9.38,37520,40,买盘
848,10:12:32,9.37,256738,274,卖盘
849,10:12:35,9.38,29056,31,买盘
850,10:12:38,9.37,136001,145,卖盘
851,10:12:41,9.37,116200,124,卖盘
852,10:12:44,9.37,149920,160,卖盘
853,10:12:47,9.38,97468,104,买盘
854,10:12:50,9.37,35629,38,卖盘
855,10:12:53,9.38,9380,10,买盘
856,10:12:59,9.38,19692,21,买盘
857,10:13:02,9.38,51579,55,买盘
858,10:13:05,9.38,4716212,5028,买盘
859,10:13:08,9.38,242950,259,卖盘
860,10:13:11,9.38,211988,226,卖盘
861,10:13:14,9.38,33769,36,卖盘
862,10:13:17,9.38,34706,37,卖盘
863,10:13:20,9.38,174532,186,卖盘
864,10:13:23,9.39,139765,149,买盘
865,10:13:26,9.39,23475,25,买盘
866,10:13:29,9.39,17841,19,买盘
867,10:13:32,9.38,208248,222,卖盘
868,10:13:35,9.38,28140,30,卖盘
869,10:13:38,9.38,18770,20,卖盘
870,10:13:41,9.38,19698,21,卖盘
871,10:13:44,9.38,16884,18,卖盘
872,10:13:47,9.38,75044,80,卖盘
873,10:13:50,9.39,123818,132,买盘
874,10:13:53,9.38,123879,132,卖盘
875,10:13:56,9.38,68478,73,卖盘
876,10:13:59,9.39,4694,5,买盘
877,10:14:02,9.39,564259,601,买盘
878,10:14:05,9.38,75978,81,卖盘
879,10:14:08,9.38,24388,26,卖盘
880,10:14:11,9.38,10318,11,卖盘
881,10:14:14,9.38,77854,83,卖盘
882,10:14:17,9.38,49729,53,卖盘
883,10:14:20,9.39,35682,38,买盘
884,10:14:23,9.39,61031,65,买盘
885,10:14:26,9.38,4690,5,卖盘
886,10:14:29,9.38,95696,102,卖盘
887,10:14:32,9.39,9390,10,买盘
888,10:14:35,9.38,64727,69,卖盘
889,10:14:38,9.38,185724,198,卖盘
890,10:14:41,9.39,37521,40,买盘
891,10:14:44,9.38,83482,89,卖盘
892,10:14:50,9.38,14080,15,卖盘
893,10:14:53,9.38,299538,319,卖盘
894,10:14:56,9.38,9380,10,卖盘
895,10:14:59,9.39,4695,5,买盘
896,10:15:02,9.39,140755,150,买盘
897,10:15:05,9.39,60976,65,买盘
898,10:15:11,9.38,10328,11,卖盘
899,10:15:14,9.38,321739,343,卖盘
900,10:15:20,9.38,115374,123,卖盘
901,10:15:23,9.39,13142,14,买盘
902,10:15:26,9.38,6566,7,卖盘
903,10:15:29,9.38,96617,103,卖盘
904,10:15:32,9.38,62846,67,卖盘
905,10:15:35,9.38,36582,39,卖盘
906,10:15:38,9.38,664143,708,卖盘
907,10:15:41,9.38,136015,145,卖盘
908,10:15:44,9.38,58156,62,卖盘
909,10:15:47,9.38,2354380,2510,卖盘
910,10:15:50,9.38,373324,398,卖盘
911,10:15:53,9.38,79730,85,卖盘
912,10:15:56,9.37,323599,345,卖盘
913,10:15:59,9.37,67511,72,卖盘
914,10:16:02,9.38,38446,41,买盘
915,10:16:05,9.38,41250,44,买盘
916,10:16:08,9.38,67475,72,买盘
917,10:16:11,9.37,93789,100,卖盘
918,10:16:14,9.37,121910,130,卖盘
919,10:16:17,9.38,35634,38,买盘
920,10:16:20,9.37,3751,4,卖盘
921,10:16:23,9.38,2814,3,买盘
922,10:16:26,9.37,75977,81,卖盘
923,10:16:29,9.38,211822,226,买盘
924,10:16:32,9.37,59031,63,卖盘
925,10:16:35,9.38,11254,12,买盘
926,10:16:38,9.38,24388,26,买盘
927,10:16:41,9.38,122878,131,买盘
928,10:16:47,9.37,203513,217,卖盘
929,10:16:50,9.37,33747,36,卖盘
930,10:16:53,9.37,126503,135,卖盘
931,10:16:56,9.38,34704,37,买盘
932,10:16:59,9.38,368323,393,买盘
933,10:17:02,9.38,53449,57,买盘
934,10:17:05,9.37,59041,63,卖盘
935,10:17:08,9.38,80668,86,买盘
936,10:17:11,9.37,207142,221,卖盘
937,10:17:14,9.37,4685,5,卖盘
938,10:17:17,9.38,83481,89,买盘
939,10:17:20,9.37,1875,2,卖盘
940,10:17:23,9.38,103180,110,买盘
941,10:17:26,9.38,89110,95,买盘
942,10:17:29,9.37,102185,109,卖盘
943,10:17:32,9.37,99332,106,卖盘
944,10:17:35,9.38,460117,491,买盘
945,10:17:38,9.37,393946,420,卖盘
946,10:17:41,9.37,145235,155,卖盘
947,10:17:47,9.38,61904,66,买盘
948,10:17:50,9.38,22507,24,买盘
949,10:17:53,9.37,104047,111,卖盘
950,10:17:56,9.38,163988,175,买盘
951,10:17:59,9.38,9380,10,买盘
952,10:18:02,9.38,299171,319,买盘
953,10:18:05,9.37,200524,214,卖盘
954,10:18:08,9.38,6565,7,买盘
955,10:18:11,9.37,58144,62,卖盘
956,10:18:14,9.37,937,1,卖盘
957,10:18:17,9.37,34669,37,卖盘
958,10:18:20,9.37,4892094,5221,卖盘
959,10:18:23,9.38,213799,228,买盘
960,10:18:26,9.37,36543,39,卖盘
961,10:18:29,9.37,196770,210,卖盘
962,10:18:32,9.37,1024205,1092,卖盘
963,10:18:35,9.38,41272,44,买盘
964,10:18:38,9.38,110579,118,买盘
965,10:18:41,9.37,34689,37,卖盘
966,10:18:44,9.37,255802,273,卖盘
967,10:18:47,9.37,196770,210,卖盘
968,10:18:50,9.37,171525,183,卖盘
969,10:18:53,9.37,215510,230,卖盘
970,10:18:56,9.37,719616,768,卖盘
971,10:18:59,9.37,174282,186,卖盘
972,10:19:02,9.37,127468,136,卖盘
973,10:19:05,9.37,180849,193,卖盘
974,10:19:08,9.37,68401,73,卖盘
975,10:19:11,9.37,198644,212,卖盘
976,10:19:14,9.38,136812,146,买盘
977,10:19:17,9.38,196780,210,买盘
978,10:19:20,9.37,230502,246,卖盘
979,10:19:23,9.38,13132,14,买盘
980,10:19:26,9.37,186513,199,卖盘
981,10:19:29,9.37,187400,200,卖盘
982,10:19:32,9.38,157433,168,买盘
983,10:19:35,9.37,162101,173,卖盘
984,10:19:38,9.37,208951,223,卖盘
985,10:19:41,9.37,948218,1011,卖盘
986,10:19:44,9.37,3748,4,卖盘
987,10:19:47,9.37,130244,139,卖盘
988,10:19:50,9.37,208961,223,卖盘
989,10:19:53,9.38,11246,12,买盘
990,10:19:56,9.37,107765,115,卖盘
991,10:19:59,9.38,215644,230,买盘
992,10:20:02,9.37,83393,89,卖盘
993,10:20:05,9.37,97448,104,卖盘
994,10:20:08,9.37,756159,807,卖盘
995,10:20:11,9.37,273608,292,卖盘
996,10:20:14,9.37,177146,189,卖盘
997,10:20:17,9.37,1459901,1558,卖盘
998,10:20:20,9.37,200529,214,卖盘
999,10:20:23,9.37,100259,107,卖盘
1000,10:20:26,9.37,74960,80,卖盘
1001,10:20:29,9.38,118097,126,买盘
1002,10:20:32,9.38,28140,30,买盘
1003,10:20:35,9.37,727117,776,卖盘
1004,10:20:38,9.37,193982,207,卖盘
1005,10:20:41,9.38,40302,43,买盘
1006,10:20:44,9.37,443293,473,卖盘
1007,10:20:47,9.38,61854,66,买盘
1008,10:20:50,9.37,28120,30,卖盘
1009,10:20:53,9.38,144308,154,买盘
1010,10:20:56,9.37,15929,17,卖盘
1011,10:20:59,9.37,31859,34,卖盘
1012,10:21:02,9.37,140550,150,卖盘
1013,10:21:05,9.37,55285,59,卖盘
1014,10:21:08,9.37,43105,46,卖盘
1015,10:21:11,9.38,391720,418,买盘
1016,10:21:14,9.37,136802,146,卖盘
1017,10:21:17,9.37,93700,100,卖盘
1018,10:21:20,9.37,125562,134,卖盘
1019,10:21:23,9.37,1166568,1245,卖盘
1020,10:21:26,9.37,407595,435,卖盘
1021,10:21:29,9.37,162101,173,卖盘
1022,10:21:32,9.37,575318,614,卖盘
1023,10:21:35,9.38,127435,136,买盘
1024,10:21:38,9.37,60945,65,卖盘
1025,10:21:41,9.38,267198,285,买盘
1026,10:21:44,9.37,7496,8,卖盘
1027,10:21:47,9.37,2811,3,卖盘
1028,10:21:50,9.38,14070,15,买盘
1029,10:21:53,9.37,21551,23,卖盘
1030,10:21:56,9.37,294218,314,卖盘
1031,10:21:59,9.37,42175,45,卖盘
1032,10:22:02,9.37,411343,439,卖盘
1033,10:22:05,9.38,133101,142,买盘
1034,10:22:08,9.37,729923,779,卖盘
1035,10:22:11,9.37,16866,18,卖盘
1036,10:22:14,9.37,587499,627,卖盘
1037,10:22:17,9.37,856428,914,卖盘
1038,10:22:20,9.37,489114,522,卖盘
1039,10:22:23,9.37,223752,239,买盘
1040,10:22:26,9.36,94538,101,卖盘
1041,10:22:29,9.37,234964,251,买盘
1042,10:22:32,9.37,1113156,1188,买盘
1043,10:22:35,9.37,369955,395,买盘
1044,10:22:38,9.36,26229,28,卖盘
1045,10:22:41,9.36,40259,43,卖盘
1046,10:22:44,9.37,187307,200,买盘
1047,10:22:47,9.36,175973,188,卖盘
1048,10:22:50,9.36,19656,21,卖盘
1049,10:22:53,9.36,9360,10,卖盘
1050,10:22:56,9.36,224680,240,卖盘
1051,10:22:59,9.36,48692,52,卖盘
1052,10:23:02,9.37,31848,34,买盘
1053,10:23:05,9.37,169532,181,买盘
1054,10:23:08,9.37,196569,210,买盘
1055,10:23:11,9.37,479689,512,买盘
1056,10:23:14,9.37,1288338,1375,买盘
1057,10:23:17,9.36,70235,75,卖盘
1058,10:23:20,9.37,346690,370,买盘
1059,10:23:23,9.36,132076,141,卖盘
1060,10:23:26,9.37,150857,161,买盘
1061,10:23:29,9.37,124608,133,买盘
1062,10:23:32,9.37,129301,138,买盘
1063,10:23:35,9.37,222069,237,买盘
1064,10:23:38,9.36,60855,65,卖盘
1065,10:23:41,9.37,44976,48,卖盘
1066,10:23:44,9.37,21551,23,卖盘
1067,10:23:47,9.37,465689,497,卖盘
1068,10:23:50,9.37,166786,178,卖盘
1069,10:23:53,9.37,164912,176,卖盘
1070,10:23:56,9.36,152640,163,卖盘
1071,10:23:59,9.37,120795,129,买盘
1072,10:24:02,9.37,146128,156,买盘
1073,10:24:05,9.36,176981,189,卖盘
1074,10:24:08,9.37,136800,146,买盘
1075,10:24:11,9.37,211546,226,买盘
1076,10:24:14,9.37,114267,122,买盘
1077,10:24:17,9.36,174101,186,卖盘
1078,10:24:20,9.36,174096,186,卖盘
1079,10:24:23,9.37,32783,35,买盘
1080,10:24:26,9.37,318245,340,买盘
1081,10:24:29,9.37,937,1,买盘
1082,10:24:32,9.36,258406,276,卖盘
1083,10:24:35,9.36,216229,231,卖盘
1084,10:24:38,9.37,279878,299,买盘
1085,10:24:41,9.36,168480,180,卖盘
1086,10:24:44,9.36,140458,150,卖盘
1087,10:24:47,9.36,115128,123,卖盘
1088,10:24:50,9.36,189072,202,卖盘
1089,10:24:53,9.36,2809,3,卖盘
1090,10:24:56,9.36,199368,213,卖盘
1091,10:24:59,9.36,305181,326,卖盘
1092,10:25:02,9.36,61796,66,卖盘
1093,10:25:05,9.36,946360,1010,卖盘
1094,10:25:08,9.36,74880,80,卖盘
1095,10:25:11,9.36,40248,43,卖盘
1096,10:25:14,9.36,174096,186,卖盘
1097,10:25:17,9.36,244296,261,卖盘
1098,10:25:20,9.37,51510,55,买盘
1099,10:25:23,9.37,144174,154,买盘
1100,10:25:26,9.37,149766,160,买盘
1101,10:25:29,9.36,111389,119,卖盘
1102,10:25:32,9.37,103070,110,买盘
1103,10:25:35,9.37,134785,144,买盘
1104,10:25:38,9.36,106704,114,卖盘
1105,10:25:41,9.36,39343,42,卖盘
1106,10:25:44,9.36,102024,109,卖盘
1107,10:25:47,9.36,124519,133,卖盘
1108,10:25:50,9.36,243575,260,卖盘
1109,10:25:53,9.36,255535,273,卖盘
1110,10:25:56,9.36,82389,88,卖盘
1111,10:25:59,9.37,177850,190,买盘
1112,10:26:02,9.37,253658,271,买盘
1113,10:26:05,9.37,27173,29,买盘
1114,10:26:08,9.36,159155,170,卖盘
1115,10:26:11,9.36,1061842,1134,卖盘
1116,10:26:14,9.36,183463,196,卖盘
1117,10:26:17,9.37,310759,332,买盘
1118,10:26:20,9.36,396896,424,卖盘
1119,10:26:23,9.36,273320,292,卖盘
1120,10:26:26,9.36,148825,159,卖盘
1121,10:26:29,9.36,15919,17,卖盘
1122,10:26:32,9.36,291096,311,卖盘
1123,10:26:35,9.36,464265,496,卖盘
1124,10:26:38,9.36,183556,196,卖盘
1125,10:26:41,9.36,276120,295,卖盘
1126,10:26:44,9.36,118906,127,卖盘
1127,10:26:47,9.36,318258,340,卖盘
1128,10:26:50,9.37,37453,40,买盘
1129,10:26:53,9.37,125436,134,买盘
1130,10:26:56,9.37,1268291,1355,买盘
1131,10:26:59,9.36,1061495,1134,卖盘
1132,10:27:02,9.36,344458,368,卖盘
1133,10:27:05,9.36,160066,171,卖盘
1134,10:27:08,9.36,153511,164,卖盘
1135,10:27:11,9.36,156312,167,卖盘
1136,10:27:14,9.36,763776,816,卖盘
1137,10:27:17,9.36,33696,36,卖盘
1138,10:27:20,9.36,232139,248,卖盘
1139,10:27:23,9.36,203120,217,卖盘
1140,10:27:26,9.36,170352,182,卖盘
1141,10:27:29,9.37,397807,425,买盘
1142,10:27:32,9.36,164899,176,卖盘
1143,10:27:35,9.36,299520,320,卖盘
1144,10:27:38,9.36,102024,109,卖盘
1145,10:27:41,9.36,33716,36,卖盘
1146,10:27:44,9.36,87048,93,卖盘
1147,10:27:47,9.36,123566,132,卖盘
1148,10:27:50,9.36,145080,155,卖盘
1149,10:27:53,9.36,865828,925,卖盘
1150,10:27:56,9.36,779695,833,卖盘
1151,10:27:59,9.37,130117,139,买盘
1152,10:28:02,9.37,259372,277,买盘
1153,10:28:05,9.36,487676,521,卖盘
1154,10:28:08,9.36,568196,607,卖盘
1155,10:28:11,9.36,464406,496,卖盘
1156,10:28:14,9.36,362380,387,卖盘
1157,10:28:17,9.36,93600,100,卖盘
1158,10:28:20,9.36,561600,600,卖盘
1159,10:28:23,9.36,168486,180,卖盘
1160,10:28:26,9.36,185328,198,卖盘
1161,10:28:29,9.37,250863,268,买盘
1162,10:28:32,9.36,834026,891,卖盘
1163,10:28:35,9.37,35596,38,买盘
1164,10:28:38,9.36,240552,257,卖盘
1165,10:28:41,9.36,770329,823,卖盘
1166,10:28:44,9.37,131080,140,买盘
1167,10:28:47,9.36,391248,418,卖盘
1168,10:28:50,9.36,62712,67,卖盘
1169,10:28:53,9.36,298612,319,卖盘
1170,10:28:56,9.36,258358,276,卖盘
1171,10:28:59,9.37,229335,245,买盘
1172,10:29:02,9.36,10862272,11605,卖盘
1173,10:29:05,9.35,336749,360,卖盘
1174,10:29:08,9.36,345163,369,买盘
1175,10:29:11,9.36,587312,628,买盘
1176,10:29:14,9.36,196410,210,买盘
1177,10:29:17,9.35,171276,183,卖盘
1178,10:29:20,9.36,11232,12,买盘
1179,10:29:23,9.35,43047,46,卖盘
1180,10:29:26,9.35,37407,40,卖盘
1181,10:29:29,9.36,94529,101,买盘
1182,10:29:32,9.36,293642,314,买盘
1183,10:29:35,9.36,99174,106,买盘
1184,10:29:38,9.36,25252,27,买盘
1185,10:29:41,9.35,420965,450,卖盘
1186,10:29:44,9.35,137510,147,卖盘
1187,10:29:47,9.36,33696,36,买盘
1188,10:29:50,9.35,51428,55,卖盘
1189,10:29:53,9.35,352517,377,卖盘
1190,10:29:56,9.35,138397,148,卖盘
1191,10:29:59,9.35,231902,248,卖盘
1192,10:30:02,9.35,172136,184,卖盘
1193,10:30:05,9.35,527859,564,卖盘
1194,10:30:08,9.36,110388,118,买盘
1195,10:30:11,9.35,77611,83,卖盘
1196,10:30:14,9.36,111341,119,买盘
1197,10:30:17,9.36,1345009,1437,买盘
1198,10:30:20,9.36,163733,175,买盘
1199,10:30:23,9.35,296581,317,卖盘
1200,10:30:26,9.36,168377,180,买盘
1201,10:30:29,9.36,213257,228,买盘
1202,10:30:32,9.36,161906,173,买盘
1203,10:30:35,9.36,51478,55,买盘
1204,10:30:38,9.36,51480,55,买盘
1205,10:30:41,9.36,165671,177,买盘
1206,10:30:44,9.36,13104,14,买盘
1207,10:30:47,9.36,205916,220,买盘
1208,10:30:50,9.36,287352,307,买盘
1209,10:30:53,9.36,131964,141,买盘
1210,10:30:56,9.36,30888,33,买盘
1211,10:30:59,9.36,410814,439,买盘
1212,10:31:02,9.36,266603,285,买盘
1213,10:31:05,9.36,262833,281,买盘
1214,10:31:08,9.36,202120,216,买盘
1215,10:31:11,9.36,161915,173,买盘
1216,10:31:14,9.36,442581,473,买盘
1217,10:31:17,9.36,84195,90,买盘
1218,10:31:20,9.36,354617,379,买盘
1219,10:31:23,9.36,236758,253,买盘
1220,10:31:26,9.35,80492,86,卖盘
1221,10:31:29,9.36,213396,228,买盘
1222,10:31:32,9.36,240300,257,买盘
1223,10:31:35,9.35,112276,120,卖盘
1224,10:31:38,9.35,170254,182,卖盘
1225,10:31:41,9.36,514330,550,买盘
1226,10:31:44,9.35,179550,192,卖盘
1227,10:31:47,9.36,226502,242,买盘
1228,10:31:50,9.36,31810,34,买盘
1229,10:31:53,9.36,227291,243,买盘
1230,10:31:56,9.36,288957,309,买盘
1231,10:31:59,9.35,1147502,1226,卖盘
1232,10:32:02,9.36,100095,107,买盘
1233,10:32:05,9.36,109498,117,买盘
1234,10:32:08,9.36,174990,187,买盘
1235,10:32:11,9.36,497952,532,买盘
1236,10:32:14,9.36,157248,168,买盘
1237,10:32:17,9.36,250834,268,买盘
1238,10:32:20,9.36,75816,81,买盘
1239,10:32:23,9.36,269562,288,买盘
1240,10:32:26,9.36,113256,121,买盘
1241,10:32:29,9.36,628962,672,买盘
1242,10:32:32,9.36,170352,182,买盘
1243,10:32:35,9.36,1537803,1643,买盘
1244,10:32:38,9.36,64584,69,卖盘
1245,10:32:41,9.36,8424,9,卖盘
1246,10:32:44,9.37,30893,33,买盘
1247,10:32:47,9.36,73008,78,卖盘
1248,10:32:50,9.36,37452,40,卖盘
1249,10:32:53,9.36,112333,120,卖盘
1250,10:32:56,9.36,38404,41,卖盘
1251,10:33:02,9.36,120744,129,卖盘
1252,10:33:08,9.37,173163,185,买盘
1253,10:33:11,9.36,53352,57,卖盘
1254,10:33:14,9.37,9363,10,买盘
1255,10:33:17,9.37,48684,52,买盘
1256,10:33:20,9.36,62716,67,卖盘
1257,10:33:23,9.36,58996,63,卖盘
1258,10:33:26,9.36,173168,185,卖盘
1259,10:33:29,9.36,1872,2,卖盘
1260,10:33:32,9.36,200307,214,卖盘
1261,10:33:35,9.36,96458,103,卖盘
1262,10:33:38,9.36,1872,2,卖盘
1263,10:33:41,9.37,69286,74,买盘
1264,10:33:44,9.36,141336,151,卖盘
1265,10:33:47,9.37,27168,29,买盘
1266,10:33:50,9.37,3748,4,买盘
1267,10:33:53,9.36,211536,226,卖盘
1268,10:33:56,9.36,190208,203,卖盘
1269,10:33:59,9.36,176960,189,卖盘
1270,10:34:02,9.37,21551,23,买盘
1271,10:34:05,9.37,16858,18,买盘
1272,10:34:08,9.37,221938,237,买盘
1273,10:34:11,9.37,156334,167,买盘
1274,10:34:14,9.37,248989,266,买盘
1275,10:34:17,9.36,205001,219,卖盘
1276,10:34:20,9.36,67402,72,卖盘
1277,10:34:23,9.36,18720,20,卖盘
1278,10:34:26,9.36,169449,181,卖盘
1279,10:34:29,9.37,6166397,6581,买盘
1280,10:34:32,9.37,787904,841,买盘
1281,10:34:35,9.37,734608,784,买盘
1282,10:34:38,9.37,118928,127,买盘
1283,10:34:41,9.37,73041,78,买盘
1284,10:34:44,9.37,663721,709,买盘
1285,10:34:47,9.37,370115,395,买盘
1286,10:34:50,9.37,244557,261,卖盘
1287,10:34:53,9.37,23425,25,卖盘
1288,10:34:56,9.38,30014,32,买盘
1289,10:34:59,9.38,2814,3,买盘
1290,10:35:02,9.37,48755,52,卖盘
1291,10:35:05,9.38,93800,100,买盘
1292,10:35:08,9.38,10317,11,买盘
1293,10:35:11,9.38,5628,6,买盘
1294,10:35:14,9.37,5622,6,卖盘
1295,10:35:17,9.38,33748,36,买盘
1296,10:35:20,9.38,29995,32,买盘
1297,10:35:23,9.38,938,1,买盘
1298,10:35:29,9.38,124754,133,买盘
1299,10:35:32,9.37,10307,11,卖盘
1300,10:35:38,9.37,26236,28,卖盘
1301,10:35:41,9.37,92763,99,卖盘
1302,10:35:44,9.37,162103,173,卖盘
1303,10:35:47,9.37,128498,137,卖盘
1304,10:35:50,9.37,192088,205,卖盘
1305,10:35:53,9.38,1659318,1769,买盘
1306,10:35:56,9.37,8433,9,卖盘
1307,10:35:59,9.37,32815,35,卖盘
1308,10:36:02,9.37,54346,58,卖盘
1309,10:36:05,9.38,102242,109,买盘
1310,10:36:08,9.37,271730,290,卖盘
1311,10:36:14,9.37,152742,163,卖盘
1312,10:36:17,9.37,355123,379,卖盘
1313,10:36:20,9.37,188407,201,卖盘
1314,10:36:23,9.38,118187,126,买盘
1315,10:36:26,9.37,81519,87,卖盘
1316,10:36:32,9.38,9380,10,买盘
1317,10:36:35,9.37,176162,188,卖盘
1318,10:36:41,9.37,192086,205,卖盘
1319,10:36:44,9.38,138696,148,买盘
1320,10:36:47,9.37,173345,185,卖盘
1321,10:36:50,9.37,169599,181,卖盘
1322,10:36:53,9.37,163049,174,卖盘
1323,10:36:56,9.37,950118,1014,卖盘
1324,10:36:59,9.37,972606,1038,卖盘
1325,10:37:02,9.37,34669,37,卖盘
1326,10:37:05,9.38,37485,40,买盘
1327,10:37:08,9.37,363560,388,卖盘
1328,10:37:11,9.37,12184,13,卖盘
1329,10:37:14,9.37,148046,158,卖盘
1330,10:37:17,9.37,11244,12,卖盘
1331,10:37:20,9.37,178030,190,卖盘
1332,10:37:23,9.37,81519,87,卖盘
1333,10:37:29,9.37,222074,237,卖盘
1334,10:37:32,9.37,9370,10,卖盘
1335,10:37:35,9.38,78732,84,买盘
1336,10:37:38,9.37,73086,78,卖盘
1337,10:37:41,9.37,148983,159,卖盘
1338,10:37:44,9.37,181888,194,卖盘
1339,10:37:47,9.37,21551,23,卖盘
1340,10:37:50,9.37,393551,420,卖盘
1341,10:37:53,9.37,62779,67,卖盘
1342,10:37:56,9.37,98385,105,卖盘
1343,10:37:59,9.37,18750,20,卖盘
1344,10:38:02,9.38,1876,2,买盘
1345,10:38:05,9.37,39354,42,卖盘
1346,10:38:08,9.38,35614,38,买盘
1347,10:38:11,9.37,216455,231,卖盘
1348,10:38:14,9.37,71244,76,卖盘
1349,10:38:17,9.38,270796,289,买盘
1350,10:38:20,9.37,123684,132,卖盘
1351,10:38:23,9.37,19677,21,卖盘
1352,10:38:26,9.37,5622,6,卖盘
1353,10:38:29,9.37,30921,33,卖盘
1354,10:38:32,9.38,23426,25,买盘
1355,10:38:35,9.37,292356,312,卖盘
1356,10:38:38,9.37,282974,302,卖盘
1357,10:38:41,9.37,212749,227,卖盘
1358,10:38:44,9.37,225817,241,卖盘
1359,10:38:47,9.37,674640,720,卖盘
1360,10:38:50,9.37,101205,108,卖盘
1361,10:38:53,9.37,210826,225,卖盘
1362,10:38:56,9.37,134016,143,卖盘
1363,10:38:59,9.37,1874,2,卖盘
1364,10:39:02,9.37,203345,217,卖盘
1365,10:39:05,9.37,43102,46,卖盘
1366,10:39:08,9.38,13120,14,买盘
1367,10:39:11,9.38,256973,274,买盘
1368,10:39:14,9.37,34669,37,卖盘
1369,10:39:17,9.37,58104,62,卖盘
1370,10:39:20,9.37,36543,39,卖盘
1371,10:39:23,9.38,29078,31,买盘
1372,10:39:26,9.38,54367,58,买盘
1373,10:39:29,9.37,63716,68,卖盘
1374,10:39:35,9.37,46850,50,卖盘
1375,10:39:38,9.37,32820,35,卖盘
1376,10:39:41,9.37,64660,69,卖盘
1377,10:39:44,9.37,1024141,1093,卖盘
1378,10:39:47,9.37,50598,54,卖盘
1379,10:39:50,9.37,44976,48,卖盘
1380,10:39:53,9.37,78719,84,卖盘
1381,10:39:56,9.37,24372,26,卖盘
1382,10:39:59,9.37,102133,109,卖盘
1383,10:40:02,9.37,203132,217,买盘
1384,10:40:05,9.37,263028,281,买盘
1385,10:40:08,9.37,152731,163,买盘
1386,10:40:11,9.37,117013,125,买盘
1387,10:40:14,9.36,200307,214,卖盘
1388,10:40:20,9.36,283628,303,卖盘
1389,10:40:23,9.37,222888,238,买盘
1390,10:40:26,9.36,78624,84,卖盘
1391,10:40:29,9.36,76753,82,卖盘
1392,10:40:32,9.36,92761,99,卖盘
1393,10:40:35,9.37,1873,2,买盘
1394,10:40:38,9.36,240552,257,卖盘
1395,10:40:41,9.36,99217,106,卖盘
1396,10:40:44,9.36,1288872,1377,卖盘
1397,10:40:47,9.36,155376,166,卖盘
1398,10:40:50,9.37,167549,179,买盘
1399,10:40:53,9.36,14051,15,卖盘
1400,10:40:56,9.37,1390916,1486,买盘
1401,10:40:59,9.36,262093,280,卖盘
1402,10:41:02,9.36,72123,77,卖盘
1403,10:41:05,9.36,2465424,2634,卖盘
1404,10:41:08,9.36,211537,226,卖盘
1405,10:41:11,9.36,115136,123,卖盘
1406,10:41:14,9.36,148824,159,卖盘
1407,10:41:17,9.36,75816,81,卖盘
1408,10:41:20,9.36,232128,248,卖盘
1409,10:41:23,9.36,11232,12,卖盘
1410,10:41:26,9.36,248976,266,卖盘
1411,10:41:29,9.36,203112,217,卖盘
1412,10:41:32,9.36,133848,143,卖盘
1413,10:41:35,9.36,155376,166,卖盘
1414,10:41:38,9.36,267696,286,卖盘
1415,10:41:41,9.37,60844,65,买盘
1416,10:41:44,9.36,33696,36,卖盘
1417,10:41:47,9.36,260208,278,卖盘
1418,10:41:50,9.36,66468,71,卖盘
1419,10:41:53,9.36,93600,100,卖盘
1420,10:41:56,9.36,60840,65,卖盘
1421,10:41:59,9.37,304203,325,买盘
1422,10:42:02,9.36,188136,201,卖盘
1423,10:42:05,9.36,154445,165,卖盘
1424,10:42:11,9.36,318240,340,卖盘
1425,10:42:14,9.36,191880,205,卖盘
1426,10:42:17,9.36,91733,98,卖盘
1427,10:42:20,9.37,221837,237,买盘
1428,10:42:23,9.36,289224,309,卖盘
1429,10:42:26,9.36,70200,75,卖盘
1430,10:42:29,9.36,61776,66,卖盘
1431,10:42:32,9.36,9360,10,卖盘
1432,10:42:35,9.36,77695,83,卖盘
1433,10:42:38,9.36,3744,4,卖盘
1434,10:42:41,9.37,63652,68,买盘
1435,10:42:44,9.36,444600,475,卖盘
1436,10:42:47,9.36,226512,242,卖盘
1437,10:42:50,9.36,171288,183,卖盘
1438,10:42:53,9.37,352023,376,买盘
1439,10:42:56,9.36,111384,119,卖盘
1440,10:42:59,9.36,544752,582,卖盘
1441,10:43:02,9.36,224646,240,卖盘
1442,10:43:05,9.37,25283,27,买盘
1443,10:43:08,9.36,236811,253,卖盘
1444,10:43:11,9.37,88011,94,买盘
1445,10:43:14,9.36,203112,217,卖盘
1446,10:43:17,9.36,67392,72,卖盘
1447,10:43:20,9.36,74884,80,卖盘
1448,10:43:23,9.36,56160,60,卖盘
1449,10:43:26,9.36,62718,67,卖盘
1450,10:43:29,9.36,199370,213,卖盘
1451,10:43:32,9.36,247107,264,卖盘
1452,10:43:35,9.36,291108,311,卖盘
1453,10:43:38,9.36,58968,63,卖盘
1454,10:43:41,9.36,59904,64,卖盘
1455,10:43:44,9.37,46850,50,买盘
1456,10:43:47,9.36,85176,91,卖盘
1457,10:43:50,9.37,137612,147,买盘
1458,10:43:53,9.36,245232,262,卖盘
1459,10:43:56,9.36,194688,208,卖盘
1460,10:43:59,9.36,15912,17,卖盘
1461,10:44:02,9.36,768466,821,卖盘
1462,10:44:05,9.36,936,1,卖盘
1463,10:44:11,9.36,38376,41,卖盘
1464,10:44:14,9.36,23405,25,卖盘
1465,10:44:20,9.36,54298,58,卖盘
1466,10:44:23,9.37,164749,176,买盘
1467,10:44:29,9.37,18740,20,买盘
1468,10:44:32,9.36,37440,40,卖盘
1469,10:44:35,9.37,21538,23,买盘
1470,10:44:41,9.36,75816,81,卖盘
1471,10:44:44,9.37,7496,8,买盘
1472,10:44:47,9.36,37440,40,卖盘
1473,10:44:50,9.36,34632,37,卖盘
1474,10:44:53,9.36,32790,35,卖盘
1475,10:44:56,9.37,39324,42,买盘
1476,10:44:59,9.36,106704,114,卖盘
1477,10:45:02,9.37,96409,103,买盘
1478,10:45:05,9.36,59915,64,卖盘
1479,10:45:08,9.36,5616,6,卖盘
1480,10:45:11,9.36,1872,2,卖盘
1481,10:45:14,9.36,14050,15,卖盘
1482,10:45:17,9.36,105818,113,卖盘
1483,10:45:20,9.36,720720,770,卖盘
1484,10:45:23,9.36,443668,474,卖盘
1485,10:45:26,9.36,12168,13,卖盘
1486,10:45:32,9.36,75831,81,卖盘
1487,10:45:35,9.36,50544,54,卖盘
1488,10:45:38,9.36,236809,253,卖盘
1489,10:45:41,9.36,50544,54,卖盘
1490,10:45:44,9.36,20593,22,卖盘
1491,10:45:47,9.36,453024,484,卖盘
1492,10:45:50,9.36,13104,14,卖盘
1493,10:45:53,9.37,14055,15,买盘
1494,10:45:56,9.36,94537,101,卖盘
1495,10:45:59,9.37,29962,32,买盘
1496,10:46:02,9.36,206856,221,卖盘
1497,10:46:05,9.36,57096,61,卖盘
1498,10:46:08,9.36,281793,301,卖盘
1499,10:46:11,9.36,13104,14,卖盘
1500,10:46:14,9.36,58968,63,卖盘
1501,10:46:17,9.36,409968,438,卖盘
1502,10:46:20,9.37,39315,42,买盘
1503,10:46:23,9.37,6553,7,买盘
1504,10:46:26,9.36,10296,11,卖盘
1505,10:46:29,9.36,9360,10,卖盘
1506,10:46:32,9.36,187204,200,卖盘
1507,10:46:35,9.36,338832,362,卖盘
1508,10:46:38,9.36,13104,14,卖盘
1509,10:46:41,9.36,14040,15,卖盘
1510,10:46:44,9.37,151637,162,买盘
1511,10:46:47,9.36,117014,125,卖盘
1512,10:46:50,9.36,25272,27,卖盘
1513,10:46:53,9.36,4680,5,卖盘
1514,10:46:56,9.37,570961,610,买盘
1515,10:47:02,9.36,69264,74,卖盘
1516,10:47:05,9.36,1193400,1275,卖盘
1517,10:47:08,9.36,390312,417,卖盘
1518,10:47:11,9.36,75816,81,买盘
1519,10:47:14,9.36,37434,40,买盘
1520,10:47:17,9.36,94536,101,买盘
1521,10:47:20,9.35,118857,127,卖盘
1522,10:47:23,9.36,260895,279,买盘
1523,10:47:26,9.36,238564,255,买盘
1524,10:47:29,9.36,20592,22,买盘
1525,10:47:32,9.35,30855,33,卖盘
1526,10:47:35,9.36,1872,2,买盘
1527,10:47:38,9.35,9350,10,卖盘
1528,10:47:41,9.35,165498,177,卖盘
1529,10:47:44,9.36,46800,50,买盘
1530,10:47:47,9.35,267444,286,卖盘
1531,10:47:50,9.35,14961,16,卖盘
1532,10:47:53,9.35,49576,53,卖盘
1533,10:47:56,9.36,119682,128,买盘
1534,10:47:59,9.35,101918,109,卖盘
1535,10:48:02,9.36,176765,189,买盘
1536,10:48:05,9.35,86033,92,卖盘
1537,10:48:08,9.36,207645,222,买盘
1538,10:48:11,9.35,166430,178,卖盘
1539,10:48:14,9.36,8419,9,买盘
1540,10:48:17,9.36,277956,297,买盘
1541,10:48:20,9.36,55166,59,买盘
1542,10:48:23,9.36,123538,132,买盘
1543,10:48:26,9.36,38363,41,买盘
1544,10:48:29,9.35,137451,147,卖盘
1545,10:48:32,9.36,107612,115,买盘
1546,10:48:35,9.36,199168,213,买盘
1547,10:48:38,9.36,82355,88,买盘
1548,10:48:41,9.35,13101,14,卖盘
1549,10:48:44,9.36,19638,21,买盘
1550,10:48:47,9.35,102943,110,卖盘
1551,10:48:50,9.35,58964,63,卖盘
1552,10:48:53,9.35,158019,169,卖盘
1553,10:48:56,9.36,373091,399,买盘
1554,10:48:59,9.35,87897,94,卖盘
1555,10:49:02,9.36,1077193,1151,买盘
1556,10:49:05,9.36,10296,11,买盘
1557,10:49:08,9.36,378144,404,买盘
1558,10:49:11,9.36,3744,4,买盘
1559,10:49:14,9.36,6552,7,买盘
1560,10:49:17,9.35,14038,15,卖盘
1561,10:49:20,9.35,561936,601,卖盘
1562,10:49:23,9.36,96405,103,买盘
1563,10:49:26,9.36,180568,193,买盘
1564,10:49:29,9.36,145080,155,买盘
1565,10:49:32,9.36,48628,52,买盘
1566,10:49:35,9.36,215280,230,买盘
1567,10:49:38,9.36,29006,31,买盘
1568,10:49:41,9.36,77673,83,买盘
1569,10:49:44,9.36,62712,67,买盘
1570,10:49:47,9.35,201049,215,卖盘
1571,10:49:50,9.36,43956,47,买盘
1572,10:49:53,9.35,16831,18,卖盘
1573,10:49:56,9.36,252567,270,买盘
1574,10:49:59,9.36,22464,24,买盘
1575,10:50:02,9.35,10285,11,卖盘
1576,10:50:05,9.35,84150,90,卖盘
1577,10:50:08,9.35,180455,193,卖盘
1578,10:50:11,9.35,157153,168,卖盘
1579,10:50:14,9.35,178585,191,卖盘
1580,10:50:17,9.36,76742,82,买盘
1581,10:50:20,9.35,126233,135,卖盘
1582,10:50:23,9.36,40237,43,买盘
1583,10:50:26,9.35,62645,67,卖盘
1584,10:50:29,9.36,53330,57,买盘
1585,10:50:32,9.36,28080,30,买盘
1586,10:50:35,9.36,66456,71,买盘
1587,10:50:38,9.36,178589,191,买盘
1588,10:50:41,9.35,32750,35,卖盘
1589,10:50:44,9.36,231924,248,买盘
1590,10:50:47,9.36,29006,31,买盘
1591,10:50:50,9.36,117845,126,买盘
1592,10:50:53,9.35,207570,222,卖盘
1593,10:50:56,9.36,166463,178,买盘
1594,10:50:59,9.35,5610,6,卖盘
1595,10:51:02,9.36,234699,251,买盘
1596,10:51:05,9.36,17768,19,买盘
1597,10:51:08,9.35,171105,183,卖盘
1598,10:51:11,9.36,55224,59,买盘
1599,10:51:14,9.35,56100,60,卖盘
1600,10:51:17,9.35,67330,72,卖盘
1601,10:51:20,9.36,200290,214,买盘
1602,10:51:23,9.35,336617,360,卖盘
1603,10:51:26,9.35,19655,21,卖盘
1604,10:51:29,9.35,177674,190,卖盘
1605,10:51:32,9.36,189821,203,买盘
1606,10:51:38,9.35,167365,179,卖盘
1607,10:51:41,9.35,148665,159,卖盘
1608,10:51:44,9.36,134656,144,买盘
1609,10:51:47,9.36,16840,18,买盘
1610,10:51:50,9.36,56110,60,买盘
1611,10:51:53,9.36,936,1,买盘
1612,10:51:56,9.36,147888,158,买盘
1613,10:51:59,9.35,119733,128,卖盘
1614,10:52:02,9.35,155220,166,卖盘
1615,10:52:05,9.36,90719,97,买盘
1616,10:52:08,9.35,131856,141,卖盘
1617,10:52:11,9.36,176723,189,买盘
1618,10:52:14,9.35,247050,264,卖盘
1619,10:52:17,9.36,32750,35,买盘
1620,10:52:20,9.35,1871,2,卖盘
1621,10:52:23,9.35,9350,10,卖盘
1622,10:52:29,9.36,35568,38,买盘
1623,10:52:32,9.35,481530,515,卖盘
1624,10:52:35,9.35,11231,12,卖盘
1625,10:52:38,9.36,9360,10,买盘
1626,10:52:41,9.36,93600,100,买盘
1627,10:52:44,9.36,55218,59,买盘
1628,10:52:47,9.35,83218,89,卖盘
1629,10:52:50,9.36,6547,7,买盘
1630,10:52:53,9.36,52371,56,买盘
1631,10:52:56,9.35,165495,177,卖盘
1632,10:52:59,9.36,221639,237,买盘
1633,10:53:02,9.35,935,1,卖盘
1634,10:53:05,9.36,23378,25,买盘
1635,10:53:08,9.36,121680,130,买盘
1636,10:53:11,9.35,96305,103,卖盘
1637,10:53:14,9.36,182384,195,买盘
1638,10:53:17,9.35,38355,41,卖盘
1639,10:53:20,9.36,175787,188,买盘
1640,10:53:23,9.36,198432,212,买盘
1641,10:53:26,9.36,11230,12,买盘
1642,10:53:29,9.35,26189,28,卖盘
1643,10:53:32,9.36,100984,108,买盘
1644,10:53:35,9.36,205855,220,买盘
1645,10:53:38,9.36,1872,2,买盘
1646,10:53:41,9.36,1872,2,买盘
1647,10:53:44,9.36,9355,10,买盘
1648,10:53:47,9.35,173930,186,卖盘
1649,10:53:50,9.36,49608,53,买盘
1650,10:53:53,9.36,18714,20,买盘
1651,10:53:56,9.36,13104,14,买盘
1652,10:53:59,9.36,74880,80,买盘
1653,10:54:02,9.36,57096,61,买盘
1654,10:54:05,9.36,239450,256,买盘
1655,10:54:08,9.36,351742,376,买盘
1656,10:54:11,9.36,172076,184,买盘
1657,10:54:14,9.35,25250,27,卖盘
1658,10:54:17,9.35,100991,108,卖盘
1659,10:54:20,9.35,33670,36,卖盘
1660,10:54:23,9.36,50532,54,买盘
1661,10:54:26,9.36,74829,80,买盘
1662,10:54:29,9.36,82292,88,买盘
1663,10:54:32,9.35,256210,274,卖盘
1664,10:54:35,9.36,261841,280,买盘
1665,10:54:38,9.35,99133,106,卖盘
1666,10:54:41,9.35,18705,20,卖盘
1667,10:54:44,9.35,38336,41,卖盘
1668,10:54:47,9.35,410465,439,卖盘
1669,10:54:50,9.36,17772,19,买盘
1670,10:54:53,9.36,29006,31,买盘
1671,10:54:59,9.35,172040,184,卖盘
1672,10:55:02,9.35,201965,216,卖盘
1673,10:55:05,9.35,56100,60,卖盘
1674,10:55:08,9.36,294532,315,买盘
1675,10:55:11,9.35,260865,279,卖盘
1676,10:55:14,9.35,321649,344,卖盘
1677,10:55:17,9.35,102850,110,卖盘
1678,10:55:20,9.35,130908,140,卖盘
1679,10:55:23,9.35,172105,184,卖盘
1680,10:55:26,9.35,18700,20,卖盘
1681,10:55:29,9.35,333795,357,卖盘
1682,10:55:32,9.35,151527,162,卖盘
1683,10:55:35,9.36,9359,10,买盘
1684,10:55:38,9.35,69190,74,卖盘
1685,10:55:41,9.36,59843,64,买盘
1686,10:55:44,9.36,98280,105,买盘
1687,10:55:47,9.35,371195,397,卖盘
1688,10:55:50,9.36,34628,37,买盘
1689,10:55:53,9.36,116896,125,买盘
1690,10:55:56,9.35,32745,35,卖盘
1691,10:55:59,9.35,43945,47,卖盘
1692,10:56:02,9.36,151628,162,买盘
1693,10:56:05,9.35,98176,105,卖盘
1694,10:56:08,9.35,279570,299,卖盘
1695,10:56:11,9.35,111265,119,卖盘
1696,10:56:14,9.35,43020,46,卖盘
1697,10:56:17,9.36,194682,208,买盘
1698,10:56:20,9.36,179567,192,买盘
1699,10:56:23,9.35,220660,236,卖盘
1700,10:56:26,9.35,80412,86,卖盘
1701,10:56:29,9.36,47736,51,买盘
1702,10:56:32,9.35,133726,143,卖盘
1703,10:56:35,9.36,275887,295,买盘
1704,10:56:38,9.35,41140,44,卖盘
1705,10:56:41,9.36,61720,66,买盘
1706,10:56:44,9.35,251520,269,卖盘
1707,10:56:47,9.35,114081,122,卖盘
1708,10:56:50,9.36,106592,114,买盘
1709,10:56:53,9.36,49571,53,买盘
1710,10:56:56,9.35,302206,323,卖盘
1711,10:56:59,9.36,122536,131,买盘
1712,10:57:02,9.35,354372,379,卖盘
1713,10:57:05,9.35,200090,214,卖盘
1714,10:57:08,9.36,201035,215,买盘
1715,10:57:11,9.35,48620,52,卖盘
1716,10:57:14,9.35,171125,183,卖盘
1717,10:57:17,9.35,157083,168,卖盘
1718,10:57:20,9.35,79547,85,卖盘
1719,10:57:23,9.35,120619,129,卖盘
1720,10:57:26,9.35,233750,250,卖盘
1721,10:57:29,9.35,236580,253,卖盘
1722,10:57:32,9.36,719986,770,买盘
1723,10:57:35,9.35,60798,65,卖盘
1724,10:57:38,9.34,27087781,28971,卖盘
1725,10:57:41,9.34,771492,826,卖盘
1726,10:57:44,9.34,222332,238,卖盘
1727,10:57:47,9.34,41096,44,卖盘
1728,10:57:50,9.35,74770,80,买盘
1729,10:57:53,9.34,46700,50,卖盘
1730,10:57:56,9.34,75654,81,卖盘
1731,10:57:59,9.35,170930,183,买盘
1732,10:58:02,9.35,84090,90,买盘
1733,10:58:05,9.34,42043,45,卖盘
1734,10:58:08,9.34,103700,111,卖盘
1735,10:58:11,9.35,97167,104,买盘
1736,10:58:14,9.34,46720,50,卖盘
1737,10:58:17,9.35,1133197,1212,买盘
1738,10:58:20,9.35,200956,215,买盘
1739,10:58:23,9.34,38308,41,卖盘
1740,10:58:26,9.34,457660,490,卖盘
1741,10:58:29,9.34,99948,107,卖盘
1742,10:58:32,9.34,25235,27,卖盘
1743,10:58:35,9.34,95268,102,卖盘
1744,10:58:38,9.34,969468,1037,卖盘
1745,10:58:41,9.34,444584,476,卖盘
1746,10:58:44,9.34,529578,567,卖盘
1747,10:58:47,9.34,48578,52,卖盘
1748,10:58:50,9.34,130760,140,卖盘
1749,10:58:53,9.34,650074,696,卖盘
1750,10:58:56,9.35,61699,66,买盘
1751,10:58:59,9.34,99004,106,卖盘
1752,10:59:02,9.34,1868,2,卖盘
1753,10:59:05,9.35,7473,8,买盘
1754,10:59:08,9.34,17750,19,卖盘
1755,10:59:11,9.34,528654,566,卖盘
1756,10:59:14,9.35,208287,223,买盘
1757,10:59:17,9.35,28040,30,买盘
1758,10:59:20,9.34,50458,54,卖盘
1759,10:59:23,9.34,8410,9,卖盘
1760,10:59:26,9.35,19615,21,买盘
1761,10:59:29,9.34,28035,30,卖盘
1762,10:59:32,9.35,721813,772,买盘
1763,10:59:35,9.35,232572,249,买盘
1764,10:59:38,9.34,815389,873,卖盘
1765,10:59:41,9.34,188668,202,卖盘
1766,10:59:44,9.34,120516,129,卖盘
1767,10:59:47,9.34,166256,178,卖盘
1768,10:59:50,9.34,62578,67,卖盘
1769,10:59:53,9.34,46703,50,卖盘
1770,10:59:56,9.34,75654,81,卖盘
1771,10:59:59,9.34,40166,43,卖盘
1772,11:00:02,9.34,39228,42,卖盘
1773,11:00:05,9.35,32692,35,买盘
1774,11:00:08,9.34,298880,320,卖盘
1775,11:00:11,9.34,141049,151,卖盘
1776,11:00:14,9.34,12142,13,卖盘
1777,11:00:17,9.34,13085,14,卖盘
1778,11:00:20,9.34,934,1,卖盘
1779,11:00:23,9.34,344646,369,卖盘
1780,11:00:26,9.34,408161,437,卖盘
1781,11:00:29,9.35,1278427,1368,买盘
1782,11:00:32,9.35,818208,876,买盘
1783,11:00:35,9.34,195206,209,卖盘
1784,11:00:38,9.35,40163,43,买盘
1785,11:00:41,9.34,8406,9,卖盘
1786,11:00:44,9.34,202678,217,卖盘
1787,11:00:47,9.35,13090,14,买盘
1788,11:00:53,9.35,495964,531,买盘
1789,11:00:56,9.35,30845,33,买盘
1790,11:01:02,9.34,193338,207,卖盘
1791,11:01:05,9.34,127968,137,卖盘
1792,11:01:08,9.35,23359,25,买盘
1793,11:01:11,9.34,569879,610,卖盘
1794,11:01:14,9.34,109279,117,卖盘
1795,11:01:17,9.35,19635,21,买盘
1796,11:01:20,9.34,30826,33,卖盘
1797,11:01:23,9.35,170976,183,买盘
1798,11:01:26,9.35,14953,16,买盘
1799,11:01:29,9.35,38305,41,买盘
1800,11:01:32,9.34,106494,114,卖盘
1801,11:01:35,9.34,16813,18,卖盘
1802,11:01:38,9.35,89674,96,买盘
1803,11:01:41,9.35,311055,333,买盘
1804,11:01:44,9.35,123388,132,买盘
1805,11:01:47,9.34,97186,104,卖盘
1806,11:01:50,9.35,436645,467,买盘
1807,11:01:53,9.34,87804,94,卖盘
1808,11:01:56,9.35,213137,228,买盘
1809,11:01:59,9.34,82192,88,卖盘
1810,11:02:02,9.34,256016,274,卖盘
1811,11:02:05,9.34,201744,216,卖盘
1812,11:02:08,9.35,204566,219,买盘
1813,11:02:11,9.34,70995,76,卖盘
1814,11:02:14,9.35,50444,54,买盘
1815,11:02:17,9.35,10281,11,买盘
1816,11:02:20,9.34,8272757,8857,卖盘
1817,11:02:23,9.34,141036,151,卖盘
1818,11:02:26,9.34,36426,39,卖盘
1819,11:02:29,9.34,351184,376,卖盘
1820,11:02:32,9.35,1371176,1468,买盘
1821,11:02:35,9.35,34559,37,买盘
1822,11:02:38,9.35,1888574,2022,买盘
1823,11:02:41,9.34,129841,139,卖盘
1824,11:02:44,9.34,74720,80,卖盘
1825,11:02:47,9.35,63569,68,买盘
1826,11:02:50,9.34,8406,9,卖盘
1827,11:02:53,9.35,70994,76,买盘
1828,11:02:59,9.34,117684,126,卖盘
1829,11:03:02,9.34,25222,27,卖盘
1830,11:03:05,9.34,112080,120,卖盘
1831,11:03:08,9.34,74720,80,卖盘
1832,11:03:11,9.34,147602,158,卖盘
1833,11:03:14,9.34,71928,77,卖盘
1834,11:03:17,9.34,1576608,1688,卖盘
1835,11:03:20,9.34,96211,103,卖盘
1836,11:03:23,9.34,935872,1002,卖盘
1837,11:03:26,9.34,183067,196,卖盘
1838,11:03:29,9.34,59776,64,卖盘
1839,11:03:32,9.34,567922,608,卖盘
1840,11:03:35,9.34,193342,207,卖盘
1841,11:03:38,9.35,28959,31,买盘
1842,11:03:41,9.35,111151,119,买盘
1843,11:03:44,9.34,22434,24,卖盘
1844,11:03:47,9.34,14949,16,卖盘
1845,11:03:50,9.34,161692,173,卖盘
1846,11:03:53,9.34,34563,37,卖盘
1847,11:03:56,9.34,18680,20,卖盘
1848,11:03:59,9.34,188668,202,卖盘
1849,11:04:02,9.34,4670,5,卖盘
1850,11:04:05,9.34,158780,170,卖盘
1851,11:04:08,9.34,183084,196,卖盘
1852,11:04:11,9.34,151308,162,卖盘
1853,11:04:14,9.34,522337,559,卖盘
1854,11:04:17,9.34,21482,23,卖盘
1855,11:04:20,9.35,7480,8,买盘
1856,11:04:26,9.34,123288,132,卖盘
1857,11:04:29,9.35,111211,119,买盘
1858,11:04:32,9.35,1441716,1542,买盘
1859,11:04:35,9.34,51370,55,卖盘
1860,11:04:38,9.34,9340,10,卖盘
1861,11:04:41,9.34,227896,244,卖盘
1862,11:04:44,9.34,4671,5,卖盘
1863,11:04:47,9.35,33629,36,买盘
1864,11:04:50,9.34,120490,129,卖盘
1865,11:04:53,9.34,21482,23,卖盘
1866,11:04:56,9.35,123365,132,买盘
1867,11:04:59,9.34,125156,134,卖盘
1868,11:05:02,9.34,12142,13,卖盘
1869,11:05:11,9.35,5610,6,买盘
1870,11:05:14,9.34,18680,20,卖盘
1871,11:05:17,9.35,15888,17,买盘
1872,11:05:20,9.35,25222,27,买盘
1873,11:05:23,9.35,148662,159,买盘
1874,11:05:26,9.35,134508,144,买盘
1875,11:05:29,9.34,68203,73,卖盘
1876,11:05:32,9.35,1870,2,买盘
1877,11:05:35,9.34,142902,153,卖盘
1878,11:05:38,9.35,33627,36,买盘
1879,11:05:41,9.35,53240,57,买盘
1880,11:05:44,9.34,31763,34,卖盘
1881,11:05:47,9.34,14944,16,卖盘
1882,11:05:50,9.34,378270,405,卖盘
1883,11:05:53,9.34,170922,183,卖盘
1884,11:05:56,9.34,151312,162,卖盘
1885,11:05:59,9.34,81259,87,卖盘
1886,11:06:02,9.34,57908,62,卖盘
1887,11:06:05,9.34,347448,372,卖盘
1888,11:06:08,9.34,116750,125,卖盘
1889,11:06:11,9.34,329702,353,卖盘
1890,11:06:14,9.34,496055,531,卖盘
1891,11:06:17,9.34,65380,70,卖盘
1892,11:06:20,9.35,214853,230,买盘
1893,11:06:23,9.34,264322,283,卖盘
1894,11:06:26,9.34,56979,61,卖盘
1895,11:06:29,9.34,113014,121,卖盘
1896,11:06:32,9.34,228830,245,卖盘
1897,11:06:35,9.34,23352,25,卖盘
1898,11:06:38,9.34,181220,194,卖盘
1899,11:06:41,9.34,14010,15,卖盘
1900,11:06:44,9.34,208282,223,卖盘
1901,11:06:47,9.34,72852,78,卖盘
1902,11:06:50,9.34,144770,155,卖盘
1903,11:06:53,9.34,5604,6,卖盘
1904,11:06:56,9.34,96202,103,卖盘
1905,11:06:59,9.34,392280,420,卖盘
1906,11:07:02,9.34,28020,30,卖盘
1907,11:07:05,9.34,185866,199,卖盘
1908,11:07:08,9.34,816320,874,卖盘
1909,11:07:11,9.34,311956,334,买盘
1910,11:07:14,9.33,27057,29,卖盘
1911,11:07:17,9.33,178290,191,卖盘
1912,11:07:20,9.34,79390,85,买盘
1913,11:07:23,9.34,172786,185,买盘
1914,11:07:26,9.34,91532,98,买盘
1915,11:07:29,9.34,122324,131,买盘
1916,11:07:32,9.34,217478,233,买盘
1917,11:07:35,9.34,89664,96,买盘
1918,11:07:38,9.34,141840,152,买盘
1919,11:07:41,9.34,285530,306,买盘
1920,11:07:44,9.34,130705,140,买盘
1921,11:07:47,9.34,83984,90,买盘
1922,11:07:50,9.33,65333,70,卖盘
1923,11:07:53,9.33,20546,22,卖盘
1924,11:07:56,9.34,67195,72,买盘
1925,11:07:59,9.34,99842,107,买盘
1926,11:08:02,9.34,128834,138,买盘
1927,11:08:05,9.33,44812,48,卖盘
1928,11:08:08,9.34,172695,185,买盘
1929,11:08:11,9.34,71852,77,买盘
1930,11:08:14,9.34,40129,43,买盘
1931,11:08:17,9.34,126031,135,买盘
1932,11:08:20,9.33,58780,63,卖盘
1933,11:08:23,9.34,54168,58,买盘
1934,11:08:26,9.34,60650,65,买盘
1935,11:08:29,9.33,69042,74,卖盘
1936,11:08:32,9.33,61588,66,卖盘
1937,11:08:35,9.33,61583,66,卖盘
1938,11:08:38,9.33,182868,196,卖盘
1939,11:08:41,9.33,61578,66,卖盘
1940,11:08:44,9.33,933,1,卖盘
1941,11:08:47,9.33,221131,237,卖盘
1942,11:08:50,9.33,90523,97,卖盘
1943,11:08:53,9.33,26134,28,卖盘
1944,11:08:56,9.34,306084,328,买盘
1945,11:08:59,9.33,21467,23,卖盘
1946,11:09:02,9.34,221140,237,买盘
1947,11:09:05,9.34,646579,693,买盘
1948,11:09:08,9.34,260335,279,买盘
1949,11:09:11,9.34,97126,104,买盘
1950,11:09:14,9.34,65380,70,买盘
1951,11:09:17,9.34,265994,285,买盘
1952,11:09:20,9.33,76537,82,卖盘
1953,11:09:23,9.34,215618,231,买盘
1954,11:09:26,9.34,583451,625,买盘
1955,11:09:29,9.33,353667,379,卖盘
1956,11:09:32,9.34,97984,105,买盘
1957,11:09:35,9.33,247342,265,卖盘
1958,11:09:38,9.33,20527,22,卖盘
1959,11:09:41,9.33,168890,181,卖盘
1960,11:09:44,9.34,335946,360,买盘
1961,11:09:47,9.34,10268,11,买盘
1962,11:09:50,9.33,250170,268,卖盘
1963,11:09:53,9.34,101707,109,买盘
1964,11:09:56,9.34,94306,101,买盘
1965,11:09:59,9.34,98986,106,买盘
1966,11:10:02,9.33,48555,52,卖盘
1967,11:10:05,9.34,937759,1005,买盘
1968,11:10:08,9.34,133462,143,买盘
1969,11:10:11,9.34,75651,81,买盘
1970,11:10:14,9.33,28923,31,卖盘
1971,11:10:17,9.33,140991,151,卖盘
1972,11:10:20,9.33,93305,100,卖盘
1973,11:10:23,9.34,98932,106,买盘
1974,11:10:26,9.33,623294,668,卖盘
1975,11:10:29,9.33,51340,55,卖盘
1976,11:10:32,9.33,14934,16,卖盘
1977,11:10:35,9.34,186618,200,买盘
1978,11:10:38,9.34,41086,44,买盘
1979,11:10:41,9.33,22400,24,卖盘
1980,11:10:44,9.33,70908,76,卖盘
1981,11:10:47,9.33,237181,254,卖盘
1982,11:10:50,9.34,31752,34,买盘
1983,11:10:53,9.34,17746,19,买盘
1984,11:10:56,9.34,28020,30,买盘
1985,11:10:59,9.33,36407,39,卖盘
1986,11:11:02,9.33,479565,514,卖盘
1987,11:11:05,9.33,95166,102,卖盘
1988,11:11:08,9.33,1148631,1231,卖盘
1989,11:11:11,9.33,490150,525,卖盘
1990,11:11:14,9.34,149440,160,买盘
1991,11:11:17,9.33,61609,66,卖盘
1992,11:11:20,9.33,270633,290,卖盘
1993,11:11:23,9.33,58823,63,卖盘
1994,11:11:26,9.33,105450,113,卖盘
1995,11:11:29,9.33,142801,153,卖盘
1996,11:11:32,9.33,6531,7,卖盘
1997,11:11:35,9.33,400589,429,卖盘
1998,11:11:38,9.33,106410,114,卖盘
1999,11:11:41,9.34,174581,187,买盘
2000,11:11:44,9.33,70928,76,卖盘
2001,11:11:47,9.34,352084,377,买盘
2002,11:11:50,9.33,104559,112,卖盘
2003,11:11:53,9.33,194238,208,卖盘
2004,11:11:56,9.34,47584,51,买盘
2005,11:11:59,9.34,46700,50,买盘
2006,11:12:02,9.34,250067,268,买盘
2007,11:12:05,9.34,13076,14,买盘
2008,11:12:08,9.33,4666,5,卖盘
2009,11:12:11,9.33,24283,26,卖盘
2010,11:12:14,9.34,47634,51,买盘
2011,11:12:17,9.33,110192,118,卖盘
2012,11:12:20,9.33,2799,3,卖盘
2013,11:12:23,9.34,63512,68,买盘
2014,11:12:26,9.34,76588,82,买盘
2015,11:12:29,9.34,28012,30,买盘
2016,11:12:32,9.33,18660,20,卖盘
2017,11:12:35,9.33,234344,251,卖盘
2018,11:12:38,9.34,66307,71,买盘
2019,11:12:41,9.34,55106,59,买盘
2020,11:12:44,9.34,161431,173,买盘
2021,11:12:47,9.34,11208,12,买盘
2022,11:12:50,9.33,11198,12,卖盘
2023,11:12:53,9.33,52263,56,卖盘
2024,11:12:56,9.33,47628,51,卖盘
2025,11:12:59,9.34,209006,224,买盘
2026,11:13:02,9.34,122328,131,买盘
2027,11:13:08,9.34,14007,15,买盘
2028,11:13:11,9.34,45766,49,买盘
2029,11:13:14,9.34,487043,522,买盘
2030,11:13:17,9.33,162416,174,卖盘
2031,11:13:20,9.34,135430,145,买盘
2032,11:13:23,9.34,84007,90,买盘
2033,11:13:26,9.33,75593,81,卖盘
2034,11:13:29,9.34,462330,495,买盘
2035,11:13:32,9.34,44811,48,买盘
2036,11:13:35,9.34,51370,55,买盘
2037,11:13:38,9.33,128797,138,卖盘
2038,11:13:41,9.34,51323,55,买盘
2039,11:13:44,9.34,20541,22,买盘
2040,11:13:47,9.34,38294,41,买盘
2041,11:13:50,9.35,5508737,5898,买盘
2042,11:13:53,9.34,79390,85,卖盘
2043,11:13:56,9.35,95284,102,买盘
2044,11:13:59,9.34,2802,3,卖盘
2045,11:14:02,9.35,564164,604,买盘
2046,11:14:05,9.35,269002,288,买盘
2047,11:14:08,9.35,81317,87,买盘
2048,11:14:17,9.35,55164,59,买盘
2049,11:14:20,9.35,36460,39,买盘
2050,11:14:23,9.35,98101,105,买盘
2051,11:14:26,9.35,22440,24,买盘
2052,11:14:29,9.35,57958,62,买盘
2053,11:14:32,9.34,46703,50,卖盘
2054,11:14:38,9.35,28041,30,买盘
2055,11:14:41,9.35,84150,90,买盘
2056,11:14:44,9.35,1870,2,买盘
2057,11:14:47,9.34,8406,9,卖盘
2058,11:14:50,9.35,133700,143,买盘
2059,11:14:53,9.35,46750,50,买盘
2060,11:14:59,9.34,50473,54,卖盘
2061,11:15:02,9.34,106485,114,卖盘
2062,11:15:05,9.34,127034,136,卖盘
2063,11:15:08,9.34,58871,63,卖盘
2064,11:15:11,9.35,28050,30,买盘
2065,11:15:14,9.35,21495,23,买盘
2066,11:15:17,9.34,157894,169,卖盘
2067,11:15:20,9.35,41120,44,买盘
2068,11:15:23,9.35,26160,28,买盘
2069,11:15:26,9.34,139266,149,卖盘
2070,11:15:29,9.34,43898,47,卖盘
2071,11:15:32,9.34,20568,22,卖盘
2072,11:15:35,9.34,121420,130,卖盘
2073,11:15:38,9.34,26155,28,卖盘
2074,11:15:41,9.35,111169,119,买盘
2075,11:15:44,9.34,22416,24,卖盘
2076,11:15:47,9.35,483828,518,买盘
2077,11:15:50,9.35,60733,65,买盘
2078,11:15:53,9.34,38303,41,卖盘
2079,11:15:56,9.34,25225,27,卖盘
2080,11:16:02,9.35,28050,30,买盘
2081,11:16:05,9.35,21505,23,买盘
2082,11:16:08,9.34,10280,11,卖盘
2083,11:16:11,9.35,12155,13,买盘
2084,11:16:14,9.35,1244424,1331,买盘
2085,11:16:17,9.35,32694,35,买盘
2086,11:16:20,9.35,209330,224,买盘
2087,11:16:26,9.35,1870,2,买盘
2088,11:16:29,9.35,28050,30,买盘
2089,11:16:32,9.35,187837,201,买盘
2090,11:16:35,9.34,4670,5,卖盘
2091,11:16:38,9.34,62585,67,卖盘
2092,11:16:41,9.35,93500,100,买盘
2093,11:16:44,9.35,57003,61,买盘
2094,11:16:47,9.35,48620,52,买盘
2095,11:16:50,9.35,84095,90,买盘
2096,11:16:53,9.35,4675,5,买盘
2097,11:16:56,9.35,79428,85,买盘
2098,11:16:59,9.34,48568,52,卖盘
2099,11:17:02,9.35,4675,5,买盘
2100,11:17:05,9.35,21483,23,买盘
2101,11:17:08,9.35,207536,222,买盘
2102,11:17:11,9.34,207524,222,卖盘
2103,11:17:14,9.35,57970,62,买盘
2104,11:17:17,9.35,571241,611,买盘
2105,11:17:20,9.35,483395,517,买盘
2106,11:17:23,9.35,325990,349,买盘
2107,11:17:26,9.34,615202,658,卖盘
2108,11:17:29,9.35,14954,16,买盘
2109,11:17:32,9.35,9350,10,买盘
2110,11:17:35,9.34,72852,78,卖盘
2111,11:17:38,9.35,112180,120,买盘
2112,11:17:41,9.35,272076,291,买盘
2113,11:17:44,9.34,129826,139,卖盘
2114,11:17:47,9.35,1869,2,买盘
2115,11:17:50,9.35,1014332,1086,买盘
2116,11:17:53,9.35,74800,80,买盘
2117,11:17:56,9.35,54230,58,买盘
2118,11:17:59,9.35,77594,83,买盘
2119,11:18:02,9.34,189795,203,卖盘
2120,11:18:05,9.34,64446,69,卖盘
2121,11:18:08,9.34,35514,38,卖盘
2122,11:18:11,9.35,118745,127,买盘
2123,11:18:17,9.34,27092,29,卖盘
2124,11:18:20,9.35,561000,600,买盘
2125,11:18:23,9.35,68183,73,买盘
2126,11:18:26,9.35,21505,23,买盘
2127,11:18:29,9.35,146795,157,买盘
2128,11:18:32,9.35,20570,22,买盘
2129,11:18:35,9.35,28985,31,买盘
2130,11:18:38,9.34,60769,65,卖盘
2131,11:18:41,9.35,19635,21,买盘
2132,11:18:44,9.35,2805,3,买盘
2133,11:18:47,9.35,14018,15,买盘
2134,11:18:50,9.35,9350,10,买盘
2135,11:18:53,9.35,612425,655,买盘
2136,11:18:56,9.35,42075,45,买盘
2137,11:18:59,9.35,13090,14,买盘
2138,11:19:02,9.34,362765,388,卖盘
2139,11:19:05,9.34,68239,73,卖盘
2140,11:19:08,9.35,28050,30,买盘
2141,11:19:11,9.35,35530,38,买盘
2142,11:19:14,9.35,13090,14,买盘
2143,11:19:17,9.35,28985,31,买盘
2144,11:19:20,9.35,29920,32,买盘
2145,11:19:23,9.35,34595,37,买盘
2146,11:19:26,9.34,439949,471,卖盘
2147,11:19:29,9.34,3736,4,卖盘
2148,11:19:35,9.35,935,1,买盘
2149,11:19:38,9.34,11208,12,卖盘
2150,11:19:41,9.35,9350,10,买盘
2151,11:19:44,9.34,373600,400,卖盘
2152,11:19:47,9.34,9340,10,卖盘
2153,11:19:56,9.34,1869,2,卖盘
2154,11:19:59,9.34,444584,476,卖盘
2155,11:20:02,9.35,233700,250,买盘
2156,11:20:05,9.34,5604,6,卖盘
2157,11:20:11,9.35,1870,2,买盘
2158,11:20:14,9.34,113014,121,卖盘
2159,11:20:17,9.34,156934,168,卖盘
2160,11:20:20,9.35,93467,100,买盘
2161,11:20:23,9.34,42030,45,卖盘
2162,11:20:26,9.35,196196,210,买盘
2163,11:20:32,9.35,56100,60,买盘
2164,11:20:35,9.35,126092,135,买盘
2165,11:20:38,9.35,29909,32,买盘
2166,11:20:41,9.35,12155,13,买盘
2167,11:20:44,9.35,127064,136,买盘
2168,11:20:47,9.35,28967,31,买盘
2169,11:20:50,9.35,81345,87,买盘
2170,11:20:53,9.35,341275,365,买盘
2171,11:20:56,9.35,57034,61,买盘
2172,11:20:59,9.34,21482,23,卖盘
2173,11:21:02,9.34,20553,22,卖盘
2174,11:21:05,9.34,42063,45,卖盘
2175,11:21:08,9.34,484312,518,卖盘
2176,11:21:11,9.34,57929,62,卖盘
2177,11:21:17,9.35,46730,50,买盘
2178,11:21:20,9.35,27115,29,买盘
2179,11:21:23,9.34,15878,17,卖盘
2180,11:21:26,9.35,12155,13,买盘
2181,11:21:29,9.35,36458,39,买盘
2182,11:21:35,9.35,24304,26,买盘
2183,11:21:38,9.34,3736,4,卖盘
2184,11:21:41,9.35,14025,15,买盘
2185,11:21:47,9.35,25245,27,买盘
2186,11:21:50,9.35,34582,37,买盘
2187,11:21:53,9.35,49505,53,买盘
2188,11:21:56,9.34,29888,32,卖盘
2189,11:22:02,9.34,225169,241,卖盘
2190,11:22:05,9.34,408575,437,卖盘
2191,11:22:08,9.34,54218,58,卖盘
2192,11:22:14,9.35,55136,59,买盘
2193,11:22:17,9.34,39243,42,卖盘
2194,11:22:20,9.35,29920,32,买盘
2195,11:22:23,9.35,37400,40,买盘
2196,11:22:26,9.35,13079,14,买盘
2197,11:22:29,9.35,108437,116,买盘
2198,11:22:32,9.34,1868,2,卖盘
2199,11:22:38,9.34,26152,28,卖盘
2200,11:22:44,9.34,11208,12,卖盘
2201,11:22:47,9.35,63532,68,买盘
2202,11:22:50,9.35,890144,953,买盘
2203,11:22:53,9.34,934,1,卖盘
2204,11:22:56,9.34,32690,35,卖盘
2205,11:23:02,9.35,11215,12,买盘
2206,11:23:08,9.35,60757,65,买盘
2207,11:23:11,9.34,5609,6,卖盘
2208,11:23:14,9.35,20570,22,买盘
2209,11:23:17,9.35,21500,23,买盘
2210,11:23:20,9.35,67320,72,买盘
2211,11:23:23,9.34,113112,121,卖盘
2212,11:23:26,9.35,66385,71,买盘
2213,11:23:29,9.35,24304,26,买盘
2214,11:23:32,9.34,11219,12,卖盘
2215,11:23:35,9.34,102740,110,卖盘
2216,11:23:41,9.35,25245,27,买盘
2217,11:23:44,9.34,3736,4,卖盘
2218,11:23:47,9.34,93400,100,卖盘
2219,11:23:50,9.35,66355,71,买盘
2220,11:23:53,9.34,47634,51,卖盘
2221,11:23:56,9.34,45808,49,卖盘
2222,11:23:59,9.35,4675,5,买盘
2223,11:24:02,9.35,13080,14,买盘
2224,11:24:05,9.35,1870,2,买盘
2225,11:24:08,9.34,71934,77,卖盘
2226,11:24:11,9.35,21485,23,买盘
2227,11:24:14,9.35,13090,14,买盘
2228,11:24:17,9.35,318778,341,买盘
2229,11:24:20,9.34,61682,66,卖盘
2230,11:24:23,9.35,1870,2,买盘
2231,11:24:26,9.35,15880,17,买盘
2232,11:24:29,9.35,9350,10,买盘
2233,11:24:35,9.34,214843,230,卖盘
2234,11:24:38,9.35,7474,8,买盘
2235,11:24:41,9.34,61673,66,卖盘
2236,11:24:44,9.35,57013,61,买盘
2237,11:24:47,9.35,17765,19,买盘
2238,11:24:50,9.34,78488,84,卖盘
2239,11:24:53,9.35,42075,45,买盘
2240,11:24:56,9.35,17761,19,买盘
2241,11:24:59,9.35,99103,106,买盘
2242,11:25:02,9.35,21505,23,买盘
2243,11:25:05,9.35,11220,12,买盘
2244,11:25:08,9.34,17746,19,卖盘
2245,11:25:11,9.34,71986,77,卖盘
2246,11:25:14,9.35,28050,30,买盘
2247,11:25:17,9.35,7480,8,买盘
2248,11:25:20,9.34,23350,25,卖盘
2249,11:25:23,9.35,90676,97,买盘
2250,11:25:26,9.34,6940554,7431,卖盘
2251,11:25:29,9.34,8406,9,买盘
2252,11:25:32,9.34,65380,70,买盘
2253,11:25:35,9.34,162516,174,买盘
2254,11:25:38,9.34,85858,92,买盘
2255,11:25:41,9.34,73775,79,买盘
2256,11:25:47,9.34,108344,116,买盘
2257,11:25:50,9.34,189469,203,买盘
2258,11:25:53,9.34,99932,107,买盘
2259,11:25:56,9.34,25218,27,买盘
2260,11:25:59,9.34,82192,88,买盘
2261,11:26:02,9.34,138232,148,买盘
2262,11:26:05,9.34,13076,14,买盘
2263,11:26:08,9.34,154024,165,买盘
2264,11:26:11,9.34,55113,59,买盘
2265,11:26:14,9.34,141855,152,买盘
2266,11:26:17,9.35,56984,61,买盘
2267,11:26:20,9.34,42028,45,买盘
2268,11:26:23,9.34,36421,39,买盘
2269,11:26:26,9.34,54131,58,买盘
2270,11:26:29,9.34,70973,76,买盘
2271,11:26:32,9.34,325966,349,买盘
2272,11:26:35,9.34,112080,120,买盘
2273,11:26:38,9.34,28020,30,中性盘
2274,11:26:41,9.34,17746,19,买盘
2275,11:26:44,9.34,14929,16,买盘
2276,11:26:47,9.34,209216,224,买盘
2277,11:26:50,9.34,50432,54,买盘
2278,11:26:53,9.34,78456,84,买盘
2279,11:26:56,9.33,81246,87,卖盘
2280,11:26:59,9.34,44800,48,买盘
2281,11:27:02,9.34,66262,71,买盘
2282,11:27:05,9.34,14939,16,买盘
2283,11:27:08,9.34,27086,29,买盘
2284,11:27:11,9.34,14944,16,买盘
2285,11:27:14,9.33,297916,319,卖盘
2286,11:27:17,9.34,9340,10,买盘
2287,11:27:20,9.34,69121,74,买盘
2288,11:27:23,9.34,59776,64,卖盘
2289,11:27:26,9.34,243770,261,卖盘
2290,11:27:29,9.34,4670,5,买盘
2291,11:27:32,9.34,1868,2,买盘
2292,11:27:35,9.34,25217,27,买盘
2293,11:27:38,9.34,46695,50,买盘
2294,11:27:41,9.33,16797,18,卖盘
2295,11:27:44,9.34,69101,74,买盘
2296,11:27:47,9.33,74710,80,卖盘
2297,11:27:50,9.34,48568,52,买盘
2298,11:27:53,9.34,20548,22,买盘
2299,11:27:56,9.34,188573,202,买盘
2300,11:27:59,9.34,12137,13,买盘
2301,11:28:02,9.34,128892,138,买盘
2302,11:28:05,9.34,12142,13,卖盘
2303,11:28:08,9.34,144870,155,卖盘
2304,11:28:11,9.34,33624,36,卖盘
2305,11:28:14,9.35,4675,5,买盘
2306,11:28:17,9.34,27086,29,卖盘
2307,11:28:20,9.35,4675,5,买盘
2308,11:28:23,9.34,81258,87,卖盘
2309,11:28:26,9.34,236312,253,卖盘
2310,11:28:29,9.34,102740,110,买盘
2311,11:28:32,9.34,49502,53,卖盘
2312,11:28:35,9.35,5605,6,买盘
2313,11:28:38,9.34,69116,74,卖盘
2314,11:28:41,9.35,10278,11,买盘
2315,11:28:47,9.35,935,1,买盘
2316,11:28:50,9.34,12142,13,卖盘
2317,11:28:56,9.34,126224,135,卖盘
2318,11:28:59,9.34,88730,95,卖盘
2319,11:29:02,9.35,5610,6,买盘
2320,11:29:05,9.34,7472,8,卖盘
2321,11:29:14,9.34,1868,2,卖盘
2322,11:29:17,9.35,935,1,买盘
2323,11:29:20,9.34,155074,166,卖盘
2324,11:29:23,9.34,93400,100,卖盘
2325,11:29:26,9.34,14959,16,卖盘
2326,11:29:32,9.34,934,1,卖盘
2327,11:29:35,9.34,46700,50,卖盘
2328,11:29:38,9.34,88735,95,卖盘
2329,11:29:41,9.34,934,1,卖盘
2330,11:29:44,9.35,57025,61,买盘
2331,11:29:47,9.34,6538,7,卖盘
2332,11:29:56,9.35,7475,8,买盘
2333,11:29:59,9.35,13090,14,买盘
2334,13:00:02,9.35,173803,186,买盘
2335,13:00:05,9.35,1658033,1774,买盘
2336,13:00:08,9.35,967967,1036,买盘
2337,13:00:11,9.35,1345666,1440,买盘
2338,13:00:14,9.34,2039285,2182,卖盘
2339,13:00:17,9.34,286741,307,卖盘
2340,13:00:20,9.34,3382014,3621,卖盘
2341,13:00:23,9.34,83997,90,买盘
2342,13:00:26,9.34,263308,282,买盘
2343,13:00:29,9.33,165310,177,卖盘
2344,13:00:32,9.34,8406,9,买盘
2345,13:00:35,9.33,196898,211,卖盘
2346,13:00:41,9.33,119454,128,卖盘
2347,13:00:44,9.33,18660,20,卖盘
2348,13:00:47,9.33,87702,94,卖盘
2349,13:00:50,9.33,22392,24,卖盘
2350,13:00:53,9.34,91451,98,买盘
2351,13:00:56,9.33,12132,13,卖盘
2352,13:00:59,9.33,32660,35,卖盘
2353,13:01:02,9.33,269737,289,卖盘
2354,13:01:05,9.33,39198,42,卖盘
2355,13:01:11,9.33,155910,167,卖盘
2356,13:01:14,9.33,9825423,10531,卖盘
2357,13:01:17,9.33,2601231,2788,卖盘
2358,13:01:20,9.33,1141059,1223,卖盘
2359,13:01:23,9.33,5099778,5466,卖盘
2360,13:01:26,9.33,4665,5,卖盘
2361,13:01:29,9.33,35454,38,卖盘
2362,13:01:32,9.34,121370,130,买盘
2363,13:01:35,9.34,607402,651,买盘
2364,13:01:38,9.33,89599,96,卖盘
2365,13:01:41,9.33,254710,273,卖盘
2366,13:01:44,9.33,70928,76,卖盘
2367,13:01:47,9.33,25191,27,卖盘
2368,13:01:50,9.33,260317,279,卖盘
2369,13:01:53,9.33,1110330,1190,卖盘
2370,13:01:56,9.34,42932,46,买盘
2371,13:01:59,9.33,66251,71,卖盘
2372,13:02:02,9.33,31742,34,卖盘
2373,13:02:05,9.33,43861,47,卖盘
2374,13:02:08,9.33,519048,556,卖盘
2375,13:02:11,9.33,115692,124,卖盘
2376,13:02:14,9.33,172635,185,卖盘
2377,13:02:17,9.33,26124,28,卖盘
2378,13:02:20,9.33,49499,53,卖盘
2379,13:02:23,9.34,111048,119,买盘
2380,13:02:26,9.33,48517,52,卖盘
2381,13:02:29,9.34,41990,45,买盘
2382,13:02:32,9.33,50391,54,卖盘
2383,13:02:35,9.33,41052,44,卖盘
2384,13:02:38,9.33,70908,76,卖盘
2385,13:02:41,9.33,33604,36,卖盘
2386,13:02:44,9.33,70909,76,卖盘
2387,13:02:47,9.33,41052,44,卖盘
2388,13:02:50,9.34,146482,157,买盘
2389,13:02:53,9.33,186650,200,卖盘
2390,13:02:56,9.33,198732,213,卖盘
2391,13:02:59,9.33,185687,199,卖盘
2392,13:03:05,9.33,15866,17,卖盘
2393,13:03:08,9.33,155846,167,卖盘
2394,13:03:11,9.33,62515,67,卖盘
2395,13:03:14,9.33,169806,182,卖盘
2396,13:03:17,9.34,28020,30,买盘
2397,13:03:20,9.33,65319,70,卖盘
2398,13:03:23,9.34,23330,25,买盘
2399,13:03:26,9.33,17727,19,卖盘
2400,13:03:29,9.33,9330,10,卖盘
2401,13:03:32,9.34,313748,336,买盘
2402,13:03:35,9.33,10263,11,卖盘
2403,13:03:38,9.33,91441,98,卖盘
2404,13:03:41,9.33,8398,9,卖盘
2405,13:03:44,9.33,20526,22,卖盘
2406,13:03:50,9.33,16795,18,卖盘
2407,13:03:53,9.34,154888,166,买盘
2408,13:03:56,9.33,137151,147,卖盘
2409,13:03:59,9.34,52304,56,买盘
2410,13:04:02,9.33,16795,18,卖盘
2411,13:04:05,9.33,125024,134,卖盘
2412,13:04:08,9.33,20526,22,卖盘
2413,13:04:11,9.33,46651,50,卖盘
2414,13:04:14,9.33,48516,52,卖盘
2415,13:04:17,9.33,77439,83,卖盘
2416,13:04:23,9.33,86773,93,卖盘
2417,13:04:26,9.34,95251,102,买盘
2418,13:04:29,9.34,56954,61,买盘
2419,13:04:32,9.33,726807,779,卖盘
2420,13:04:35,9.33,231536,248,卖盘
2421,13:04:38,9.33,132516,142,卖盘
2422,13:04:41,9.33,114759,123,卖盘
2423,13:04:47,9.33,201534,216,卖盘
2424,13:04:50,9.34,28950,31,买盘
2425,13:04:53,9.33,147419,158,卖盘
2426,13:04:56,9.33,161463,173,卖盘
2427,13:04:59,9.33,51321,55,卖盘
2428,13:05:02,9.33,172605,185,卖盘
2429,13:05:05,9.33,152079,163,卖盘
2430,13:05:08,9.33,279905,300,卖盘
2431,13:05:11,9.34,44789,48,买盘
2432,13:05:14,9.33,123171,132,卖盘
2433,13:05:17,9.33,77462,83,卖盘
2434,13:05:20,9.34,200718,215,买盘
2435,13:05:23,9.34,134473,144,买盘
2436,13:05:26,9.33,128762,138,卖盘
2437,13:05:29,9.33,72784,78,卖盘
2438,13:05:32,9.34,9340,10,买盘
2439,13:05:35,9.34,97097,104,买盘
2440,13:05:38,9.33,44797,48,卖盘
2441,13:05:41,9.33,94244,101,卖盘
2442,13:05:44,9.33,124089,133,卖盘
2443,13:05:50,9.33,45717,49,卖盘
2444,13:05:53,9.33,48519,52,卖盘
2445,13:05:56,9.33,727401,779,卖盘
2446,13:05:59,9.33,30789,33,卖盘
2447,13:06:02,9.33,316480,339,卖盘
2448,13:06:05,9.33,316288,339,卖盘
2449,13:06:08,9.34,209928,225,买盘
2450,13:06:11,9.33,139950,150,卖盘
2451,13:06:14,9.33,96114,103,卖盘
2452,13:06:17,9.33,55059,59,卖盘
2453,13:06:20,9.33,43852,47,卖盘
2454,13:06:23,9.33,11196,12,卖盘
2455,13:06:26,9.33,74640,80,卖盘
2456,13:06:29,9.33,44789,48,卖盘
2457,13:06:32,9.33,25191,27,卖盘
2458,13:06:35,9.33,50382,54,卖盘
2459,13:06:38,9.34,19595,21,买盘
2460,13:06:41,9.33,217390,233,卖盘
2461,13:06:44,9.34,28020,30,买盘
2462,13:06:47,9.34,226739,243,买盘
2463,13:06:50,9.33,34521,37,卖盘
2464,13:06:53,9.33,87703,94,卖盘
2465,13:06:56,9.33,85837,92,卖盘
2466,13:06:59,9.34,74660,80,买盘
2467,13:07:02,9.33,91459,98,卖盘
2468,13:07:05,9.33,76561,82,卖盘
2469,13:07:08,9.34,36400,39,买盘
2470,13:07:11,9.33,25211,27,卖盘
2471,13:07:14,9.34,194212,208,买盘
2472,13:07:17,9.33,119425,128,卖盘
2473,13:07:20,9.34,3736,4,买盘
2474,13:07:23,9.33,158617,170,卖盘
2475,13:07:26,9.33,1518096,1627,卖盘
2476,13:07:29,9.33,147426,158,卖盘
2477,13:07:32,9.33,264992,284,卖盘
2478,13:07:35,9.34,98910,106,买盘
2479,13:07:38,9.33,60645,65,卖盘
2480,13:07:41,9.33,51323,55,卖盘
2481,13:07:44,9.33,179136,192,卖盘
2482,13:07:47,9.33,475830,510,卖盘
2483,13:07:50,9.33,6910731,7407,卖盘
2484,13:07:53,9.33,1545981,1657,卖盘
2485,13:07:56,9.32,236026,253,卖盘
2486,13:07:59,9.33,82086,88,买盘
2487,13:08:02,9.33,269411,289,买盘
2488,13:08:05,9.32,64308,69,卖盘
2489,13:08:08,9.32,104463,112,卖盘
2490,13:08:11,9.32,124045,133,卖盘
2491,13:08:14,9.32,82031,88,卖盘
2492,13:08:17,9.32,522455,560,卖盘
2493,13:08:20,9.33,50382,54,买盘
2494,13:08:23,9.33,129660,139,买盘
2495,13:08:26,9.32,141812,152,卖盘
2496,13:08:29,9.33,49429,53,买盘
2497,13:08:32,9.33,49449,53,买盘
2498,13:08:35,9.33,297627,319,买盘
2499,13:08:38,9.33,30782,33,买盘
2500,13:08:41,9.33,19593,21,买盘
2501,13:08:44,9.33,32652,35,买盘
2502,13:08:47,9.33,51291,55,买盘
2503,13:08:50,9.33,250966,269,买盘
2504,13:08:53,9.32,244332,262,卖盘
2505,13:08:56,9.33,100764,108,买盘
2506,13:08:59,9.33,121290,130,卖盘
2507,13:09:02,9.33,72774,78,卖盘
2508,13:09:05,9.33,34521,37,卖盘
2509,13:09:08,9.33,101697,109,卖盘
2510,13:09:11,9.33,192198,206,卖盘
2511,13:09:14,9.33,18660,20,卖盘
2512,13:09:17,9.33,139950,150,卖盘
2513,13:09:20,9.33,27057,29,卖盘
2514,13:09:23,9.33,70908,76,卖盘
2515,13:09:26,9.33,65315,70,卖盘
2516,13:09:29,9.33,79306,85,卖盘
2517,13:09:32,9.34,19594,21,买盘
2518,13:09:35,9.33,54114,58,卖盘
2519,13:09:38,9.33,189399,203,卖盘
2520,13:09:41,9.34,94241,101,买盘
2521,13:09:44,9.33,56913,61,卖盘
2522,13:09:47,9.33,59722,64,卖盘
2523,13:09:50,9.33,91434,98,卖盘
2524,13:09:53,9.33,10263,11,卖盘
2525,13:09:56,9.33,45717,49,卖盘
2526,13:09:59,9.33,144615,155,卖盘
2527,13:10:02,9.34,14010,15,买盘
2528,13:10:05,9.33,39186,42,卖盘
2529,13:10:08,9.33,69062,74,卖盘
2530,13:10:11,9.34,4670,5,买盘
2531,13:10:14,9.33,25191,27,卖盘
2532,13:10:17,9.33,87722,94,卖盘
2533,13:10:20,9.33,69048,74,卖盘
2534,13:10:26,9.33,400595,429,卖盘
2535,13:10:29,9.33,98898,106,卖盘
2536,13:10:32,9.33,5599,6,卖盘
2537,13:10:35,9.34,60662,65,买盘
2538,13:10:38,9.33,33598,36,卖盘
2539,13:10:41,9.34,131573,141,买盘
2540,13:10:44,9.33,42923,46,卖盘
2541,13:10:47,9.33,1866,2,卖盘
2542,13:10:50,9.33,80238,86,卖盘
2543,13:10:53,9.33,37340,40,卖盘
2544,13:10:56,9.34,4670,5,买盘
2545,13:11:02,9.33,33588,36,卖盘
2546,13:11:05,9.33,27991,30,卖盘
2547,13:11:08,9.33,4665,5,卖盘
2548,13:11:11,9.34,56926,61,买盘
2549,13:11:14,9.33,57851,62,卖盘
2550,13:11:17,9.33,90501,97,卖盘
2551,13:11:20,9.34,1868,2,买盘
2552,13:11:23,9.33,24259,26,卖盘
2553,13:11:26,9.34,4670,5,买盘
2554,13:11:29,9.33,430135,461,卖盘
2555,13:11:32,9.34,39191,42,买盘
2556,13:11:35,9.33,6532,7,卖盘
2557,13:11:38,9.34,139045,149,买盘
2558,13:11:41,9.33,104496,112,卖盘
2559,13:11:44,9.34,112068,120,买盘
2560,13:11:47,9.33,24258,26,卖盘
2561,13:11:50,9.33,181935,195,卖盘
2562,13:11:53,9.33,692943,742,卖盘
2563,13:11:56,9.33,29856,32,卖盘
2564,13:11:59,9.33,94233,101,卖盘
2565,13:12:02,9.33,141853,152,卖盘
2566,13:12:05,9.33,105532,113,卖盘
2567,13:12:08,9.33,143782,154,卖盘
2568,13:12:11,9.33,179136,192,卖盘
2569,13:12:14,9.34,64390,69,买盘
2570,13:12:17,9.33,71846,77,卖盘
2571,13:12:20,9.34,49459,53,买盘
2572,13:12:23,9.33,32655,35,卖盘
2573,13:12:26,9.33,157678,169,卖盘
2574,13:12:29,9.34,54139,58,买盘
2575,13:12:32,9.34,43879,47,买盘
2576,13:12:35,9.33,187687,201,卖盘
2577,13:12:38,9.33,149290,160,卖盘
2578,13:12:41,9.33,26124,28,卖盘
2579,13:12:44,9.34,149290,160,买盘
2580,13:12:47,9.33,93308,100,卖盘
2581,13:12:53,9.34,94251,101,买盘
2582,13:12:56,9.33,243530,261,卖盘
2583,13:12:59,9.33,199662,214,卖盘
2584,13:13:02,9.34,209018,224,买盘
2585,13:13:05,9.33,37324,40,卖盘
2586,13:13:08,9.34,33623,36,买盘
2587,13:13:11,9.33,146561,157,卖盘
2588,13:13:14,9.33,1372443,1471,卖盘
2589,13:13:17,9.33,78372,84,卖盘
2590,13:13:20,9.33,649384,696,卖盘
2591,13:13:23,9.33,37321,40,卖盘
2592,13:13:26,9.33,27057,29,卖盘
2593,13:13:29,9.33,27057,29,卖盘
2594,13:13:32,9.33,97966,105,卖盘
2595,13:13:35,9.33,97966,105,卖盘
2596,13:13:38,9.33,55980,60,卖盘
2597,13:13:41,9.33,233250,250,卖盘
2598,13:13:44,9.33,62512,67,卖盘
2599,13:13:47,9.33,58779,63,卖盘
2600,13:13:50,9.33,38256,41,卖盘
2601,13:13:53,9.33,113826,122,卖盘
2602,13:13:56,9.33,46656,50,卖盘
2603,13:13:59,9.33,181002,194,卖盘
2604,13:14:02,9.33,50382,54,卖盘
2605,13:14:05,9.33,146481,157,卖盘
2606,13:14:11,9.34,29858,32,买盘
2607,13:14:14,9.33,38253,41,卖盘
2608,13:14:17,9.33,110094,118,卖盘
2609,13:14:20,9.33,63444,68,卖盘
2610,13:14:23,9.33,68109,73,卖盘
2611,13:14:26,9.33,372582,399,卖盘
2612,13:14:29,9.33,1149554,1231,卖盘
2613,13:14:32,9.34,54115,58,买盘
2614,13:14:35,9.34,27059,29,买盘
2615,13:14:38,9.33,16794,18,卖盘
2616,13:14:41,9.33,20527,22,卖盘
2617,13:14:44,9.34,28020,30,买盘
2618,13:14:47,9.33,87702,94,卖盘
2619,13:14:50,9.34,36397,39,买盘
2620,13:14:53,9.33,16795,18,卖盘
2621,13:14:56,9.33,200596,215,卖盘
2622,13:14:59,9.34,71898,77,买盘
2623,13:15:02,9.34,225065,241,买盘
2624,13:15:05,9.33,3732,4,卖盘
2625,13:15:08,9.34,34539,37,买盘
2626,13:15:11,9.33,38253,41,卖盘
2627,13:15:14,9.34,9340,10,买盘
2628,13:15:17,9.33,109163,117,卖盘
2629,13:15:20,9.33,933,1,卖盘
2630,13:15:23,9.33,41072,44,卖盘
2631,13:15:26,9.33,55047,59,卖盘
2632,13:15:29,9.33,121294,130,卖盘
2633,13:15:32,9.34,28924,31,买盘
2634,13:15:35,9.34,32665,35,买盘
2635,13:15:38,9.33,629775,675,卖盘
2636,13:15:41,9.34,68162,73,买盘
2637,13:15:44,9.34,934,1,买盘
2638,13:15:47,9.33,362938,389,卖盘
2639,13:15:50,9.33,47613,51,卖盘
2640,13:15:53,9.34,56008,60,买盘
2641,13:15:56,9.34,33618,36,买盘
2642,13:15:59,9.33,42933,46,卖盘
2643,13:16:02,9.33,96099,103,卖盘
2644,13:16:05,9.34,24263,26,买盘
2645,13:16:08,9.33,130640,140,卖盘
2646,13:16:14,9.33,25197,27,卖盘
2647,13:16:17,9.33,29857,32,卖盘
2648,13:16:20,9.34,27998,30,买盘
2649,13:16:23,9.33,52249,56,卖盘
2650,13:16:26,9.34,69995,75,买盘
2651,13:16:29,9.33,238848,256,卖盘
2652,13:16:32,9.33,56913,61,卖盘
2653,13:16:35,9.33,92368,99,卖盘
2654,13:16:38,9.34,5600,6,买盘
2655,13:16:41,9.33,243513,261,卖盘
2656,13:16:44,9.33,78382,84,卖盘
2657,13:16:50,9.33,37322,40,卖盘
2658,13:16:53,9.33,153012,164,卖盘
2659,13:16:56,9.33,103563,111,卖盘
2660,13:16:59,9.33,143792,154,卖盘
2661,13:17:02,9.33,13995,15,卖盘
2662,13:17:05,9.33,23325,25,卖盘
2663,13:17:08,9.33,82104,88,卖盘
2664,13:17:11,9.33,293954,315,卖盘
2665,13:17:17,9.34,125033,134,买盘
2666,13:17:20,9.33,272436,292,卖盘
2667,13:17:23,9.33,24260,26,卖盘
2668,13:17:26,9.34,25210,27,买盘
2669,13:17:29,9.34,10268,11,买盘
2670,13:17:32,9.34,116685,125,买盘
2671,13:17:35,9.33,66243,71,卖盘
2672,13:17:38,9.33,27066,29,卖盘
2673,13:17:41,9.33,25191,27,卖盘
2674,13:17:44,9.34,1868,2,买盘
2675,13:17:47,9.33,85839,92,卖盘
2676,13:17:50,9.34,23350,25,买盘
2677,13:17:53,9.34,27066,29,买盘
2678,13:17:56,9.34,114795,123,买盘
2679,13:17:59,9.33,133429,143,卖盘
2680,13:18:02,9.34,100849,108,买盘
2681,13:18:05,9.34,64391,69,买盘
2682,13:18:08,9.34,5604,6,买盘
2683,13:18:11,9.34,36392,39,买盘
2684,13:18:14,9.33,289293,310,卖盘
2685,13:18:17,9.34,47594,51,买盘
2686,13:18:20,9.33,34526,37,卖盘
2687,13:18:23,9.34,5602,6,买盘
2688,13:18:26,9.33,40124,43,卖盘
2689,13:18:32,9.34,86829,93,买盘
2690,13:18:35,9.33,86776,93,卖盘
2691,13:18:38,9.34,164314,176,买盘
2692,13:18:41,9.33,58807,63,卖盘
2693,13:18:44,9.33,22394,24,卖盘
2694,13:18:47,9.34,218324,234,买盘
2695,13:18:50,9.33,55052,59,卖盘
2696,13:18:53,9.33,39190,42,卖盘
2697,13:18:56,9.34,196915,211,买盘
2698,13:18:59,9.34,15866,17,买盘
2699,13:19:02,9.33,510351,547,卖盘
2700,13:19:05,9.33,12132,13,卖盘
2701,13:19:08,9.34,192199,206,买盘
2702,13:19:11,9.33,122224,131,卖盘
2703,13:19:14,9.33,110104,118,卖盘
2704,13:19:17,9.33,5601,6,卖盘
2705,13:19:20,9.34,79323,85,买盘
2706,13:19:23,9.33,207129,222,卖盘
2707,13:19:26,9.34,70913,76,买盘
2708,13:19:29,9.34,216467,232,买盘
2709,13:19:32,9.33,37328,40,卖盘
2710,13:19:35,9.33,164345,176,卖盘
2711,13:19:41,9.34,145582,156,买盘
2712,13:19:44,9.33,39186,42,卖盘
2713,13:19:47,9.33,42925,46,卖盘
2714,13:19:50,9.34,62523,67,买盘
2715,13:19:53,9.33,125074,134,卖盘
2716,13:19:56,9.33,3732,4,卖盘
2717,13:19:59,9.33,20526,22,卖盘
2718,13:20:02,9.34,392896,421,买盘
2719,13:20:05,9.33,56913,61,卖盘
2720,13:20:08,9.34,153102,164,买盘
2721,13:20:11,9.34,44795,48,买盘
2722,13:20:14,9.34,20527,22,买盘
2723,13:20:17,9.33,16797,18,卖盘
2724,13:20:20,9.34,33606,36,买盘
2725,13:20:23,9.34,143708,154,买盘
2726,13:20:29,9.34,21465,23,买盘
2727,13:20:32,9.33,139952,150,卖盘
2728,13:20:38,9.34,60646,65,买盘
2729,13:20:41,9.33,3732,4,卖盘
2730,13:20:44,9.33,70908,76,卖盘
2731,13:20:47,9.33,8616256,9235,卖盘
2732,13:20:50,9.33,1054290,1130,卖盘
2733,13:20:53,9.33,926471,993,卖盘
2734,13:20:56,9.33,43851,47,卖盘
2735,13:20:59,9.33,733338,786,卖盘
2736,13:21:02,9.33,342422,367,卖盘
2737,13:21:05,9.33,58779,63,卖盘
2738,13:21:08,9.33,239781,257,卖盘
2739,13:21:11,9.33,532743,571,卖盘
2740,13:21:14,9.33,172610,185,卖盘
2741,13:21:17,9.33,20527,22,卖盘
2742,13:21:20,9.33,122223,131,卖盘
2743,13:21:23,9.33,38254,41,卖盘
2744,13:21:26,9.33,20526,22,卖盘
2745,13:21:29,9.33,124099,133,卖盘
2746,13:21:32,9.33,111960,120,卖盘
2747,13:21:35,9.33,253967,272,卖盘
2748,13:21:38,9.33,97965,105,卖盘
2749,13:21:41,9.33,772524,828,卖盘
2750,13:21:44,9.33,185742,199,卖盘
2751,13:21:47,9.33,38253,41,卖盘
2752,13:21:50,9.33,161409,173,卖盘
2753,13:21:53,9.33,9330,10,卖盘
2754,13:21:56,9.33,469305,503,卖盘
2755,13:21:59,9.33,79305,85,卖盘
2756,13:22:02,9.33,100764,108,卖盘
2757,13:22:05,9.33,52250,56,卖盘
2758,13:22:08,9.34,32657,35,买盘
2759,13:22:11,9.33,799601,857,卖盘
2760,13:22:14,9.33,281759,302,卖盘
2761,13:22:17,9.33,78366,84,卖盘
2762,13:22:20,9.33,259357,278,买盘
2763,13:22:23,9.33,400069,429,卖盘
2764,13:22:26,9.33,54114,58,买盘
2765,13:22:29,9.33,446907,479,买盘
2766,13:22:32,9.32,50352,54,卖盘
2767,13:22:35,9.33,15861,17,买盘
2768,13:22:38,9.32,36362,39,卖盘
2769,13:22:41,9.33,307829,330,买盘
2770,13:22:44,9.33,77426,83,买盘
2771,13:22:47,9.33,109150,117,买盘
2772,13:22:50,9.33,37320,40,买盘
2773,13:22:53,9.33,403989,433,买盘
2774,13:22:56,9.33,130600,140,买盘
2775,13:22:59,9.33,212724,228,买盘
2776,13:23:02,9.33,922735,989,买盘
2777,13:23:05,9.33,405011,434,卖盘
2778,13:23:08,9.33,13062,14,卖盘
2779,13:23:11,9.33,414252,444,卖盘
2780,13:23:17,9.33,69042,74,卖盘
2781,13:23:20,9.33,76506,82,卖盘
2782,13:23:23,9.33,268685,288,买盘
2783,13:23:26,9.33,19593,21,买盘
2784,13:23:29,9.32,76461,82,卖盘
2785,13:23:32,9.33,113826,122,买盘
2786,13:23:35,9.33,300407,322,买盘
2787,13:23:38,9.32,297322,319,卖盘
2788,13:23:41,9.32,633504,679,卖盘
2789,13:23:44,9.33,172540,185,买盘
2790,13:23:47,9.32,757726,813,卖盘
2791,13:23:50,9.33,184734,198,买盘
2792,13:23:53,9.33,14928,16,买盘
2793,13:23:56,9.33,153012,164,买盘
2794,13:23:59,9.32,111940,120,卖盘
2795,13:24:02,9.32,208835,224,卖盘
2796,13:24:05,9.33,82068,88,买盘
2797,13:24:08,9.33,97032,104,买盘
2798,13:24:11,9.33,93279,100,买盘
2799,13:24:14,9.33,124089,133,买盘
2800,13:24:17,9.33,14928,16,买盘
2801,13:24:20,9.33,79280,85,买盘
2802,13:24:23,9.32,932,1,卖盘
2803,13:24:26,9.33,553269,593,买盘
2804,13:24:29,9.33,235935,253,卖盘
2805,13:24:32,9.33,113827,122,卖盘
2806,13:24:35,9.33,1867,2,卖盘
2807,13:24:38,9.33,1497101,1603,卖盘
2808,13:24:41,9.33,115693,124,卖盘
2809,13:24:44,9.33,24258,26,卖盘
2810,13:24:47,9.33,403056,432,卖盘
2811,13:24:50,9.33,14928,16,卖盘
2812,13:24:53,9.33,97032,104,卖盘
2813,13:24:56,9.34,113876,122,买盘
2814,13:24:59,9.34,5604,6,买盘
2815,13:25:02,9.33,23325,25,卖盘
2816,13:25:05,9.33,335880,360,卖盘
2817,13:25:08,9.33,53181,57,卖盘
2818,13:25:11,9.33,244446,262,卖盘
2819,13:25:14,9.33,83037,89,卖盘
2820,13:25:17,9.33,151146,162,卖盘
2821,13:25:20,9.33,27990,30,卖盘
2822,13:25:23,9.33,72774,78,卖盘
2823,13:25:26,9.33,25191,27,卖盘
2824,13:25:29,9.33,24258,26,卖盘
2825,13:25:32,9.33,57865,62,卖盘
2826,13:25:35,9.33,119424,128,卖盘
2827,13:25:38,9.33,544365,583,卖盘
2828,13:25:41,9.33,115692,124,卖盘
2829,13:25:44,9.33,62511,67,卖盘
2830,13:25:47,9.34,59717,64,买盘
2831,13:25:53,9.33,198818,213,卖盘
2832,13:25:56,9.33,34529,37,卖盘
2833,13:25:59,9.33,41052,44,卖盘
2834,13:26:02,9.33,79333,85,卖盘
2835,13:26:05,9.33,212926,228,卖盘
2836,13:26:08,9.33,1108647,1187,卖盘
2837,13:26:11,9.33,93323,100,卖盘
2838,13:26:14,9.33,43856,47,卖盘
2839,13:26:17,9.33,101697,109,卖盘
2840,13:26:20,9.34,286700,307,买盘
2841,13:26:23,9.34,286669,307,买盘
2842,13:26:26,9.34,16795,18,买盘
2843,13:26:32,9.33,503328,539,卖盘
2844,13:26:35,9.34,33593,36,买盘
2845,13:26:38,9.34,84959,91,买盘
2846,13:26:41,9.33,69982,75,卖盘
2847,13:26:44,9.34,9340,10,买盘
2848,13:26:47,9.34,896623,960,买盘
2849,13:26:50,9.33,30802,33,卖盘
2850,13:26:53,9.34,23335,25,买盘
2851,13:26:56,9.33,36393,39,卖盘
2852,13:26:59,9.34,69096,74,买盘
2853,13:27:02,9.33,48541,52,卖盘
2854,13:27:05,9.33,47593,51,卖盘
2855,13:27:08,9.33,93300,100,卖盘
2856,13:27:11,9.33,56913,61,卖盘
2857,13:27:14,9.34,54145,58,买盘
2858,13:27:17,9.33,88645,95,卖盘
2859,13:27:20,9.33,18660,20,卖盘
2860,13:27:23,9.33,75573,81,卖盘
2861,13:27:26,9.33,439477,471,卖盘
2862,13:27:29,9.33,29856,32,卖盘
2863,13:27:32,9.34,5603,6,买盘
2864,13:27:35,9.33,171672,184,卖盘
2865,13:27:38,9.34,60710,65,买盘
2866,13:27:41,9.34,68129,73,买盘
2867,13:27:44,9.33,413371,443,卖盘
2868,13:27:47,9.33,310740,333,卖盘
2869,13:27:50,9.34,111137,119,买盘
2870,13:27:53,9.33,149281,160,卖盘
2871,13:27:56,9.34,7472,8,买盘
2872,13:27:59,9.33,234183,251,卖盘
2873,13:28:02,9.33,72801,78,卖盘
2874,13:28:05,9.33,48516,52,卖盘
2875,13:28:11,9.33,16794,18,卖盘
2876,13:28:14,9.33,40145,43,卖盘
2877,13:28:17,9.33,933,1,卖盘
2878,13:28:20,9.34,482391,517,买盘
2879,13:28:23,9.33,71841,77,卖盘
2880,13:28:26,9.33,37320,40,卖盘
2881,13:28:29,9.33,24260,26,卖盘
2882,13:28:32,9.33,18662,20,卖盘
2883,13:28:35,9.34,59719,64,买盘
2884,13:28:38,9.33,78372,84,卖盘
2885,13:28:41,9.33,15861,17,卖盘
2886,13:28:44,9.33,210858,226,卖盘
2887,13:28:47,9.33,244463,262,卖盘
2888,13:28:50,9.33,343344,368,卖盘
2889,13:28:53,9.34,121403,130,买盘
2890,13:28:56,9.33,26126,28,卖盘
2891,13:28:59,9.33,196963,211,卖盘
2892,13:29:02,9.33,486093,521,卖盘
2893,13:29:05,9.33,504753,541,卖盘
2894,13:29:08,9.34,234231,251,买盘
2895,13:29:11,9.33,18660,20,卖盘
2896,13:29:14,9.34,32690,35,买盘
2897,13:29:20,9.34,7468,8,买盘
2898,13:29:23,9.34,61644,66,买盘
2899,13:29:26,9.33,32661,35,卖盘
2900,13:29:29,9.33,11201,12,卖盘
2901,13:29:32,9.34,28004,30,买盘
2902,13:29:35,9.33,9330,10,卖盘
2903,13:29:38,9.34,140934,151,买盘
2904,13:29:41,9.34,10266,11,买盘
2905,13:29:47,9.34,518270,555,买盘
2906,13:29:50,9.33,58781,63,卖盘
2907,13:29:53,9.34,25218,27,买盘
2908,13:29:56,9.34,46692,50,买盘
2909,13:29:59,9.34,101797,109,买盘
2910,13:30:02,9.34,26151,28,买盘
2911,13:30:05,9.33,68180,73,卖盘
2912,13:30:08,9.34,934,1,买盘
2913,13:30:11,9.34,44793,48,买盘
2914,13:30:14,9.34,69116,74,买盘
2915,13:30:20,9.33,230451,247,卖盘
2916,13:30:23,9.33,79305,85,卖盘
2917,13:30:26,9.33,115692,124,卖盘
2918,13:30:29,9.33,135336,145,卖盘
2919,13:30:32,9.34,4666,5,买盘
2920,13:30:35,9.33,290366,311,卖盘
2921,13:30:41,9.33,221121,237,卖盘
2922,13:30:44,9.34,173590,186,买盘
2923,13:30:47,9.33,52248,56,卖盘
2924,13:30:50,9.34,14944,16,买盘
2925,13:30:53,9.33,44787,48,卖盘
2926,13:30:56,9.34,6533,7,买盘
2927,13:30:59,9.33,46650,50,卖盘
2928,13:31:02,9.34,46678,50,买盘
2929,13:31:05,9.33,38269,41,卖盘
2930,13:31:08,9.33,56936,61,卖盘
2931,13:31:11,9.33,114859,123,卖盘
2932,13:31:14,9.34,76540,82,买盘
2933,13:31:17,9.33,92429,99,卖盘
2934,13:31:20,9.33,27063,29,卖盘
2935,13:31:23,9.34,70050,75,买盘
2936,13:31:26,9.33,206193,221,卖盘
2937,13:31:29,9.33,35465,38,卖盘
2938,13:31:32,9.34,18680,20,买盘
2939,13:31:35,9.34,55060,59,买盘
2940,13:31:38,9.33,97076,104,卖盘
2941,13:31:41,9.33,68109,73,卖盘
2942,13:31:44,9.33,21460,23,卖盘
2943,13:31:47,9.33,24278,26,卖盘
2944,13:31:50,9.33,24262,26,卖盘
2945,13:31:53,9.33,132496,142,卖盘
2946,13:31:56,9.33,29856,32,卖盘
2947,13:31:59,9.33,39186,42,卖盘
2948,13:32:02,9.33,41986,45,卖盘
2949,13:32:05,9.33,160476,172,卖盘
2950,13:32:08,9.33,57846,62,卖盘
2951,13:32:11,9.33,93300,100,卖盘
2952,13:32:14,9.34,143750,154,买盘
2953,13:32:17,9.33,52279,56,卖盘
2954,13:32:20,9.33,56010,60,卖盘
2955,13:32:23,9.33,96165,103,卖盘
2956,13:32:26,9.33,429180,460,卖盘
2957,13:32:29,9.33,4665,5,卖盘
2958,13:32:32,9.34,31723,34,买盘
2959,13:32:35,9.33,22392,24,卖盘
2960,13:32:38,9.33,35454,38,卖盘
2961,13:32:41,9.34,23326,25,买盘
2962,13:32:44,9.33,28953,31,卖盘
2963,13:32:47,9.33,322818,346,卖盘
2964,13:32:50,9.33,77439,83,卖盘
2965,13:32:53,9.33,262173,281,卖盘
2966,13:32:56,9.34,33598,36,买盘
2967,13:32:59,9.33,54117,58,卖盘
2968,13:33:02,9.33,25201,27,卖盘
2969,13:33:05,9.33,43851,47,卖盘
2970,13:33:08,9.34,153966,165,买盘
2971,13:33:11,9.33,16794,18,卖盘
2972,13:33:14,9.33,35454,38,卖盘
2973,13:33:17,9.33,111114,119,卖盘
2974,13:33:20,9.33,30789,33,卖盘
2975,13:33:23,9.33,148347,159,卖盘
2976,13:33:26,9.33,63444,68,卖盘
2977,13:33:29,9.33,19593,21,卖盘
2978,13:33:32,9.34,19603,21,买盘
2979,13:33:35,9.34,17730,19,买盘
2980,13:33:38,9.34,39189,42,买盘
2981,13:33:41,9.34,15862,17,买盘
2982,13:33:44,9.33,35454,38,卖盘
2983,13:33:47,9.34,31739,34,买盘
2984,13:33:50,9.33,25191,27,卖盘
2985,13:33:53,9.33,105431,113,卖盘
2986,13:33:56,9.34,23333,25,买盘
2987,13:33:59,9.33,3734,4,卖盘
2988,13:34:02,9.33,37321,40,卖盘
2989,13:34:05,9.33,291096,312,卖盘
2990,13:34:08,9.33,15862,17,卖盘
2991,13:34:11,9.34,1011473,1083,买盘
2992,13:34:14,9.33,336813,361,卖盘
2993,13:34:17,9.34,38268,41,买盘
2994,13:34:20,9.33,96099,103,卖盘
2995,13:34:23,9.33,26134,28,卖盘
2996,13:34:26,9.34,219276,235,买盘
2997,13:34:29,9.33,63494,68,卖盘
2998,13:34:32,9.34,46700,50,买盘
2999,13:34:35,9.33,55047,59,卖盘
3000,13:34:38,9.34,38267,41,买盘
3001,13:34:41,9.34,10269,11,买盘
3002,13:34:44,9.34,37337,40,买盘
3003,13:34:47,9.34,294867,316,买盘
3004,13:34:50,9.33,27068,29,卖盘
3005,13:34:53,9.33,54124,58,卖盘
3006,13:34:56,9.33,68110,73,卖盘
3007,13:34:59,9.34,26133,28,买盘
3008,13:35:02,9.34,25201,27,买盘
3009,13:35:05,9.33,123216,132,卖盘
3010,13:35:08,9.34,49457,53,买盘
3011,13:35:11,9.33,27057,29,卖盘
3012,13:35:14,9.33,27990,30,卖盘
3013,13:35:17,9.33,56925,61,卖盘
3014,13:35:20,9.33,13062,14,卖盘
3015,13:35:23,9.34,38265,41,买盘
3016,13:35:26,9.33,337746,362,卖盘
3017,13:35:29,9.33,77439,83,卖盘
3018,13:35:32,9.33,72774,78,卖盘
3019,13:35:35,9.33,16794,18,卖盘
3020,13:35:38,9.33,134435,144,卖盘
3021,13:35:41,9.33,75603,81,卖盘
3022,13:35:44,9.34,15863,17,买盘
3023,13:35:47,9.33,42918,46,卖盘
3024,13:35:50,9.33,30793,33,卖盘
3025,13:35:56,9.33,31722,34,卖盘
3026,13:35:59,9.34,190351,204,买盘
3027,13:36:02,9.33,32655,35,卖盘
3028,13:36:05,9.33,111027,119,卖盘
3029,13:36:08,9.33,274307,294,卖盘
3030,13:36:11,9.33,125122,134,卖盘
3031,13:36:14,9.33,23330,25,卖盘
3032,13:36:17,9.33,62526,67,卖盘
3033,13:36:20,9.33,32655,35,卖盘
3034,13:36:23,9.33,68123,73,卖盘
3035,13:36:26,9.33,138230,148,卖盘
3036,13:36:32,9.33,343344,368,卖盘
3037,13:36:35,9.33,106376,114,卖盘
3038,13:36:38,9.33,27990,30,卖盘
3039,13:36:41,9.33,167007,179,卖盘
3040,13:36:44,9.33,55047,59,卖盘
3041,13:36:47,9.33,96100,103,卖盘
3042,13:36:50,9.34,67197,72,买盘
3043,13:36:53,9.33,43851,47,卖盘
3044,13:37:02,9.33,588745,631,卖盘
3045,13:37:05,9.33,40144,43,卖盘
3046,13:37:08,9.33,28923,31,卖盘
3047,13:37:11,9.33,159543,171,卖盘
3048,13:37:14,9.33,224901,241,卖盘
3049,13:37:17,9.34,208995,224,买盘
3050,13:37:20,9.33,22392,24,卖盘
3051,13:37:23,9.33,1928511,2067,卖盘
3052,13:37:26,9.33,87702,94,卖盘
3053,13:37:29,9.33,357345,383,卖盘
3054,13:37:32,9.33,18660,20,卖盘
3055,13:37:35,9.33,1965032,2104,卖盘
3056,13:37:38,9.33,192281,206,卖盘
3057,13:37:41,9.34,72784,78,买盘
3058,13:37:44,9.34,21463,23,买盘
3059,13:37:47,9.33,3732,4,卖盘
3060,13:37:50,9.33,319091,342,卖盘
3061,13:37:53,9.33,92367,99,卖盘
3062,13:37:56,9.33,165141,177,卖盘
3063,13:37:59,9.33,64389,69,卖盘
3064,13:38:02,9.33,578480,620,卖盘
3065,13:38:05,9.33,113866,122,卖盘
3066,13:38:08,9.33,2799,3,卖盘
3067,13:38:11,9.33,65310,70,卖盘
3068,13:38:14,9.33,3732,4,卖盘
3069,13:38:17,9.34,23327,25,买盘
3070,13:38:20,9.33,181042,194,卖盘
3071,13:38:23,9.34,20536,22,买盘
3072,13:38:26,9.33,80288,86,卖盘
3073,13:38:29,9.34,86861,93,买盘
3074,13:38:32,9.33,41052,44,卖盘
3075,13:38:35,9.33,22392,24,卖盘
3076,13:38:38,9.33,21472,23,卖盘
3077,13:38:41,9.33,46673,50,卖盘
3078,13:38:44,9.33,55981,60,卖盘
3079,13:38:47,9.33,4669,5,卖盘
3080,13:38:50,9.33,138095,148,卖盘
3081,13:38:53,9.33,46650,50,卖盘
3082,13:38:56,9.33,20526,22,卖盘
3083,13:39:02,9.34,30799,33,买盘
3084,13:39:05,9.33,147414,158,卖盘
3085,13:39:08,9.33,29856,32,卖盘
3086,13:39:11,9.33,236049,253,卖盘
3087,13:39:14,9.33,24260,26,卖盘
3088,13:39:17,9.33,106365,114,卖盘
3089,13:39:20,9.33,82104,88,卖盘
3090,13:39:23,9.33,68109,73,卖盘
3091,13:39:26,9.33,13995,15,卖盘
3092,13:39:29,9.33,60645,65,卖盘
3093,13:39:32,9.33,81174,87,卖盘
3094,13:39:35,9.34,64427,69,买盘
3095,13:39:38,9.33,244446,262,卖盘
3096,13:39:41,9.34,55071,59,买盘
3097,13:39:44,9.33,11196,12,卖盘
3098,13:39:47,9.33,33588,36,卖盘
3099,13:39:50,9.33,27990,30,卖盘
3100,13:39:53,9.33,29856,32,卖盘
3101,13:39:56,9.33,156744,168,卖盘
3102,13:39:59,9.33,257609,276,卖盘
3103,13:40:02,9.33,4665,5,卖盘
3104,13:40:05,9.33,68109,73,卖盘
3105,13:40:08,9.33,140960,151,卖盘
3106,13:40:11,9.33,77439,83,卖盘
3107,13:40:14,9.33,69982,75,卖盘
3108,13:40:17,9.33,375999,403,卖盘
3109,13:40:20,9.33,589656,632,卖盘
3110,13:40:23,9.33,738003,791,卖盘
3111,13:40:26,9.33,489825,525,卖盘
3112,13:40:29,9.33,279918,300,卖盘
3113,13:40:32,9.33,13996,15,卖盘
3114,13:40:35,9.33,224867,241,卖盘
3115,13:40:38,9.33,186602,200,卖盘
3116,13:40:41,9.33,290181,311,卖盘
3117,13:40:44,9.33,182868,196,卖盘
3118,13:40:47,9.34,87704,94,买盘
3119,13:40:53,9.33,53210,57,卖盘
3120,13:40:56,9.33,80248,86,卖盘
3121,13:40:59,9.34,85851,92,买盘
3122,13:41:02,9.33,252850,271,卖盘
3123,13:41:05,9.33,119488,128,卖盘
3124,13:41:08,9.33,150263,161,卖盘
3125,13:41:11,9.33,31722,34,卖盘
3126,13:41:14,9.34,39197,42,买盘
3127,13:41:17,9.34,67248,72,买盘
3128,13:41:20,9.33,154879,166,卖盘
3129,13:41:23,9.33,167142,179,卖盘
3130,13:41:26,9.33,157690,169,卖盘
3131,13:41:29,9.33,120367,129,卖盘
3132,13:41:32,9.33,151146,162,卖盘
3133,13:41:35,9.33,51318,55,卖盘
3134,13:41:38,9.33,204435,219,卖盘
3135,13:41:41,9.33,301459,323,卖盘
3136,13:41:44,9.33,324686,348,卖盘
3137,13:41:47,9.34,465577,499,买盘
3138,13:41:50,9.33,23325,25,卖盘
3139,13:41:53,9.33,56923,61,卖盘
3140,13:41:59,9.33,25191,27,卖盘
3141,13:42:02,9.33,44794,48,卖盘
3142,13:42:05,9.34,161517,173,买盘
3143,13:42:08,9.34,18661,20,买盘
3144,13:42:11,9.33,51318,55,卖盘
3145,13:42:14,9.34,71856,77,买盘
3146,13:42:17,9.33,214590,230,卖盘
3147,13:42:20,9.33,222054,238,卖盘
3148,13:42:23,9.33,47605,51,卖盘
3149,13:42:26,9.33,21459,23,卖盘
3150,13:42:29,9.34,130634,140,买盘
3151,13:42:32,9.34,28924,31,买盘
3152,13:42:35,9.33,552336,592,卖盘
3153,13:42:38,9.33,48516,52,卖盘
3154,13:42:41,9.33,68116,73,卖盘
3155,13:42:47,9.33,25191,27,卖盘
3156,13:42:50,9.33,127821,137,卖盘
3157,13:42:53,9.34,141916,152,买盘
3158,13:42:56,9.33,157677,169,卖盘
3159,13:42:59,9.33,48546,52,卖盘
3160,13:43:02,9.33,83037,89,卖盘
