,成交时间,成交价格,成交金额,成交量,性质
0,09:25:04,9.25,3648200,3944,卖盘
1,09:30:01,9.25,5550,6,买盘
2,09:30:04,9.25,552947,598,买盘
3,09:30:07,9.25,871756,943,买盘
4,09:30:10,9.24,1106143,1197,卖盘
5,09:30:13,9.25,858174,928,买盘
6,09:30:16,9.25,1107691,1198,买盘
7,09:30:19,9.25,562904,609,买盘
8,09:30:22,9.25,727537,787,买盘
9,09:30:25,9.25,1266667,1370,买盘
10,09:30:28,9.25,972410,1052,买盘
11,09:30:31,9.24,1130112,1223,卖盘
12,09:30:34,9.24,1201723,1301,买盘
13,09:30:37,9.24,418625,453,买盘
14,09:30:40,9.23,407397,441,卖盘
15,09:30:43,9.23,1129735,1223,卖盘
16,09:30:46,9.24,795660,861,买盘
17,09:30:49,9.24,256007,277,买盘
18,09:30:52,9.24,16632,18,卖盘
19,09:30:55,9.24,844017,914,卖盘
20,09:30:58,9.24,182035,197,买盘
21,09:31:01,9.25,92432,100,买盘
22,09:31:04,9.24,102591,111,卖盘
23,09:31:07,9.24,263341,285,卖盘
24,09:31:10,9.24,1022861,1106,卖盘
25,09:31:13,9.23,58187,63,卖盘
26,09:31:16,9.24,332676,360,买盘
27,09:31:19,9.24,242093,262,卖盘
28,09:31:22,9.24,255024,276,卖盘
29,09:31:25,9.24,170940,185,卖盘
30,09:31:28,9.24,300300,325,买盘
31,09:31:31,9.24,105273,114,卖盘
32,09:31:34,9.24,112730,122,卖盘
33,09:31:37,9.25,514094,556,买盘
34,09:31:40,9.25,463285,501,买盘
35,09:31:43,9.25,2000957,2163,买盘
36,09:31:46,9.26,3601706,3889,买盘
37,09:31:49,9.27,39819,43,买盘
38,09:31:52,9.26,120473,130,卖盘
39,09:31:55,9.26,376121,406,卖盘
40,09:31:58,9.26,69470,75,卖盘
41,09:32:01,9.27,158368,171,买盘
42,09:32:04,9.26,50953,55,卖盘
43,09:32:07,9.26,128753,139,卖盘
44,09:32:10,9.27,108382,117,买盘
45,09:32:13,9.26,300087,324,卖盘
46,09:32:16,9.26,92600,100,买盘
47,09:32:19,9.26,147220,159,买盘
48,09:32:22,9.26,87022,94,买盘
49,09:32:25,9.26,197165,213,买盘
50,09:32:28,9.26,202726,219,买盘
51,09:32:31,9.26,114758,124,买盘
52,09:32:34,9.25,127733,138,卖盘
53,09:32:37,9.26,74077,80,买盘
54,09:32:40,9.26,135098,146,买盘
55,09:32:43,9.26,57381,62,买盘
56,09:32:46,9.26,291690,315,买盘
57,09:32:49,9.26,154619,167,买盘
58,09:32:52,9.26,376852,407,买盘
59,09:32:55,9.26,721351,779,买盘
60,09:32:58,9.26,141664,153,卖盘
61,09:33:01,9.27,123179,133,买盘
62,09:33:04,9.26,456629,493,卖盘
63,09:33:07,9.26,89823,97,卖盘
64,09:33:10,9.26,133370,144,卖盘
65,09:33:13,9.26,92669,100,卖盘
66,09:33:16,9.26,145388,157,卖盘
67,09:33:19,9.26,113014,122,卖盘
68,09:33:22,9.26,362097,391,卖盘
69,09:33:25,9.27,40754,44,买盘
70,09:33:28,9.27,94523,102,买盘
71,09:33:31,9.27,20374,22,买盘
72,09:33:34,9.27,366165,395,买盘
73,09:33:37,9.27,77857,84,买盘
74,09:33:40,9.27,50980,55,买盘
75,09:33:43,9.27,407880,440,买盘
76,09:33:46,9.27,173347,187,买盘
77,09:33:49,9.27,28736,31,买盘
78,09:33:52,9.26,54678,59,卖盘
79,09:33:55,9.27,246560,266,买盘
80,09:33:58,9.27,117714,127,买盘
81,09:34:01,9.27,151899,164,买盘
82,09:34:04,9.26,266847,288,卖盘
83,09:34:07,9.26,159294,172,卖盘
84,09:34:10,9.26,316802,342,卖盘
85,09:34:13,9.26,3106746,3355,卖盘
86,09:34:16,9.27,689923,745,买盘
87,09:34:19,9.27,202951,219,买盘
88,09:34:22,9.26,208422,225,卖盘
89,09:34:25,9.26,1119678,1208,卖盘
90,09:34:28,9.26,72219,78,买盘
91,09:34:31,9.26,238010,257,买盘
92,09:34:34,9.26,126858,137,卖盘
93,09:34:37,9.26,103733,112,卖盘
94,09:34:40,9.26,74080,80,卖盘
95,09:34:43,9.26,155598,168,卖盘
96,09:34:46,9.26,73154,79,买盘
97,09:34:49,9.27,954047,1030,买盘
98,09:34:52,9.26,62976,68,卖盘
99,09:34:55,9.26,123176,133,卖盘
100,09:34:58,9.25,57364,62,卖盘
101,09:35:01,9.26,79568,86,买盘
102,09:35:04,9.26,97204,105,买盘
103,09:35:07,9.26,692652,748,买盘
104,09:35:10,9.26,101860,110,买盘
105,09:35:13,9.26,143508,155,买盘
106,09:35:16,9.25,159125,172,卖盘
107,09:35:19,9.26,48122,52,买盘
108,09:35:22,9.26,19446,21,买盘
109,09:35:25,9.25,161915,175,卖盘
110,09:35:28,9.25,48112,52,卖盘
111,09:35:31,9.26,207290,224,买盘
112,09:35:34,9.26,51817,56,买盘
113,09:35:37,9.25,91642,99,卖盘
114,09:35:40,9.25,107371,116,卖盘
115,09:35:43,9.26,148140,160,买盘
116,09:35:46,9.25,203516,220,卖盘
117,09:35:49,9.26,117602,127,买盘
118,09:35:52,9.26,101854,110,买盘
119,09:35:55,9.26,81430,88,买盘
120,09:35:58,9.25,339679,367,卖盘
121,09:36:01,9.26,43522,47,买盘
122,09:36:04,9.26,25911,28,买盘
123,09:36:07,9.26,108284,117,买盘
124,09:36:10,9.25,74028,80,卖盘
125,09:36:13,9.26,374698,405,买盘
126,09:36:16,9.25,250687,271,卖盘
127,09:36:19,9.25,1825043,1973,卖盘
128,09:36:22,9.25,222979,241,卖盘
129,09:36:25,9.25,195199,211,卖盘
130,09:36:28,9.25,102696,111,卖盘
131,09:36:31,9.25,49027,53,卖盘
132,09:36:34,9.25,112850,122,卖盘
133,09:36:37,9.25,814025,880,卖盘
134,09:36:40,9.25,96235,104,卖盘
135,09:36:43,9.25,86980,94,卖盘
136,09:36:46,9.25,242520,262,卖盘
137,09:36:49,9.25,352430,381,卖盘
138,09:36:52,9.25,127679,138,卖盘
139,09:36:55,9.26,59227,64,买盘
140,09:36:58,9.25,13875,15,卖盘
141,09:37:01,9.26,1315699,1421,买盘
142,09:37:04,9.25,28675,31,卖盘
143,09:37:07,9.25,273144,295,卖盘
144,09:37:10,9.25,188701,204,卖盘
145,09:37:13,9.25,406080,439,卖盘
146,09:37:16,9.26,67553,73,买盘
147,09:37:19,9.25,506908,548,卖盘
148,09:37:22,9.26,139775,151,买盘
149,09:37:25,9.25,115630,125,卖盘
150,09:37:28,9.26,302781,327,买盘
151,09:37:31,9.26,200891,217,买盘
152,09:37:34,9.26,73128,79,买盘
153,09:37:37,9.26,988002,1067,买盘
154,09:37:40,9.26,24076,26,卖盘
155,09:37:43,9.26,4633,5,卖盘
156,09:37:46,9.27,87128,94,买盘
157,09:37:49,9.26,114826,124,卖盘
158,09:37:52,9.26,470408,508,卖盘
159,09:37:55,9.26,134280,145,卖盘
160,09:37:58,9.27,304024,328,买盘
161,09:38:01,9.27,173314,187,买盘
162,09:38:04,9.27,57436,62,买盘
163,09:38:07,9.26,159400,172,卖盘
164,09:38:10,9.27,91747,99,买盘
165,09:38:13,9.27,103722,112,买盘
166,09:38:16,9.26,231695,250,卖盘
167,09:38:19,9.26,11115,12,卖盘
168,09:38:22,9.26,1014896,1096,卖盘
169,09:38:25,9.26,203745,220,卖盘
170,09:38:28,9.26,125031,135,卖盘
171,09:38:31,9.26,100014,108,卖盘
172,09:38:34,9.26,268565,290,卖盘
173,09:38:37,9.26,136161,147,卖盘
174,09:38:40,9.26,445406,481,卖盘
175,09:38:43,9.27,194478,210,买盘
176,09:38:46,9.26,150115,162,卖盘
177,09:38:49,9.26,86102,93,买盘
178,09:38:52,9.26,453696,490,买盘
179,09:38:55,9.26,62045,67,卖盘
180,09:38:58,9.26,77784,84,卖盘
181,09:39:01,9.27,178723,193,买盘
182,09:39:04,9.27,17613,19,买盘
183,09:39:07,9.27,80574,87,买盘
184,09:39:10,9.27,88003,95,买盘
185,09:39:13,9.27,97325,105,买盘
186,09:39:16,9.26,149172,161,卖盘
187,09:39:19,9.27,138933,150,买盘
188,09:39:22,9.27,24098,26,买盘
189,09:39:25,9.26,190784,206,卖盘
190,09:39:28,9.27,103801,112,买盘
191,09:39:31,9.27,40749,44,买盘
192,09:39:34,9.27,75030,81,买盘
193,09:39:37,9.27,228788,247,买盘
194,09:39:40,9.27,152871,165,买盘
195,09:39:43,9.26,92661,100,卖盘
196,09:39:46,9.27,229795,248,买盘
197,09:39:49,9.27,188138,203,买盘
198,09:39:52,9.27,827749,893,买盘
199,09:39:55,9.27,65790,71,买盘
200,09:39:58,9.26,52802,57,卖盘
201,09:40:01,9.27,104670,113,买盘
202,09:40:04,9.26,244632,264,卖盘
203,09:40:07,9.26,325268,351,卖盘
204,09:40:10,9.27,164882,178,买盘
205,09:40:13,9.26,107479,116,卖盘
206,09:40:16,9.26,83424,90,卖盘
207,09:40:19,9.26,97238,105,卖盘
208,09:40:22,9.26,50004,54,卖盘
209,09:40:25,9.27,64858,70,买盘
210,09:40:28,9.26,9260,10,卖盘
211,09:40:31,9.26,81548,88,卖盘
212,09:40:34,9.26,917667,991,卖盘
213,09:40:37,9.27,164966,178,买盘
214,09:40:40,9.26,131534,142,卖盘
215,09:40:43,9.26,46302,50,卖盘
216,09:40:46,9.26,92644,100,卖盘
217,09:40:49,9.27,60196,65,买盘
218,09:40:52,9.25,2946531,3182,卖盘
219,09:40:55,9.26,312043,337,买盘
220,09:40:58,9.26,515771,557,买盘
221,09:41:01,9.27,136131,147,买盘
222,09:41:04,9.26,446327,482,卖盘
223,09:41:07,9.27,103795,112,买盘
224,09:41:10,9.26,35189,38,卖盘
225,09:41:13,9.27,39843,43,买盘
226,09:41:16,9.26,134271,145,卖盘
227,09:41:19,9.27,264164,285,买盘
228,09:41:22,9.26,107481,116,卖盘
229,09:41:25,9.27,102805,111,买盘
230,09:41:28,9.25,133345,144,卖盘
231,09:41:31,9.27,97237,105,买盘
232,09:41:34,9.26,72242,78,卖盘
233,09:41:37,9.26,112977,122,卖盘
234,09:41:40,9.26,141703,153,卖盘
235,09:41:43,9.26,80562,87,卖盘
236,09:41:46,9.26,90719,98,卖盘
237,09:41:49,9.26,53708,58,买盘
238,09:41:52,9.26,111120,120,买盘
239,09:41:55,9.26,470402,508,买盘
240,09:41:58,9.26,29613,32,买盘
241,09:42:01,9.26,87969,95,买盘
242,09:42:04,9.26,115668,125,买盘
243,09:42:07,9.26,72178,78,买盘
244,09:42:10,9.26,10186,11,买盘
245,09:42:13,9.26,229461,248,买盘
246,09:42:16,9.26,100857,109,买盘
247,09:42:19,9.26,75873,82,买盘
248,09:42:22,9.25,342583,370,卖盘
249,09:42:25,9.25,81457,88,卖盘
250,09:42:28,9.26,131414,142,买盘
251,09:42:31,9.26,236024,255,买盘
252,09:42:34,9.25,24055,26,卖盘
253,09:42:37,9.25,61050,66,卖盘
254,09:42:40,9.25,70307,76,卖盘
255,09:42:43,9.25,123961,134,卖盘
256,09:42:46,9.25,51806,56,卖盘
257,09:42:49,9.25,151706,164,卖盘
258,09:42:52,9.25,123047,133,卖盘
259,09:42:55,9.25,347170,375,卖盘
260,09:42:58,9.25,32386,35,卖盘
261,09:43:01,9.26,88846,96,买盘
262,09:43:04,9.26,250691,271,买盘
263,09:43:07,9.26,1852,2,买盘
264,09:43:10,9.26,118419,128,买盘
265,09:43:13,9.25,584639,632,卖盘
266,09:43:16,9.26,192441,208,买盘
267,09:43:19,9.26,453300,490,买盘
268,09:43:22,9.25,8330,9,卖盘
269,09:43:25,9.25,1625893,1756,卖盘
270,09:43:28,9.25,169331,183,卖盘
271,09:43:31,9.26,126760,137,买盘
272,09:43:34,9.25,204431,221,卖盘
273,09:43:37,9.25,983354,1063,卖盘
274,09:43:40,9.26,630895,682,买盘
275,09:43:43,9.25,83257,90,卖盘
276,09:43:46,9.25,151838,164,卖盘
277,09:43:49,9.25,43496,47,卖盘
278,09:43:52,9.26,160963,174,买盘
279,09:43:55,9.26,403331,436,买盘
280,09:43:58,9.26,74029,80,买盘
281,09:44:01,9.25,679007,734,卖盘
282,09:44:04,9.25,133316,144,卖盘
283,09:44:07,9.25,35153,38,卖盘
284,09:44:10,9.25,52725,57,卖盘
285,09:44:13,9.25,23125,25,卖盘
286,09:44:16,9.25,73086,79,卖盘
287,09:44:19,9.25,190609,206,卖盘
288,09:44:22,9.25,75850,82,卖盘
289,09:44:25,9.25,317306,343,卖盘
290,09:44:28,9.25,716875,775,卖盘
291,09:44:31,9.25,209051,226,卖盘
292,09:44:34,9.25,113781,123,卖盘
293,09:44:37,9.25,111004,120,卖盘
294,09:44:40,9.25,194250,210,卖盘
295,09:44:43,9.25,23125,25,卖盘
296,09:44:46,9.25,81400,88,卖盘
297,09:44:49,9.26,87945,95,买盘
298,09:44:52,9.26,59241,64,买盘
299,09:44:55,9.25,39785,43,卖盘
300,09:44:58,9.26,775863,838,买盘
301,09:45:01,9.26,46255,50,买盘
302,09:45:04,9.26,32397,35,买盘
303,09:45:07,9.24,4579479,4951,卖盘
304,09:45:10,9.24,131294,142,卖盘
305,09:45:13,9.25,109113,118,买盘
306,09:45:16,9.25,47175,51,买盘
307,09:45:19,9.25,80443,87,买盘
308,09:45:22,9.25,46201,50,买盘
309,09:45:25,9.25,50845,55,买盘
310,09:45:28,9.24,30495,33,卖盘
311,09:45:31,9.25,55500,60,买盘
312,09:45:37,9.25,133169,144,买盘
313,09:45:40,9.24,80402,87,卖盘
314,09:45:43,9.24,166364,180,卖盘
315,09:45:46,9.24,14786,16,卖盘
316,09:45:49,9.24,117399,127,卖盘
317,09:45:52,9.24,25872,28,卖盘
318,09:45:55,9.24,938838,1016,卖盘
319,09:45:58,9.24,113654,123,卖盘
320,09:46:01,9.24,105342,114,卖盘
321,09:46:04,9.24,216226,234,卖盘
322,09:46:07,9.24,212721,230,卖盘
323,09:46:10,9.24,106260,115,卖盘
324,09:46:13,9.24,441772,478,卖盘
325,09:46:16,9.24,83160,90,卖盘
326,09:46:19,9.24,910095,984,卖盘
327,09:46:22,9.24,18480,20,卖盘
328,09:46:25,9.24,153413,166,卖盘
329,09:46:28,9.25,535352,579,买盘
330,09:46:31,9.25,279164,302,买盘
331,09:46:34,9.25,78545,85,买盘
332,09:46:37,9.24,62832,68,卖盘
333,09:46:40,9.24,233781,253,卖盘
334,09:46:43,9.25,119295,129,买盘
335,09:46:46,9.25,36964,40,买盘
336,09:46:49,9.25,81343,88,买盘
337,09:46:52,9.24,67477,73,卖盘
338,09:46:55,9.24,82247,89,卖盘
339,09:46:58,9.24,101656,110,卖盘
340,09:47:01,9.24,59142,64,卖盘
341,09:47:04,9.24,109956,119,卖盘
342,09:47:07,9.25,40661,44,买盘
343,09:47:10,9.25,189608,205,买盘
344,09:47:13,9.24,45296,49,卖盘
345,09:47:16,9.25,28647,31,买盘
346,09:47:19,9.24,109133,118,卖盘
347,09:47:22,9.24,123006,133,卖盘
348,09:47:25,9.24,182039,197,卖盘
349,09:47:28,9.24,116426,126,卖盘
350,09:47:31,9.24,449066,486,卖盘
351,09:47:34,9.24,65609,71,卖盘
352,09:47:37,9.25,169096,183,买盘
353,09:47:40,9.24,89634,97,卖盘
354,09:47:43,9.24,67497,73,卖盘
355,09:47:46,9.24,1964673,2124,卖盘
356,09:47:49,9.24,88728,96,卖盘
357,09:47:52,9.24,31428,34,卖盘
358,09:47:55,9.24,28644,31,卖盘
359,09:47:58,9.24,61909,67,卖盘
360,09:48:01,9.24,29582,32,卖盘
361,09:48:04,9.25,79477,86,买盘
362,09:48:07,9.25,181106,196,买盘
363,09:48:10,9.24,28645,31,卖盘
364,09:48:13,9.24,45288,49,卖盘
365,09:48:16,9.25,32345,35,买盘
366,09:48:19,9.24,57308,62,卖盘
367,09:48:22,9.24,174636,189,卖盘
368,09:48:25,9.25,137709,149,买盘
369,09:48:28,9.24,201466,218,卖盘
370,09:48:31,9.24,69300,75,卖盘
371,09:48:34,9.25,117419,127,买盘
372,09:48:37,9.24,38818,42,卖盘
373,09:48:40,9.25,61934,67,买盘
374,09:48:43,9.25,317241,343,买盘
375,09:48:46,9.25,186832,202,买盘
376,09:48:49,9.24,18480,20,卖盘
377,09:48:52,9.24,11088,12,卖盘
378,09:48:55,9.24,704093,762,卖盘
379,09:48:58,9.25,51779,56,买盘
380,09:49:01,9.24,39743,43,卖盘
381,09:49:04,9.25,242300,262,买盘
382,09:49:07,9.24,85942,93,卖盘
383,09:49:10,9.24,109049,118,卖盘
384,09:49:13,9.24,272678,295,卖盘
385,09:49:16,9.24,34202,37,卖盘
386,09:49:19,9.24,56374,61,卖盘
387,09:49:22,9.24,170036,184,卖盘
388,09:49:25,9.24,60991,66,卖盘
389,09:49:28,9.24,95232,103,卖盘
390,09:49:31,9.24,47139,51,卖盘
391,09:49:34,9.25,59187,64,买盘
392,09:49:37,9.24,26796,29,卖盘
393,09:49:40,9.24,56370,61,卖盘
394,09:49:43,9.24,64730,70,卖盘
395,09:49:46,9.24,36964,40,卖盘
396,09:49:49,9.24,90552,98,卖盘
397,09:49:52,9.24,93324,101,卖盘
398,09:49:55,9.25,159863,173,买盘
399,09:49:58,9.24,131228,142,卖盘
400,09:50:01,9.25,89648,97,买盘
401,09:50:04,9.24,125745,136,卖盘
402,09:50:07,9.24,26803,29,卖盘
403,09:50:10,9.25,59146,64,买盘
404,09:50:13,9.24,33268,36,卖盘
405,09:50:16,9.24,69322,75,卖盘
406,09:50:19,9.24,206063,223,卖盘
407,09:50:22,9.24,186655,202,卖盘
408,09:50:25,9.24,207901,225,卖盘
409,09:50:28,9.24,153384,166,卖盘
410,09:50:31,9.24,170027,184,卖盘
411,09:50:34,9.24,113704,123,卖盘
412,09:50:37,9.24,141392,153,卖盘
413,09:50:40,9.24,96096,104,卖盘
414,09:50:43,9.24,130294,141,卖盘
415,09:50:46,9.25,155336,168,买盘
416,09:50:49,9.25,18500,20,买盘
417,09:50:52,9.24,90602,98,卖盘
418,09:50:55,9.24,29577,32,卖盘
419,09:50:58,9.24,24024,26,卖盘
420,09:51:01,9.24,40659,44,卖盘
421,09:51:04,9.24,64680,70,卖盘
422,09:51:07,9.25,51762,56,买盘
423,09:51:10,9.24,50846,55,卖盘
424,09:51:13,9.24,78541,85,卖盘
425,09:51:16,9.24,47137,51,卖盘
426,09:51:19,9.24,84090,91,卖盘
427,09:51:22,9.24,206992,224,卖盘
428,09:51:25,9.24,266135,288,卖盘
429,09:51:28,9.24,652344,706,卖盘
430,09:51:31,9.24,24029,26,卖盘
431,09:51:34,9.24,343728,372,卖盘
432,09:51:37,9.24,9884967,10698,卖盘
433,09:51:40,9.25,1604996,1737,买盘
434,09:51:43,9.24,25872,28,卖盘
435,09:51:46,9.24,244860,265,卖盘
436,09:51:49,9.24,101640,110,卖盘
437,09:51:52,9.24,315145,341,卖盘
438,09:51:55,9.24,139532,151,卖盘
439,09:51:58,9.24,379764,411,卖盘
440,09:52:01,9.24,239426,259,卖盘
441,09:52:04,9.24,130248,141,卖盘
442,09:52:07,9.24,143136,155,买盘
443,09:52:10,9.24,56323,61,买盘
444,09:52:13,9.24,126533,137,买盘
445,09:52:16,9.24,231788,251,买盘
446,09:52:19,9.23,129283,140,卖盘
447,09:52:22,9.23,240083,260,卖盘
448,09:52:25,9.23,250133,271,卖盘
449,09:52:28,9.23,158861,172,卖盘
450,09:52:31,9.23,85839,93,卖盘
451,09:52:34,9.24,1489949,1614,买盘
452,09:52:37,9.23,48004,52,卖盘
453,09:52:40,9.23,851011,922,卖盘
454,09:52:43,9.23,56313,61,卖盘
455,09:52:46,9.23,631419,684,卖盘
456,09:52:49,9.24,150471,163,买盘
457,09:52:52,9.23,274142,297,卖盘
458,09:52:55,9.23,41553,45,卖盘
459,09:52:58,9.23,174457,189,卖盘
460,09:53:01,9.23,1188941,1288,卖盘
461,09:53:04,9.23,124615,135,卖盘
462,09:53:07,9.24,52642,57,买盘
463,09:53:10,9.23,180941,196,卖盘
464,09:53:13,9.23,109837,119,卖盘
465,09:53:16,9.23,169839,184,卖盘
466,09:53:19,9.24,223477,242,买盘
467,09:53:22,9.23,59073,64,卖盘
468,09:53:25,9.23,184606,200,卖盘
469,09:53:28,9.24,90514,98,买盘
470,09:53:31,9.23,25849,28,卖盘
471,09:53:34,9.23,352600,382,卖盘
472,09:53:37,9.23,210584,228,卖盘
473,09:53:40,9.23,180105,195,卖盘
474,09:53:43,9.23,94150,102,卖盘
475,09:53:46,9.23,126454,137,卖盘
476,09:53:49,9.23,37857,41,卖盘
477,09:53:52,9.23,47073,51,卖盘
478,09:53:55,9.23,152295,165,卖盘
479,09:53:58,9.23,120020,130,卖盘
480,09:54:01,9.23,856544,928,卖盘
481,09:54:04,9.23,151384,164,卖盘
482,09:54:07,9.23,94148,102,卖盘
483,09:54:10,9.24,115382,125,买盘
484,09:54:13,9.23,9230,10,卖盘
485,09:54:16,9.24,28623,31,买盘
486,09:54:19,9.24,52613,57,买盘
487,09:54:22,9.24,10164,11,买盘
488,09:54:25,9.24,48023,52,买盘
489,09:54:28,9.23,18461,20,卖盘
490,09:54:31,9.23,16614,18,卖盘
491,09:54:34,9.23,58149,63,卖盘
492,09:54:37,9.23,178248,193,卖盘
493,09:54:40,9.23,68310,74,卖盘
494,09:54:43,9.23,33228,36,卖盘
495,09:54:46,9.23,361206,391,卖盘
496,09:54:49,9.24,505823,548,买盘
497,09:54:52,9.23,24921,27,卖盘
498,09:54:55,9.23,66456,72,卖盘
499,09:54:58,9.23,11999,13,卖盘
500,09:55:01,9.23,156008,169,卖盘
501,09:55:04,9.23,323356,350,卖盘
502,09:55:07,9.23,147680,160,卖盘
503,09:55:10,9.24,163373,177,买盘
504,09:55:13,9.23,231686,251,卖盘
505,09:55:16,9.24,56317,61,买盘
506,09:55:19,9.23,165349,179,卖盘
507,09:55:22,9.24,77590,84,买盘
508,09:55:25,9.24,855502,926,买盘
509,09:55:28,9.23,55381,60,卖盘
510,09:55:31,9.23,427356,463,卖盘
511,09:55:34,9.24,540920,586,买盘
512,09:55:37,9.23,48931,53,卖盘
513,09:55:40,9.23,113529,123,卖盘
514,09:55:43,9.23,168057,182,卖盘
515,09:55:46,9.23,146788,159,卖盘
516,09:55:49,9.23,133838,145,卖盘
517,09:55:52,9.23,72918,79,卖盘
518,09:55:55,9.23,241990,262,卖盘
519,09:55:58,9.24,57271,62,买盘
520,09:56:01,9.23,187392,203,卖盘
521,09:56:04,9.23,340737,369,卖盘
522,09:56:07,9.24,121856,132,买盘
523,09:56:10,9.23,44307,48,卖盘
524,09:56:13,9.23,71080,77,卖盘
525,09:56:16,9.23,705232,764,卖盘
526,09:56:19,9.23,67386,73,卖盘
527,09:56:22,9.23,83070,90,卖盘
528,09:56:25,9.23,71082,77,卖盘
529,09:56:28,9.23,282438,306,卖盘
530,09:56:31,9.23,96011,104,卖盘
531,09:56:34,9.23,117222,127,卖盘
532,09:56:37,9.23,60024,65,卖盘
533,09:56:40,9.23,66456,72,卖盘
534,09:56:43,9.23,99684,108,卖盘
535,09:56:46,9.23,97838,106,卖盘
536,09:56:49,9.24,155988,169,买盘
537,09:56:52,9.23,167064,181,卖盘
538,09:56:55,9.24,84004,91,买盘
539,09:56:58,9.23,113529,123,卖盘
540,09:57:01,9.23,48919,53,卖盘
541,09:57:04,9.24,108939,118,买盘
542,09:57:07,9.23,273208,296,卖盘
543,09:57:10,9.23,158806,172,卖盘
544,09:57:13,9.23,54470,59,卖盘
545,09:57:16,9.23,37845,41,卖盘
546,09:57:19,9.23,216915,235,卖盘
547,09:57:22,9.24,52642,57,买盘
548,09:57:25,9.23,55380,60,卖盘
549,09:57:28,9.23,38767,42,卖盘
550,09:57:31,9.24,28644,31,买盘
551,09:57:34,9.23,161537,175,卖盘
552,09:57:37,9.23,35997,39,卖盘
553,09:57:40,9.23,150469,163,卖盘
554,09:57:43,9.23,123767,134,卖盘
555,09:57:46,9.23,416292,451,卖盘
556,09:57:49,9.23,107106,116,卖盘
557,09:57:52,9.23,1847,2,卖盘
558,09:57:55,9.23,116298,126,卖盘
559,09:57:58,9.23,1071756,1160,卖盘
560,09:58:01,9.23,22152,24,卖盘
561,09:58:04,9.23,204949,222,卖盘
562,09:58:07,9.23,145855,158,卖盘
563,09:58:10,9.23,145834,158,卖盘
564,09:58:13,9.23,325819,353,卖盘
565,09:58:16,9.24,199427,216,买盘
566,09:58:19,9.23,78455,85,卖盘
567,09:58:22,9.23,1847,2,卖盘
568,09:58:25,9.23,142145,154,卖盘
569,09:58:28,9.23,49843,54,卖盘
570,09:58:31,9.23,25844,28,卖盘
571,09:58:34,9.23,19383,21,卖盘
572,09:58:37,9.23,117301,127,卖盘
573,09:58:40,9.23,80303,87,卖盘
574,09:58:43,9.23,11084,12,卖盘
575,09:58:46,9.23,371063,402,卖盘
576,09:58:49,9.23,166221,180,卖盘
577,09:58:52,9.23,19385,21,卖盘
578,09:58:55,9.24,39715,43,买盘
579,09:58:58,9.23,123696,134,卖盘
580,09:59:01,9.23,194753,211,卖盘
581,09:59:04,9.23,21229,23,卖盘
582,09:59:07,9.24,77534,84,买盘
583,09:59:10,9.24,156919,170,买盘
584,09:59:13,9.24,93258,101,买盘
585,09:59:16,9.23,239980,260,卖盘
586,09:59:19,9.23,229838,249,卖盘
587,09:59:22,9.23,53534,58,卖盘
588,09:59:25,9.23,118144,128,卖盘
589,09:59:28,9.23,193860,210,卖盘
590,09:59:31,9.24,205894,223,买盘
591,09:59:34,9.24,407972,442,买盘
592,09:59:37,9.24,231679,251,买盘
593,09:59:40,9.23,111727,121,卖盘
594,09:59:43,9.24,554726,601,买盘
595,09:59:46,9.23,169849,184,卖盘
596,09:59:49,9.23,16615,18,卖盘
597,09:59:52,9.23,62764,68,卖盘
598,09:59:55,9.24,91406,99,买盘
599,09:59:58,9.23,143149,155,卖盘
600,10:00:01,9.23,310128,336,卖盘
601,10:00:04,9.23,309205,335,卖盘
602,10:00:07,9.23,800241,867,卖盘
603,10:00:10,9.23,293518,318,卖盘
604,10:00:13,9.23,263055,285,卖盘
605,10:00:16,9.23,953459,1033,卖盘
606,10:00:19,9.23,347048,376,卖盘
607,10:00:22,9.23,69225,75,卖盘
608,10:00:25,9.23,304610,330,卖盘
609,10:00:28,9.23,47073,51,卖盘
610,10:00:31,9.23,8804323,9539,卖盘
611,10:00:34,9.22,122653,133,卖盘
612,10:00:37,9.22,563831,611,卖盘
613,10:00:40,9.22,204817,222,卖盘
614,10:00:43,9.22,118118,128,卖盘
615,10:00:46,9.22,25826,28,卖盘
616,10:00:49,9.22,119881,130,卖盘
617,10:00:52,9.22,100556,109,卖盘
618,10:00:55,9.23,253695,275,买盘
619,10:00:58,9.22,46125,50,卖盘
620,10:01:01,9.23,441677,479,买盘
621,10:01:04,9.23,39648,43,买盘
622,10:01:07,9.23,75650,82,买盘
623,10:01:10,9.23,312774,339,买盘
624,10:01:13,9.22,199246,216,卖盘
625,10:01:16,9.23,191861,208,买盘
626,10:01:19,9.22,222255,241,卖盘
627,10:01:22,9.22,63638,69,卖盘
628,10:01:25,9.22,49788,54,卖盘
629,10:01:28,9.22,84838,92,卖盘
630,10:01:31,9.22,149365,162,卖盘
631,10:01:34,9.22,315446,342,卖盘
632,10:01:37,9.22,304273,330,卖盘
633,10:01:40,9.22,28585,31,卖盘
634,10:01:43,9.22,31358,34,卖盘
635,10:01:46,9.22,6454,7,卖盘
636,10:01:49,9.22,130033,141,卖盘
637,10:01:52,9.22,214835,233,卖盘
638,10:01:55,9.23,62721,68,买盘
639,10:01:58,9.22,94966,103,卖盘
640,10:02:01,9.23,287757,312,买盘
641,10:02:04,9.22,810458,879,卖盘
642,10:02:07,9.22,55334,60,卖盘
643,10:02:10,9.22,130007,141,卖盘
644,10:02:13,9.22,306104,332,卖盘
645,10:02:16,9.22,138304,150,卖盘
646,10:02:19,9.22,43334,47,卖盘
647,10:02:22,9.23,139232,151,买盘
648,10:02:25,9.23,17533,19,买盘
649,10:02:28,9.22,11986,13,卖盘
650,10:02:31,9.23,117126,127,买盘
651,10:02:34,9.22,106047,115,卖盘
652,10:02:37,9.23,73761,80,买盘
653,10:02:40,9.22,47954,52,卖盘
654,10:02:43,9.22,61779,67,卖盘
655,10:02:46,9.22,141988,154,卖盘
656,10:02:49,9.22,117099,127,卖盘
657,10:02:52,9.22,53507,58,卖盘
658,10:02:55,9.22,57187,62,卖盘
659,10:02:58,9.22,32280,35,卖盘
660,10:03:01,9.22,155922,169,卖盘
661,10:03:04,9.23,96860,105,买盘
662,10:03:07,9.23,120884,131,买盘
663,10:03:10,9.22,66403,72,卖盘
664,10:03:13,9.22,71030,77,卖盘
665,10:03:16,9.23,191961,208,买盘
666,10:03:19,9.22,90370,98,卖盘
667,10:03:22,9.22,65499,71,卖盘
668,10:03:25,9.23,174288,189,买盘
669,10:03:28,9.23,43355,47,买盘
670,10:03:31,9.22,75649,82,卖盘
671,10:03:34,9.22,212987,231,卖盘
672,10:03:37,9.23,162429,176,买盘
673,10:03:40,9.22,57179,62,卖盘
674,10:03:43,9.22,75669,82,卖盘
675,10:03:46,9.23,309155,335,买盘
676,10:03:49,9.22,12921,14,卖盘
677,10:03:52,9.23,811300,879,买盘
678,10:03:55,9.23,365430,396,买盘
679,10:03:58,9.22,430083,466,卖盘
680,10:04:01,9.23,96899,105,买盘
681,10:04:04,9.22,278494,302,卖盘
682,10:04:07,9.22,226976,246,卖盘
683,10:04:10,9.23,352489,382,买盘
684,10:04:13,9.22,188282,204,卖盘
685,10:04:16,9.23,4652843,5041,买盘
686,10:04:19,9.23,6461,7,卖盘
687,10:04:22,9.23,15691,17,卖盘
688,10:04:25,9.23,40612,44,卖盘
689,10:04:28,9.23,9235,10,卖盘
690,10:04:31,9.24,4620,5,买盘
691,10:04:34,9.23,582442,631,卖盘
692,10:04:37,9.23,29536,32,卖盘
693,10:04:40,9.23,132912,144,卖盘
694,10:04:43,9.23,1548818,1678,卖盘
695,10:04:46,9.23,35075,38,卖盘
696,10:04:49,9.24,649880,704,买盘
697,10:04:52,9.23,73841,80,卖盘
698,10:04:55,9.24,262319,284,买盘
699,10:04:58,9.23,18460,20,卖盘
700,10:05:01,9.23,242751,263,卖盘
701,10:05:04,9.24,12007,13,买盘
702,10:05:07,9.23,15692,17,卖盘
703,10:05:10,9.24,76659,83,买盘
704,10:05:13,9.23,55408,60,卖盘
705,10:05:16,9.23,68312,74,卖盘
706,10:05:19,9.23,56359,61,卖盘
707,10:05:22,9.23,3692,4,卖盘
708,10:05:25,9.23,39717,43,卖盘
709,10:05:28,9.23,290745,315,卖盘
710,10:05:31,9.23,22152,24,卖盘
711,10:05:34,9.23,52646,57,卖盘
712,10:05:37,9.23,35075,38,卖盘
713,10:05:40,9.23,7386,8,卖盘
714,10:05:43,9.23,153353,166,卖盘
715,10:05:46,9.24,69287,75,买盘
716,10:05:49,9.23,12922,14,卖盘
717,10:05:52,9.23,212303,230,卖盘
718,10:05:55,9.23,57266,62,卖盘
719,10:05:58,9.23,66456,72,卖盘
720,10:06:01,9.23,80315,87,卖盘
721,10:06:04,9.24,220607,239,买盘
722,10:06:07,9.24,230950,250,买盘
723,10:06:10,9.23,7384,8,卖盘
724,10:06:13,9.23,134865,146,卖盘
725,10:06:16,9.23,87685,95,卖盘
726,10:06:19,9.23,34151,37,卖盘
727,10:06:22,9.23,30478,33,卖盘
728,10:06:25,9.23,206821,224,卖盘
729,10:06:28,9.23,1846,2,卖盘
730,10:06:31,9.23,12009,13,卖盘
731,10:06:34,9.23,91427,99,卖盘
732,10:06:37,9.24,213241,231,买盘
733,10:06:40,9.23,49842,54,卖盘
734,10:06:43,9.23,14773,16,卖盘
735,10:06:46,9.24,187374,203,买盘
736,10:06:49,9.23,47996,52,卖盘
737,10:06:52,9.24,35112,38,买盘
738,10:06:55,9.23,923,1,卖盘
739,10:06:58,9.23,5538,6,卖盘
740,10:07:01,9.23,1114061,1207,卖盘
741,10:07:04,9.23,108914,118,卖盘
742,10:07:07,9.23,96005,104,卖盘
743,10:07:10,9.23,15696,17,卖盘
744,10:07:13,9.24,53564,58,买盘
745,10:07:16,9.23,32316,35,卖盘
746,10:07:19,9.24,31396,34,买盘
747,10:07:22,9.24,518344,561,买盘
748,10:07:25,9.24,129260,140,买盘
749,10:07:31,9.24,20318,22,买盘
750,10:07:34,9.23,65555,71,卖盘
751,10:07:37,9.23,923,1,卖盘
752,10:07:40,9.24,36960,40,买盘
753,10:07:43,9.23,2769,3,卖盘
754,10:07:49,9.23,9230,10,卖盘
755,10:07:52,9.23,67449,73,卖盘
756,10:07:55,9.24,8315,9,买盘
757,10:07:58,9.23,107130,116,卖盘
758,10:08:01,9.23,49842,54,卖盘
759,10:08:04,9.24,45238,49,买盘
760,10:08:07,9.23,105232,114,卖盘
761,10:08:10,9.24,314808,341,买盘
762,10:08:13,9.24,140420,152,买盘
763,10:08:16,9.23,923,1,卖盘
764,10:08:19,9.24,21252,23,买盘
765,10:08:22,9.23,923,1,卖盘
766,10:08:25,9.23,30470,33,卖盘
767,10:08:28,9.23,1846,2,卖盘
768,10:08:34,9.23,112641,122,卖盘
769,10:08:37,9.23,1909765,2067,卖盘
770,10:08:40,9.23,17542,19,卖盘
771,10:08:43,9.23,93223,101,卖盘
772,10:08:46,9.23,318531,345,卖盘
773,10:08:49,9.23,23087,25,卖盘
774,10:08:52,9.23,3692,4,卖盘
775,10:08:55,9.23,39689,43,卖盘
776,10:08:58,9.24,45236,49,买盘
777,10:09:01,9.23,239104,259,卖盘
778,10:09:04,9.23,19383,21,卖盘
779,10:09:07,9.24,10163,11,买盘
780,10:09:10,9.23,28625,31,卖盘
781,10:09:13,9.23,45227,49,卖盘
782,10:09:16,9.23,4617,5,卖盘
783,10:09:19,9.24,112627,122,买盘
784,10:09:22,9.23,16614,18,卖盘
785,10:09:25,9.23,30489,33,卖盘
786,10:09:28,9.24,19400,21,买盘
787,10:09:31,9.23,34163,37,卖盘
788,10:09:34,9.24,92400,100,买盘
789,10:09:37,9.24,34154,37,买盘
790,10:09:40,9.24,36960,40,买盘
791,10:09:43,9.23,8314,9,卖盘
792,10:09:46,9.24,98771,107,买盘
793,10:09:49,9.23,11076,12,卖盘
794,10:09:52,9.23,79458,86,卖盘
795,10:09:55,9.24,315076,341,买盘
796,10:09:58,9.24,99728,108,买盘
797,10:10:01,9.23,239157,259,卖盘
798,10:10:04,9.23,25854,28,卖盘
799,10:10:07,9.23,81243,88,卖盘
800,10:10:10,9.23,111684,121,卖盘
801,10:10:13,9.23,41546,45,卖盘
802,10:10:16,9.23,526660,570,卖盘
803,10:10:19,9.24,36035,39,买盘
804,10:10:22,9.23,39698,43,卖盘
805,10:10:25,9.24,39708,43,买盘
806,10:10:28,9.23,8312,9,卖盘
807,10:10:31,9.23,23080,25,卖盘
808,10:10:34,9.23,11081,12,卖盘
809,10:10:37,9.23,11999,13,卖盘
810,10:10:40,9.23,43401,47,卖盘
811,10:10:43,9.23,518736,562,卖盘
812,10:10:46,9.23,29536,32,卖盘
813,10:10:49,9.23,3692,4,卖盘
814,10:10:52,9.24,21232,23,买盘
815,10:10:55,9.23,11076,12,卖盘
816,10:10:58,9.24,12936,14,买盘
817,10:11:01,9.23,354440,384,卖盘
818,10:11:04,9.23,2769,3,卖盘
819,10:11:07,9.24,253982,275,买盘
820,10:11:10,9.24,92400,100,买盘
821,10:11:13,9.23,24928,27,卖盘
822,10:11:19,9.23,82154,89,卖盘
823,10:11:22,9.23,894453,969,卖盘
824,10:11:25,9.23,429409,465,卖盘
825,10:11:28,9.23,48919,53,卖盘
826,10:11:31,9.24,141229,153,买盘
827,10:11:34,9.23,52621,57,卖盘
828,10:11:37,9.23,488287,529,卖盘
829,10:11:40,9.23,16619,18,卖盘
830,10:11:43,9.23,8309,9,卖盘
831,10:11:46,9.23,12922,14,卖盘
832,10:11:49,9.23,19394,21,卖盘
833,10:11:55,9.23,110770,120,卖盘
834,10:11:58,9.23,33228,36,卖盘
835,10:12:01,9.23,7384,8,卖盘
836,10:12:04,9.23,55380,60,卖盘
837,10:12:07,9.23,223368,242,卖盘
838,10:12:10,9.23,63687,69,卖盘
839,10:12:13,9.23,20306,22,卖盘
840,10:12:16,9.23,12924,14,卖盘
841,10:12:19,9.23,29537,32,卖盘
842,10:12:22,9.23,13845,15,卖盘
843,10:12:25,9.24,90552,98,买盘
844,10:12:28,9.23,111684,121,卖盘
845,10:12:31,9.23,11999,13,卖盘
846,10:12:34,9.23,83993,91,卖盘
847,10:12:37,9.23,134761,146,卖盘
848,10:12:40,9.23,3692,4,卖盘
849,10:12:43,9.23,40612,44,卖盘
850,10:12:46,9.23,65584,71,卖盘
851,10:12:49,9.23,472576,512,卖盘
852,10:12:52,9.23,23998,26,卖盘
853,10:12:55,9.23,17537,19,卖盘
854,10:12:58,9.24,102549,111,买盘
855,10:13:01,9.23,567945,615,卖盘
856,10:13:04,9.23,284284,308,卖盘
857,10:13:07,9.23,23099,25,卖盘
858,10:13:10,9.23,81288,88,卖盘
859,10:13:13,9.23,21229,23,卖盘
860,10:13:16,9.24,3693,4,买盘
861,10:13:19,9.23,367354,398,卖盘
862,10:13:22,9.23,11999,13,卖盘
863,10:13:25,9.23,11999,13,卖盘
864,10:13:28,9.23,49894,54,卖盘
865,10:13:31,9.23,1846,2,卖盘
866,10:13:34,9.23,27695,30,卖盘
867,10:13:37,9.23,27690,30,卖盘
868,10:13:40,9.23,203060,220,卖盘
869,10:13:43,9.23,34151,37,卖盘
870,10:13:46,9.23,107991,117,卖盘
871,10:13:49,9.23,314743,341,卖盘
872,10:13:52,9.23,49847,54,卖盘
873,10:13:55,9.23,25847,28,卖盘
874,10:13:58,9.23,86762,94,卖盘
875,10:14:01,9.24,125551,136,买盘
876,10:14:04,9.23,23089,25,卖盘
877,10:14:07,9.23,248295,269,卖盘
878,10:14:10,9.24,21232,23,买盘
879,10:14:13,9.23,22152,24,卖盘
880,10:14:16,9.24,33234,36,买盘
881,10:14:19,9.24,21250,23,买盘
882,10:14:22,9.23,34152,37,卖盘
883,10:14:25,9.23,3692,4,卖盘
884,10:14:28,9.23,12922,14,卖盘
885,10:14:31,9.24,1328683,1438,买盘
886,10:14:34,9.23,19383,21,卖盘
887,10:14:37,9.23,10153,11,卖盘
888,10:14:40,9.23,14778,16,卖盘
889,10:14:43,9.24,2772,3,买盘
890,10:14:46,9.23,333203,361,卖盘
891,10:14:49,9.23,1846,2,卖盘
892,10:14:52,9.23,6461,7,卖盘
893,10:14:55,9.23,94148,102,卖盘
894,10:14:58,9.23,72019,78,卖盘
895,10:15:01,9.23,63692,69,卖盘
896,10:15:04,9.24,9240,10,买盘
897,10:15:07,9.23,923,1,卖盘
898,10:15:10,9.23,36920,40,卖盘
899,10:15:13,9.23,9230,10,卖盘
900,10:15:16,9.23,26767,29,卖盘
901,10:15:19,9.23,95070,103,卖盘
902,10:15:22,9.23,40612,44,卖盘
903,10:15:25,9.23,49842,54,卖盘
904,10:15:28,9.23,31392,34,卖盘
905,10:15:31,9.23,304590,330,卖盘
906,10:15:34,9.23,131171,142,卖盘
907,10:15:37,9.23,111783,121,卖盘
908,10:15:40,9.23,10153,11,卖盘
909,10:15:43,9.23,292591,317,卖盘
910,10:15:46,9.23,71994,78,卖盘
911,10:15:49,9.23,4616,5,卖盘
912,10:15:52,9.23,4615,5,卖盘
913,10:15:55,9.23,29546,32,卖盘
914,10:15:58,9.23,18460,20,卖盘
915,10:16:01,9.24,183765,199,买盘
916,10:16:04,9.23,144911,157,卖盘
917,10:16:07,9.23,29540,32,卖盘
918,10:16:10,9.23,52611,57,卖盘
919,10:16:13,9.24,9238,10,买盘
920,10:16:16,9.23,46150,50,卖盘
921,10:16:19,9.23,146854,159,卖盘
922,10:16:22,9.23,595027,644,卖盘
923,10:16:25,9.24,39692,43,买盘
924,10:16:28,9.24,16626,18,买盘
925,10:16:31,9.24,158798,172,买盘
926,10:16:34,9.24,12012,13,买盘
927,10:16:37,9.23,11999,13,卖盘
928,10:16:40,9.23,155124,168,卖盘
929,10:16:43,9.24,30492,33,买盘
930,10:16:46,9.23,54499,59,卖盘
931,10:16:49,9.23,462428,501,卖盘
932,10:16:52,9.23,175375,190,卖盘
933,10:16:55,9.23,65538,71,卖盘
934,10:16:58,9.23,61895,67,卖盘
935,10:17:01,9.23,509529,552,卖盘
936,10:17:04,9.23,63747,69,卖盘
937,10:17:07,9.24,9239,10,买盘
938,10:17:10,9.23,16614,18,卖盘
939,10:17:13,9.23,19383,21,卖盘
940,10:17:16,9.23,923,1,卖盘
941,10:17:19,9.24,23100,25,买盘
942,10:17:22,9.23,22159,24,卖盘
943,10:17:25,9.23,923,1,卖盘
944,10:17:28,9.23,28617,31,卖盘
945,10:17:31,9.23,258448,280,卖盘
946,10:17:34,9.23,48931,53,卖盘
947,10:17:37,9.23,72917,79,卖盘
948,10:17:40,9.24,92312,100,买盘
949,10:17:43,9.23,20306,22,卖盘
950,10:17:46,9.23,923,1,卖盘
951,10:17:49,9.23,36931,40,卖盘
952,10:17:52,9.23,24921,27,卖盘
953,10:17:58,9.23,29536,32,卖盘
954,10:18:01,9.24,190180,206,买盘
955,10:18:04,9.23,296303,321,卖盘
956,10:18:07,9.24,54508,59,买盘
957,10:18:10,9.24,69237,75,买盘
958,10:18:13,9.24,119196,129,买盘
959,10:18:16,9.23,56319,61,卖盘
960,10:18:19,9.24,17539,19,买盘
961,10:18:22,9.23,576011,624,卖盘
962,10:18:25,9.24,82184,89,买盘
963,10:18:28,9.23,43406,47,卖盘
964,10:18:31,9.23,53542,58,卖盘
965,10:18:34,9.23,57231,62,卖盘
966,10:18:37,9.23,211373,229,卖盘
967,10:18:40,9.23,17548,19,卖盘
968,10:18:43,9.23,45228,49,卖盘
969,10:18:46,9.23,10162,11,卖盘
970,10:18:49,9.23,63687,69,卖盘
971,10:18:52,9.23,155140,168,卖盘
972,10:18:55,9.24,36004,39,买盘
973,10:18:58,9.23,305539,331,卖盘
974,10:19:01,9.24,561768,608,买盘
975,10:19:04,9.23,149643,162,卖盘
976,10:19:07,9.23,5359887,5807,卖盘
977,10:19:10,9.23,139353,151,买盘
978,10:19:13,9.23,7384,8,买盘
979,10:19:16,9.23,80244,87,买盘
980,10:19:19,9.23,35997,39,买盘
981,10:19:22,9.23,16614,18,买盘
982,10:19:25,9.22,92294,100,卖盘
983,10:19:28,9.23,14768,16,买盘
984,10:19:31,9.22,41504,45,卖盘
985,10:19:34,9.23,46136,50,买盘
986,10:19:37,9.23,152137,165,买盘
987,10:19:40,9.23,17536,19,买盘
988,10:19:43,9.22,40568,44,卖盘
989,10:19:46,9.23,23997,26,买盘
990,10:19:49,9.23,51686,56,买盘
991,10:19:52,9.23,33228,36,买盘
992,10:19:55,9.22,58148,63,卖盘
993,10:19:58,9.23,191975,208,买盘
994,10:20:01,9.23,112581,122,买盘
995,10:20:04,9.22,167040,181,卖盘
996,10:20:07,9.22,28588,31,卖盘
997,10:20:10,9.23,32302,35,买盘
998,10:20:13,9.22,10151,11,卖盘
999,10:20:16,9.22,65495,71,卖盘
1000,10:20:19,9.23,96841,105,买盘
1001,10:20:22,9.22,38740,42,卖盘
1002,10:20:25,9.22,50716,55,卖盘
1003,10:20:28,9.22,30457,33,卖盘
1004,10:20:31,9.22,168905,183,卖盘
1005,10:20:34,9.23,87683,95,买盘
1006,10:20:37,9.22,103300,112,卖盘
1007,10:20:40,9.23,27689,30,买盘
1008,10:20:43,9.22,922,1,卖盘
1009,10:20:46,9.23,311050,337,买盘
1010,10:20:49,9.22,54403,59,卖盘
1011,10:20:52,9.22,321814,349,卖盘
1012,10:20:55,9.22,240887,261,卖盘
1013,10:20:58,9.23,33228,36,买盘
1014,10:21:01,9.23,74748,81,买盘
1015,10:21:04,9.22,76606,83,卖盘
1016,10:21:07,9.23,62744,68,买盘
1017,10:21:10,9.23,210230,228,买盘
1018,10:21:13,9.23,122746,133,买盘
1019,10:21:16,9.23,36896,40,买盘
1020,10:21:19,9.23,43339,47,买盘
1021,10:21:22,9.23,21228,23,买盘
1022,10:21:25,9.22,80232,87,卖盘
1023,10:21:28,9.22,30426,33,卖盘
1024,10:21:31,9.23,60899,66,买盘
1025,10:21:34,9.22,922,1,卖盘
1026,10:21:37,9.23,254664,276,买盘
1027,10:21:40,9.22,38731,42,卖盘
1028,10:21:43,9.22,21227,23,卖盘
1029,10:21:46,9.22,357831,388,卖盘
1030,10:21:49,9.23,121796,132,买盘
1031,10:21:52,9.23,230706,250,买盘
1032,10:21:55,9.22,34141,37,卖盘
1033,10:21:58,9.22,53492,58,卖盘
1034,10:22:01,9.22,707417,767,卖盘
1035,10:22:04,9.22,323632,351,卖盘
1036,10:22:07,9.23,90391,98,买盘
1037,10:22:10,9.23,107938,117,买盘
1038,10:22:13,9.23,49842,54,买盘
1039,10:22:16,9.23,1846,2,买盘
1040,10:22:19,9.23,489587,531,买盘
1041,10:22:22,9.22,72879,79,卖盘
1042,10:22:25,9.23,121786,132,买盘
1043,10:22:28,9.23,17524,19,买盘
1044,10:22:31,9.22,29504,32,卖盘
1045,10:22:34,9.23,14768,16,买盘
1046,10:22:37,9.22,55320,60,卖盘
1047,10:22:40,9.22,43347,47,卖盘
1048,10:22:43,9.23,11075,12,买盘
1049,10:22:46,9.23,35074,38,买盘
1050,10:22:49,9.22,57173,62,卖盘
1051,10:22:52,9.22,159509,173,卖盘
1052,10:22:55,9.23,56272,61,买盘
1053,10:22:58,9.22,5533,6,卖盘
1054,10:23:01,9.23,65503,71,买盘
1055,10:23:04,9.22,85755,93,卖盘
1056,10:23:07,9.23,3692,4,买盘
1057,10:23:10,9.23,32300,35,买盘
1058,10:23:13,9.23,55366,60,买盘
1059,10:23:16,9.22,20285,22,卖盘
1060,10:23:19,9.22,130004,141,卖盘
1061,10:23:22,9.22,133690,145,卖盘
1062,10:23:25,9.23,25843,28,买盘
1063,10:23:28,9.22,9220,10,卖盘
1064,10:23:31,9.23,32293,35,买盘
1065,10:23:34,9.22,124564,135,卖盘
1066,10:23:37,9.22,105108,114,卖盘
1067,10:23:40,9.22,105110,114,卖盘
1068,10:23:43,9.23,120910,131,买盘
1069,10:23:46,9.23,124575,135,买盘
1070,10:23:49,9.22,300688,326,卖盘
1071,10:23:52,9.23,51684,56,买盘
1072,10:23:55,9.22,79292,86,卖盘
1073,10:23:58,9.23,42445,46,买盘
1074,10:24:01,9.22,93204,101,卖盘
1075,10:24:04,9.22,69160,75,卖盘
1076,10:24:07,9.22,5533,6,卖盘
1077,10:24:10,9.23,46149,50,买盘
1078,10:24:13,9.22,101500,110,卖盘
1079,10:24:16,9.22,99636,108,卖盘
1080,10:24:19,9.23,19365,21,买盘
1081,10:24:22,9.22,143882,156,卖盘
1082,10:24:25,9.22,58132,63,卖盘
1083,10:24:28,9.22,1844,2,卖盘
1084,10:24:31,9.23,195499,212,买盘
1085,10:24:34,9.22,161482,175,卖盘
1086,10:24:37,9.22,497880,540,卖盘
1087,10:24:40,9.22,35066,38,卖盘
1088,10:24:43,9.23,293201,318,买盘
1089,10:24:46,9.23,90450,98,买盘
1090,10:24:49,9.23,35051,38,买盘
1091,10:24:52,9.23,15688,17,买盘
1092,10:24:55,9.22,311655,338,卖盘
1093,10:24:58,9.22,6454,7,卖盘
1094,10:25:01,9.23,108882,118,买盘
1095,10:25:04,9.22,44263,48,卖盘
1096,10:25:07,9.22,9221,10,卖盘
1097,10:25:10,9.22,426084,462,卖盘
1098,10:25:13,9.23,17537,19,买盘
1099,10:25:16,9.22,62731,68,卖盘
1100,10:25:19,9.22,465188,504,卖盘
1101,10:25:22,9.22,62696,68,卖盘
1102,10:25:25,9.22,31378,34,卖盘
1103,10:25:28,9.23,53529,58,买盘
1104,10:25:31,9.22,81142,88,卖盘
1105,10:25:34,9.22,16599,18,卖盘
1106,10:25:37,9.22,2766,3,卖盘
1107,10:25:40,9.22,67306,73,卖盘
1108,10:25:43,9.23,56303,61,买盘
1109,10:25:46,9.22,100498,109,卖盘
1110,10:25:49,9.22,45178,49,卖盘
1111,10:25:52,9.22,1506951,1633,卖盘
1112,10:25:55,9.22,95942,104,卖盘
1113,10:25:58,9.22,4611,5,卖盘
1114,10:26:01,9.23,39673,43,买盘
1115,10:26:04,9.22,25817,28,卖盘
1116,10:26:07,9.22,231522,251,卖盘
1117,10:26:10,9.22,33226,36,卖盘
1118,10:26:13,9.22,47954,52,卖盘
1119,10:26:16,9.22,323971,351,卖盘
1120,10:26:19,9.22,138422,150,卖盘
1121,10:26:22,9.23,59943,65,买盘
1122,10:26:25,9.22,167883,182,卖盘
1123,10:26:28,9.23,829763,899,买盘
1124,10:26:31,9.22,103297,112,卖盘
1125,10:26:34,9.22,57184,62,卖盘
1126,10:26:37,9.23,576873,625,买盘
1127,10:26:40,9.23,611951,663,买盘
1128,10:26:43,9.23,115447,125,卖盘
1129,10:26:46,9.23,240903,261,卖盘
1130,10:26:49,9.23,98792,107,卖盘
1131,10:26:52,9.23,3692,4,卖盘
1132,10:26:55,9.23,519286,562,卖盘
1133,10:26:58,9.23,19383,21,卖盘
1134,10:27:01,9.23,2769,3,卖盘
1135,10:27:04,9.23,92334,100,卖盘
1136,10:27:07,9.23,39689,43,卖盘
1137,10:27:10,9.23,36920,40,卖盘
1138,10:27:13,9.23,62764,68,卖盘
1139,10:27:16,9.23,503958,546,卖盘
1140,10:27:19,9.24,110794,120,买盘
1141,10:27:22,9.24,178258,193,买盘
1142,10:27:25,9.23,21232,23,卖盘
1143,10:27:28,9.23,88638,96,卖盘
1144,10:27:31,9.23,44304,48,卖盘
1145,10:27:34,9.24,34186,37,买盘
1146,10:27:37,9.23,103418,112,卖盘
1147,10:27:40,9.23,1846,2,卖盘
1148,10:27:43,9.23,11076,12,卖盘
1149,10:27:46,9.23,45229,49,卖盘
1150,10:27:49,9.23,50798,55,卖盘
1151,10:27:52,9.23,467961,507,卖盘
1152,10:27:55,9.23,1847,2,卖盘
1153,10:27:58,9.23,25844,28,卖盘
1154,10:28:01,9.23,15691,17,卖盘
1155,10:28:04,9.24,31416,34,买盘
1156,10:28:07,9.23,48919,53,卖盘
1157,10:28:10,9.24,62832,68,买盘
1158,10:28:13,9.24,507237,549,买盘
1159,10:28:16,9.23,23998,26,卖盘
1160,10:28:19,9.24,29568,32,买盘
1161,10:28:22,9.24,53560,58,买盘
1162,10:28:28,9.23,124605,135,卖盘
1163,10:28:31,9.23,46181,50,卖盘
1164,10:28:34,9.23,68302,74,卖盘
1165,10:28:37,9.24,9240,10,买盘
1166,10:28:40,9.23,91377,99,卖盘
1167,10:28:43,9.23,29536,32,卖盘
1168,10:28:46,9.23,64648,70,卖盘
1169,10:28:49,9.23,923,1,卖盘
1170,10:28:52,9.24,47113,51,买盘
1171,10:28:55,9.23,5538,6,卖盘
1172,10:28:58,9.23,461510,500,卖盘
1173,10:29:01,9.23,71106,77,卖盘
1174,10:29:04,9.23,273208,296,卖盘
1175,10:29:07,9.24,10164,11,买盘
1176,10:29:10,9.24,12012,13,买盘
1177,10:29:13,9.24,1848,2,买盘
1178,10:29:16,9.24,9240,10,买盘
1179,10:29:22,9.24,44335,48,买盘
1180,10:29:25,9.24,64615,70,买盘
1181,10:29:28,9.24,92400,100,买盘
1182,10:29:31,9.24,466120,505,买盘
1183,10:29:34,9.23,468026,507,卖盘
1184,10:29:37,9.23,143065,155,卖盘
1185,10:29:40,9.23,60010,65,卖盘
1186,10:29:43,9.24,144111,156,买盘
1187,10:29:46,9.23,620256,672,卖盘
1188,10:29:49,9.23,13845,15,卖盘
1189,10:29:52,9.23,11999,13,卖盘
1190,10:29:55,9.23,15697,17,卖盘
1191,10:29:58,9.23,943306,1022,卖盘
1192,10:30:01,9.23,1782601,1931,卖盘
1193,10:30:04,9.23,66472,72,卖盘
1194,10:30:07,9.23,686712,744,卖盘
1195,10:30:10,9.23,128298,139,卖盘
1196,10:30:13,9.23,18467,20,卖盘
1197,10:30:16,9.23,657176,712,卖盘
1198,10:30:19,9.23,17547,19,卖盘
1199,10:30:22,9.23,41546,45,卖盘
1200,10:30:25,9.23,252143,273,买盘
1201,10:30:28,9.23,28613,31,卖盘
1202,10:30:31,9.23,9230,10,卖盘
1203,10:30:34,9.24,10163,11,买盘
1204,10:30:37,9.24,50769,55,买盘
1205,10:30:40,9.23,29536,32,卖盘
1206,10:30:43,9.23,82151,89,卖盘
1207,10:30:46,9.23,165217,179,卖盘
1208,10:30:49,9.23,81214,88,买盘
1209,10:30:52,9.23,199218,216,买盘
1210,10:30:55,9.22,71964,78,卖盘
1211,10:30:58,9.23,25839,28,买盘
1212,10:31:01,9.23,5538,6,买盘
1213,10:31:04,9.23,92300,100,买盘
1214,10:31:07,9.22,922,1,卖盘
1215,10:31:10,9.24,322087,349,买盘
1216,10:31:13,9.23,287053,311,卖盘
1217,10:31:16,9.23,131989,143,买盘
1218,10:31:19,9.23,202128,219,卖盘
1219,10:31:22,9.22,101450,110,卖盘
1220,10:31:25,9.23,18460,20,买盘
1221,10:31:28,9.22,9220,10,卖盘
1222,10:31:31,9.23,44262,48,买盘
1223,10:31:34,9.23,78420,85,买盘
1224,10:31:37,9.22,10152,11,卖盘
1225,10:31:40,9.23,16603,18,买盘
1226,10:31:43,9.22,19362,21,卖盘
1227,10:31:46,9.22,56242,61,卖盘
1228,10:31:49,9.22,4610,5,卖盘
1229,10:31:52,9.23,64576,70,买盘
1230,10:31:55,9.22,46101,50,卖盘
1231,10:31:58,9.22,38724,42,卖盘
1232,10:32:01,9.23,23981,26,买盘
1233,10:32:04,9.22,10142,11,卖盘
1234,10:32:07,9.22,9220,10,卖盘
1235,10:32:13,9.23,62734,68,买盘
1236,10:32:16,9.22,44289,48,卖盘
1237,10:32:19,9.22,40568,44,卖盘
1238,10:32:22,9.22,76606,83,卖盘
1239,10:32:25,9.22,41495,45,卖盘
1240,10:32:28,9.22,54399,59,卖盘
1241,10:32:31,9.22,16596,18,卖盘
1242,10:32:34,9.23,5538,6,买盘
1243,10:32:37,9.22,171492,186,卖盘
1244,10:32:40,9.22,9220,10,卖盘
1245,10:32:43,9.23,395039,428,买盘
1246,10:32:46,9.22,144804,157,卖盘
1247,10:32:49,9.23,3702142,4011,买盘
1248,10:32:52,9.23,564376,612,买盘
1249,10:32:55,9.23,5538,6,买盘
1250,10:32:58,9.22,70126,76,卖盘
1251,10:33:01,9.23,117211,127,买盘
1252,10:33:04,9.23,3692,4,买盘
1253,10:33:07,9.22,609499,661,卖盘
1254,10:33:10,9.23,166097,180,买盘
1255,10:33:13,9.23,85814,93,买盘
1256,10:33:16,9.23,46141,50,买盘
1257,10:33:19,9.22,41530,45,卖盘
1258,10:33:22,9.22,58137,63,卖盘
1259,10:33:25,9.22,27662,30,卖盘
1260,10:33:28,9.22,154958,168,卖盘
1261,10:33:31,9.23,163349,177,买盘
1262,10:33:34,9.23,6461,7,买盘
1263,10:33:37,9.22,13841,15,卖盘
1264,10:33:43,9.23,9230,10,买盘
1265,10:33:49,9.22,23980,26,卖盘
1266,10:33:52,9.23,41519,45,买盘
1267,10:34:01,9.22,36903,40,卖盘
1268,10:34:07,9.23,76608,83,买盘
1269,10:34:10,9.22,4611,5,卖盘
1270,10:34:13,9.23,60857,66,买盘
1271,10:34:22,9.22,69160,75,卖盘
1272,10:34:25,9.22,65462,71,卖盘
1273,10:34:28,9.23,51635,56,买盘
1274,10:34:31,9.22,317468,344,卖盘
1275,10:34:34,9.23,2769,3,买盘
1276,10:34:37,9.22,13830,15,卖盘
1277,10:34:40,9.23,42443,46,买盘
1278,10:34:46,9.23,9230,10,买盘
1279,10:34:49,9.22,687813,746,卖盘
1280,10:34:52,9.23,119067,129,买盘
1281,10:34:55,9.22,466532,506,卖盘
1282,10:34:58,9.22,23972,26,卖盘
1283,10:35:01,9.23,529302,574,买盘
1284,10:35:07,9.22,484055,525,卖盘
1285,10:35:10,9.22,38724,42,卖盘
1286,10:35:13,9.23,35960,39,买盘
1287,10:35:16,9.22,87626,95,卖盘
1288,10:35:19,9.23,29536,32,买盘
1289,10:35:22,9.23,11076,12,买盘
1290,10:35:25,9.22,1844,2,卖盘
1291,10:35:28,9.23,11988,13,买盘
1292,10:35:31,9.22,66448,72,卖盘
1293,10:35:34,9.23,9230,10,买盘
1294,10:35:37,9.22,1844,2,卖盘
1295,10:35:40,9.22,241619,262,卖盘
1296,10:35:43,9.22,212982,231,卖盘
1297,10:35:46,9.22,30426,33,卖盘
1298,10:35:49,9.22,1237330,1342,卖盘
1299,10:35:52,9.22,66384,72,卖盘
1300,10:35:55,9.22,109718,119,卖盘
1301,10:35:58,9.23,56243,61,买盘
1302,10:36:01,9.22,199162,216,卖盘
1303,10:36:04,9.22,568885,617,卖盘
1304,10:36:07,9.22,1844,2,卖盘
1305,10:36:10,9.22,16596,18,卖盘
1306,10:36:13,9.22,61774,67,卖盘
1307,10:36:16,9.22,82990,90,卖盘
1308,10:36:19,9.22,11998,13,卖盘
1309,10:36:22,9.22,128166,139,卖盘
1310,10:36:25,9.22,175180,190,卖盘
1311,10:36:28,9.22,18440,20,卖盘
1312,10:36:31,9.23,4615,5,买盘
1313,10:36:34,9.23,113528,123,买盘
1314,10:36:37,9.22,31348,34,卖盘
1315,10:36:40,9.22,82980,90,卖盘
1316,10:36:46,9.22,11986,13,卖盘
1317,10:36:49,9.22,35056,38,卖盘
1318,10:36:52,9.23,42422,46,买盘
1319,10:36:55,9.23,61777,67,买盘
1320,10:36:58,9.22,42412,46,卖盘
1321,10:37:01,9.22,16596,18,卖盘
1322,10:37:04,9.23,27690,30,买盘
1323,10:37:07,9.23,9230,10,买盘
1324,10:37:10,9.22,106031,115,卖盘
1325,10:37:13,9.23,75686,82,买盘
1326,10:37:16,9.22,986545,1070,卖盘
1327,10:37:19,9.22,42416,46,卖盘
1328,10:37:22,9.23,568891,617,买盘
1329,10:37:25,9.23,923,1,买盘
1330,10:37:28,9.22,23972,26,卖盘
1331,10:37:31,9.23,71966,78,买盘
1332,10:37:34,9.23,37807,41,买盘
1333,10:37:37,9.22,561498,609,卖盘
1334,10:37:40,9.23,50765,55,买盘
1335,10:37:43,9.23,50765,55,买盘
1336,10:37:46,9.22,36897,40,卖盘
1337,10:37:49,9.23,7381,8,买盘
1338,10:37:52,9.22,569796,618,卖盘
1339,10:37:55,9.22,11990,13,卖盘
1340,10:37:58,9.22,87592,95,卖盘
1341,10:38:01,9.22,42431,46,卖盘
1342,10:38:07,9.23,4615,5,买盘
1343,10:38:10,9.22,562430,610,卖盘
1344,10:38:13,9.23,11076,12,买盘
1345,10:38:16,9.23,56282,61,买盘
1346,10:38:19,9.22,549608,596,卖盘
1347,10:38:22,9.22,93124,101,卖盘
1348,10:38:25,9.22,156770,170,卖盘
1349,10:38:28,9.23,71021,77,买盘
1350,10:38:31,9.22,20284,22,卖盘
1351,10:38:34,9.22,43334,47,卖盘
1352,10:38:37,9.22,19372,21,卖盘
1353,10:38:40,9.23,3691,4,买盘
1354,10:38:43,9.23,28592,31,买盘
1355,10:38:46,9.22,515408,559,卖盘
1356,10:38:49,9.23,10153,11,买盘
1357,10:38:52,9.23,41506,45,买盘
1358,10:38:55,9.22,663959,720,卖盘
1359,10:38:58,9.22,136462,148,卖盘
1360,10:39:01,9.23,176113,191,买盘
1361,10:39:04,9.22,71916,78,卖盘
1362,10:39:07,9.22,922,1,卖盘
1363,10:39:10,9.22,586402,636,卖盘
1364,10:39:13,9.23,5538,6,买盘
1365,10:39:16,9.22,409368,444,卖盘
1366,10:39:19,9.23,48916,53,买盘
1367,10:39:22,9.23,107974,117,买盘
1368,10:39:25,9.23,249965,271,买盘
1369,10:39:28,9.22,561500,609,卖盘
1370,10:39:31,9.22,1845,2,卖盘
1371,10:39:34,9.23,5538,6,买盘
1372,10:39:37,9.22,135668,147,卖盘
1373,10:39:40,9.22,15677,17,卖盘
1374,10:39:43,9.22,17519,19,卖盘
1375,10:39:46,9.22,13841,15,卖盘
1376,10:39:49,9.22,105108,114,卖盘
1377,10:39:52,9.23,36900,40,买盘
1378,10:39:55,9.23,36920,40,买盘
1379,10:39:58,9.23,2769,3,买盘
1380,10:40:01,9.22,20289,22,卖盘
1381,10:40:04,9.22,41532,45,卖盘
1382,10:40:07,9.23,41511,45,买盘
1383,10:40:10,9.23,60911,66,买盘
1384,10:40:13,9.22,40568,44,卖盘
1385,10:40:16,9.22,220363,239,卖盘
1386,10:40:19,9.22,6454,7,卖盘
1387,10:40:22,9.22,25825,28,卖盘
1388,10:40:25,9.23,10150,11,买盘
1389,10:40:28,9.22,64590,70,卖盘
1390,10:40:31,9.22,109734,119,卖盘
1391,10:40:34,9.22,24902,27,卖盘
1392,10:40:37,9.22,922,1,卖盘
1393,10:40:40,9.22,33192,36,卖盘
1394,10:40:43,9.22,128158,139,卖盘
1395,10:40:46,9.22,16596,18,卖盘
1396,10:40:49,9.23,308900,335,买盘
1397,10:40:52,9.23,60862,66,买盘
1398,10:40:55,9.22,13834,15,卖盘
1399,10:40:58,9.22,3688,4,卖盘
1400,10:41:01,9.22,218515,237,卖盘
1401,10:41:04,9.22,27661,30,卖盘
1402,10:41:07,9.22,47022,51,卖盘
1403,10:41:10,9.23,1846,2,买盘
1404,10:41:13,9.23,83050,90,买盘
1405,10:41:16,9.22,263692,286,卖盘
1406,10:41:19,9.22,103321,112,卖盘
1407,10:41:22,9.22,63676,69,卖盘
1408,10:41:25,9.22,98661,107,卖盘
1409,10:41:31,9.22,176266,191,卖盘
1410,10:41:34,9.22,151354,164,卖盘
1411,10:41:37,9.22,181686,197,卖盘
1412,10:41:40,9.22,147525,160,卖盘
1413,10:41:43,9.23,310127,336,买盘
1414,10:41:46,9.23,22129,24,买盘
1415,10:41:49,9.23,11066,12,买盘
1416,10:41:52,9.22,31348,34,卖盘
1417,10:41:55,9.23,579644,628,买盘
1418,10:41:58,9.22,21213,23,卖盘
1419,10:42:01,9.22,89489,97,卖盘
1420,10:42:04,9.23,35997,39,买盘
1421,10:42:07,9.23,7380,8,买盘
1422,10:42:10,9.23,166999,181,买盘
1423,10:42:13,9.23,47063,51,买盘
1424,10:42:16,9.22,35967,39,卖盘
1425,10:42:19,9.22,4610,5,卖盘
1426,10:42:22,9.22,50710,55,卖盘
1427,10:42:25,9.23,101484,110,买盘
1428,10:42:28,9.23,15675,17,买盘
1429,10:42:34,9.22,102342,111,卖盘
1430,10:42:37,9.23,35037,38,买盘
1431,10:42:40,9.23,92300,100,买盘
1432,10:42:43,9.23,25826,28,买盘
1433,10:42:46,9.22,45183,49,卖盘
1434,10:42:49,9.23,31351,34,买盘
1435,10:42:52,9.22,54398,59,卖盘
1436,10:42:55,9.22,553200,600,卖盘
1437,10:42:58,9.23,11067,12,买盘
1438,10:43:01,9.23,35056,38,买盘
1439,10:43:04,9.23,19373,21,买盘
1440,10:43:07,9.22,90413,98,卖盘
1441,10:43:10,9.22,839038,910,卖盘
1442,10:43:13,9.22,44264,48,卖盘
1443,10:43:16,9.23,201968,219,买盘
1444,10:43:19,9.22,58135,63,卖盘
1445,10:43:22,9.22,2766,3,卖盘
1446,10:43:25,9.22,14752,16,卖盘
1447,10:43:28,9.22,24894,27,卖盘
1448,10:43:31,9.22,58125,63,卖盘
1449,10:43:34,9.23,5538,6,买盘
1450,10:43:37,9.23,76546,83,买盘
1451,10:43:40,9.22,253550,275,卖盘
1452,10:43:43,9.23,78400,85,买盘
1453,10:43:46,9.22,3688,4,卖盘
1454,10:43:49,9.22,77448,84,卖盘
1455,10:43:52,9.23,11071,12,买盘
1456,10:43:55,9.22,71917,78,卖盘
1457,10:43:58,9.22,220514,239,卖盘
1458,10:44:01,9.23,43357,47,买盘
1459,10:44:04,9.23,41498,45,买盘
1460,10:44:07,9.23,53482,58,买盘
1461,10:44:10,9.22,97745,106,卖盘
1462,10:44:13,9.23,4615,5,买盘
1463,10:44:16,9.22,3688,4,卖盘
1464,10:44:19,9.22,13830,15,卖盘
1465,10:44:22,9.23,47034,51,买盘
1466,10:44:25,9.22,22138,24,卖盘
1467,10:44:31,9.22,28609,31,卖盘
1468,10:44:34,9.23,28604,31,买盘
1469,10:44:37,9.23,126414,137,买盘
1470,10:44:40,9.23,844562,916,买盘
1471,10:44:43,9.23,43364,47,买盘
1472,10:44:46,9.22,210246,228,卖盘
1473,10:44:49,9.22,22128,24,卖盘
1474,10:44:52,9.22,3688,4,卖盘
1475,10:44:55,9.22,4611,5,卖盘
1476,10:44:58,9.23,95059,103,买盘
1477,10:45:01,9.22,126315,137,卖盘
1478,10:45:04,9.22,47022,51,卖盘
1479,10:45:07,9.22,404856,439,卖盘
1480,10:45:10,9.22,124471,135,卖盘
1481,10:45:13,9.22,29504,32,卖盘
1482,10:45:16,9.22,11986,13,卖盘
1483,10:45:19,9.22,51632,56,卖盘
1484,10:45:22,9.22,30426,33,卖盘
1485,10:45:25,9.22,65524,71,卖盘
1486,10:45:28,9.23,17523,19,买盘
1487,10:45:31,9.22,2766,3,卖盘
1488,10:45:34,9.22,153052,166,卖盘
1489,10:45:37,9.22,15674,17,卖盘
1490,10:45:40,9.22,83907,91,卖盘
1491,10:45:43,9.23,92279,100,买盘
1492,10:45:46,9.22,21206,23,卖盘
1493,10:45:49,9.22,107874,117,卖盘
1494,10:45:52,9.22,6454,7,卖盘
1495,10:45:55,9.23,22134,24,买盘
1496,10:46:01,9.22,302712,328,卖盘
1497,10:46:04,9.22,50725,55,卖盘
1498,10:46:07,9.23,9230,10,买盘
1499,10:46:10,9.22,22128,24,卖盘
1500,10:46:19,9.23,14760,16,买盘
1501,10:46:22,9.23,47955,52,买盘
1502,10:46:25,9.23,59022,64,买盘
1503,10:46:28,9.23,35072,38,买盘
1504,10:46:31,9.22,756040,820,卖盘
1505,10:46:34,9.23,87648,95,买盘
1506,10:46:37,9.22,26744,29,卖盘
1507,10:46:40,9.22,2766,3,卖盘
1508,10:46:43,9.23,23057,25,买盘
1509,10:46:46,9.22,71974,78,卖盘
1510,10:46:49,9.22,65480,71,卖盘
1511,10:46:52,9.22,11986,13,卖盘
1512,10:46:55,9.23,20290,22,买盘
1513,10:46:58,9.22,25818,28,卖盘
1514,10:47:01,9.22,201918,219,卖盘
1515,10:47:04,9.22,46100,50,卖盘
1516,10:47:07,9.22,129080,140,卖盘
1517,10:47:10,9.23,11074,12,买盘
1518,10:47:13,9.22,39658,43,卖盘
1519,10:47:16,9.22,803094,871,卖盘
1520,10:47:19,9.22,37802,41,卖盘
1521,10:47:22,9.22,110655,120,卖盘
1522,10:47:25,9.23,221454,240,买盘
1523,10:47:28,9.22,6460,7,卖盘
1524,10:47:31,9.23,1120244,1215,买盘
1525,10:47:34,9.22,59019,64,卖盘
1526,10:47:37,9.22,23050,25,卖盘
1527,10:47:40,9.22,18440,20,卖盘
1528,10:47:43,9.23,14768,16,买盘
1529,10:47:46,9.23,126417,137,买盘
1530,10:47:49,9.22,120887,131,卖盘
1531,10:47:55,9.22,838218,909,卖盘
1532,10:47:58,9.22,339574,368,卖盘
1533,10:48:01,9.22,53497,58,卖盘
1534,10:48:04,9.23,306386,332,买盘
1535,10:48:07,9.23,95062,103,买盘
1536,10:48:10,9.23,923,1,买盘
1537,10:48:13,9.22,922,1,卖盘
1538,10:48:16,9.23,86678,94,买盘
1539,10:48:19,9.22,5532,6,卖盘
1540,10:48:22,9.23,28595,31,买盘
1541,10:48:25,9.22,23061,25,卖盘
1542,10:48:28,9.22,113479,123,卖盘
1543,10:48:31,9.22,66435,72,卖盘
1544,10:48:34,9.22,53476,58,卖盘
1545,10:48:37,9.22,1844,2,卖盘
1546,10:48:40,9.22,18440,20,卖盘
1547,10:48:43,9.22,38740,42,卖盘
1548,10:48:46,9.22,29509,32,卖盘
1549,10:48:49,9.23,44300,48,买盘
1550,10:48:52,9.23,16609,18,买盘
1551,10:48:55,9.23,11996,13,买盘
1552,10:48:58,9.23,17537,19,买盘
1553,10:49:01,9.23,86677,94,买盘
1554,10:49:04,9.22,75624,82,卖盘
1555,10:49:10,9.23,84902,92,买盘
1556,10:49:13,9.22,91278,99,卖盘
1557,10:49:16,9.22,2766,3,卖盘
1558,10:49:19,9.22,295060,320,卖盘
1559,10:49:22,9.22,17519,19,卖盘
1560,10:49:25,9.22,50710,55,卖盘
1561,10:49:28,9.23,5538,6,买盘
1562,10:49:31,9.22,572562,621,卖盘
1563,10:49:34,9.23,59036,64,买盘
1564,10:49:37,9.23,18460,20,买盘
1565,10:49:40,9.23,113411,123,买盘
1566,10:49:43,9.22,186427,202,卖盘
1567,10:49:46,9.23,28597,31,买盘
1568,10:49:52,9.23,11074,12,买盘
1569,10:49:58,9.22,39650,43,卖盘
1570,10:50:07,9.23,114332,124,买盘
1571,10:50:10,9.23,1846,2,买盘
1572,10:50:13,9.23,193770,210,买盘
1573,10:50:16,9.23,39679,43,买盘
1574,10:50:19,9.23,64610,70,买盘
1575,10:50:22,9.23,28613,31,买盘
1576,10:50:25,9.22,600272,651,卖盘
1577,10:50:28,9.23,13831,15,买盘
1578,10:50:31,9.23,25826,28,买盘
1579,10:50:34,9.22,31348,34,卖盘
1580,10:50:37,9.22,294137,319,卖盘
1581,10:50:40,9.22,470220,510,卖盘
1582,10:50:43,9.23,17520,19,买盘
1583,10:50:49,9.23,923,1,买盘
1584,10:50:52,9.23,106967,116,买盘
1585,10:50:55,9.23,125478,136,买盘
1586,10:50:58,9.22,68283,74,卖盘
1587,10:51:01,9.22,39672,43,卖盘
1588,10:51:04,9.22,211138,229,卖盘
1589,10:51:07,9.22,26766,29,卖盘
1590,10:51:10,9.22,78408,85,卖盘
1591,10:51:13,9.23,24913,27,买盘
1592,10:51:16,9.23,68288,74,买盘
1593,10:51:19,9.22,17519,19,卖盘
1594,10:51:22,9.23,61779,67,买盘
1595,10:51:28,9.23,12922,14,买盘
1596,10:51:31,9.22,94972,103,卖盘
1597,10:51:34,9.22,38729,42,卖盘
1598,10:51:37,9.23,2769,3,买盘
1599,10:51:40,9.23,31380,34,买盘
1600,10:51:46,9.22,22128,24,卖盘
1601,10:51:49,9.22,59038,64,卖盘
1602,10:51:52,9.22,922,1,卖盘
1603,10:51:55,9.22,22148,24,卖盘
1604,10:51:58,9.23,35040,38,买盘
1605,10:52:01,9.22,17519,19,卖盘
1606,10:52:04,9.23,167026,181,买盘
1607,10:52:07,9.22,11064,12,卖盘
1608,10:52:10,9.23,62760,68,买盘
1609,10:52:13,9.22,10142,11,卖盘
1610,10:52:16,9.22,21218,23,卖盘
1611,10:52:19,9.22,17528,19,卖盘
1612,10:52:22,9.22,37812,41,卖盘
1613,10:52:25,9.22,12916,14,卖盘
1614,10:52:28,9.23,26767,29,买盘
1615,10:52:31,9.22,138352,150,卖盘
1616,10:52:34,9.22,2766,3,卖盘
1617,10:52:37,9.23,11999,13,买盘
1618,10:52:40,9.22,104282,113,卖盘
1619,10:52:46,9.22,5533,6,卖盘
1620,10:52:49,9.23,757896,822,买盘
1621,10:52:52,9.22,56242,61,卖盘
1622,10:52:55,9.22,113409,123,卖盘
1623,10:52:58,9.22,113411,123,卖盘
1624,10:53:01,9.22,179916,195,卖盘
1625,10:53:04,9.22,130086,141,卖盘
1626,10:53:07,9.22,545916,592,卖盘
1627,10:53:10,9.22,174382,189,卖盘
1628,10:53:13,9.22,25816,28,卖盘
1629,10:53:16,9.23,21221,23,买盘
1630,10:53:19,9.22,386318,419,卖盘
1631,10:53:22,9.22,118938,129,卖盘
1632,10:53:25,9.22,516372,560,卖盘
1633,10:53:28,9.22,102349,111,卖盘
1634,10:53:31,9.22,61774,67,卖盘
1635,10:53:34,9.22,41490,45,卖盘
1636,10:53:37,9.22,25816,28,卖盘
1637,10:53:40,9.22,114333,124,卖盘
1638,10:53:43,9.22,23974,26,卖盘
1639,10:53:46,9.22,146598,159,卖盘
1640,10:53:49,9.23,938174,1017,买盘
1641,10:53:52,9.22,8301,9,卖盘
1642,10:53:55,9.22,86760,94,卖盘
1643,10:53:58,9.22,9220,10,卖盘
1644,10:54:01,9.22,227734,247,卖盘
1645,10:54:04,9.23,923,1,买盘
1646,10:54:10,9.22,163258,177,卖盘
1647,10:54:13,9.23,563662,611,买盘
1648,10:54:16,9.23,18460,20,买盘
1649,10:54:22,9.22,46133,50,卖盘
1650,10:54:25,9.23,15679,17,买盘
1651,10:54:28,9.22,153069,166,卖盘
1652,10:54:31,9.22,31348,34,卖盘
1653,10:54:34,9.23,8302,9,买盘
1654,10:54:37,9.22,922,1,卖盘
1655,10:54:43,9.22,71070,77,卖盘
1656,10:54:46,9.22,12908,14,卖盘
1657,10:54:49,9.22,73826,80,卖盘
1658,10:54:52,9.23,927538,1006,买盘
1659,10:54:55,9.22,13835,15,卖盘
1660,10:54:58,9.22,14752,16,卖盘
1661,10:55:01,9.23,35980,39,买盘
1662,10:55:07,9.23,32295,35,买盘
1663,10:55:10,9.23,664977,721,买盘
1664,10:55:13,9.22,2766,3,卖盘
1665,10:55:16,9.22,922,1,卖盘
1666,10:55:19,9.22,47022,51,卖盘
1667,10:55:22,9.22,37802,41,卖盘
1668,10:55:25,9.22,563342,611,卖盘
1669,10:55:28,9.22,28582,31,卖盘
1670,10:55:31,9.22,12908,14,卖盘
1671,10:55:34,9.22,3688,4,卖盘
1672,10:55:40,9.22,569810,618,卖盘
1673,10:55:43,9.23,9230,10,买盘
1674,10:55:46,9.22,19362,21,卖盘
1675,10:55:49,9.22,1141737,1237,卖盘
1676,10:55:52,9.23,75666,82,买盘
1677,10:55:55,9.23,85839,93,买盘
1678,10:55:58,9.22,624194,677,卖盘
1679,10:56:01,9.23,79310,86,买盘
1680,10:56:04,9.22,28582,31,卖盘
1681,10:56:07,9.22,20284,22,卖盘
1682,10:56:10,9.22,32303,35,卖盘
1683,10:56:13,9.22,7376,8,卖盘
1684,10:56:16,9.22,49810,54,卖盘
1685,10:56:19,9.23,11994,13,买盘
1686,10:56:22,9.23,25826,28,买盘
1687,10:56:25,9.23,3692,4,买盘
1688,10:56:28,9.22,74706,81,卖盘
1689,10:56:31,9.23,27685,30,买盘
1690,10:56:34,9.23,34151,37,买盘
1691,10:56:37,9.23,33228,36,买盘
1692,10:56:40,9.22,140204,152,卖盘
1693,10:56:43,9.23,369757,401,买盘
1694,10:56:46,9.22,23070,25,卖盘
1695,10:56:49,9.22,7376,8,卖盘
1696,10:56:55,9.22,922,1,卖盘
1697,10:56:58,9.22,101522,110,卖盘
1698,10:57:01,9.22,45209,49,卖盘
1699,10:57:07,9.22,36880,40,卖盘
1700,10:57:10,9.22,922,1,卖盘
1701,10:57:13,9.22,96815,105,卖盘
1702,10:57:16,9.22,553200,600,卖盘
1703,10:57:19,9.23,690371,748,买盘
1704,10:57:22,9.23,194553,211,买盘
1705,10:57:25,9.22,40588,44,卖盘
1706,10:57:28,9.22,110700,120,卖盘
1707,10:57:31,9.23,33197,36,买盘
1708,10:57:34,9.22,553200,600,卖盘
1709,10:57:37,9.23,121734,132,买盘
1710,10:57:40,9.22,76531,83,卖盘
1711,10:57:43,9.22,73760,80,卖盘
1712,10:57:46,9.23,78455,85,买盘
1713,10:57:49,9.22,135534,147,卖盘
1714,10:57:55,9.22,230700,250,卖盘
1715,10:57:58,9.22,571650,620,卖盘
1716,10:58:01,9.22,45182,49,卖盘
1717,10:58:04,9.23,11073,12,买盘
1718,10:58:07,9.23,35974,39,买盘
1719,10:58:10,9.22,59058,64,卖盘
1720,10:58:13,9.23,101527,110,买盘
1721,10:58:16,9.23,64569,70,买盘
1722,10:58:19,9.23,88589,96,买盘
1723,10:58:22,9.23,7384,8,买盘
1724,10:58:25,9.22,9226,10,卖盘
1725,10:58:28,9.23,88522,96,买盘
1726,10:58:31,9.23,316381,343,买盘
1727,10:58:34,9.22,604564,655,卖盘
1728,10:58:37,9.23,23075,25,买盘
1729,10:58:40,9.22,46100,50,卖盘
1730,10:58:43,9.22,49840,54,卖盘
1731,10:58:46,9.22,1101880,1195,卖盘
1732,10:58:49,9.23,694417,753,买盘
1733,10:58:52,9.23,10153,11,买盘
1734,10:58:55,9.23,79352,86,买盘
1735,10:58:58,9.23,23998,26,买盘
1736,10:59:01,9.23,9040290,9805,买盘
1737,10:59:04,9.22,105110,114,卖盘
1738,10:59:07,9.23,29509,32,买盘
1739,10:59:10,9.22,1444781,1567,卖盘
1740,10:59:13,9.22,199155,216,卖盘
1741,10:59:16,9.23,12913,14,买盘
1742,10:59:19,9.22,32270,35,卖盘
1743,10:59:22,9.23,47031,51,买盘
1744,10:59:25,9.23,15691,17,买盘
1745,10:59:28,9.22,305182,331,卖盘
1746,10:59:31,9.22,584565,634,卖盘
1747,10:59:34,9.22,119063,129,卖盘
1748,10:59:37,9.22,307026,333,卖盘
1749,10:59:40,9.22,18440,20,卖盘
1750,10:59:43,9.23,8307,9,买盘
1751,10:59:46,9.22,10142,11,卖盘
1752,10:59:49,9.22,19363,21,卖盘
1753,10:59:52,9.22,605754,657,卖盘
1754,10:59:55,9.23,19363,21,买盘
1755,10:59:58,9.22,13830,15,卖盘
1756,11:00:01,9.22,82980,90,卖盘
1757,11:00:04,9.22,18440,20,卖盘
1758,11:00:07,9.22,601149,652,卖盘
1759,11:00:10,9.22,7376,8,卖盘
1760,11:00:13,9.23,501189,543,买盘
1761,11:00:16,9.22,3688,4,卖盘
1762,11:00:22,9.22,114428,124,卖盘
1763,11:00:25,9.22,613135,665,卖盘
1764,11:00:28,9.23,70093,76,买盘
1765,11:00:34,9.22,18440,20,卖盘
1766,11:00:37,9.22,114338,124,卖盘
1767,11:00:40,9.23,13840,15,买盘
1768,11:00:43,9.23,947871,1028,买盘
1769,11:00:46,9.22,11987,13,卖盘
1770,11:00:49,9.23,94096,102,买盘
1771,11:00:52,9.22,128268,139,卖盘
1772,11:00:55,9.22,40568,44,卖盘
1773,11:00:58,9.22,899012,975,卖盘
1774,11:01:01,9.22,16596,18,卖盘
1775,11:01:04,9.23,7384,8,买盘
1776,11:01:07,9.22,27660,30,卖盘
1777,11:01:10,9.22,33198,36,卖盘
1778,11:01:16,9.22,10142,11,卖盘
1779,11:01:19,9.22,971938,1054,卖盘
1780,11:01:22,9.22,3320162,3601,卖盘
1781,11:01:25,9.22,309792,336,卖盘
1782,11:01:28,9.22,113406,123,卖盘
1783,11:01:31,9.22,230500,250,卖盘
1784,11:01:34,9.22,27660,30,卖盘
1785,11:01:37,9.22,582843,632,卖盘
1786,11:01:40,9.22,1716764,1862,卖盘
1787,11:01:43,9.22,81146,88,卖盘
1788,11:01:46,9.23,143874,156,买盘
1789,11:01:49,9.23,8305,9,买盘
1790,11:01:52,9.22,101430,110,卖盘
1791,11:01:55,9.23,59013,64,买盘
1792,11:01:58,9.22,23070,25,卖盘
1793,11:02:01,9.22,27660,30,卖盘
1794,11:02:04,9.22,40568,44,卖盘
1795,11:02:07,9.23,114437,124,买盘
1796,11:02:10,9.23,4615,5,买盘
1797,11:02:16,9.22,21212,23,卖盘
1798,11:02:19,9.23,16607,18,买盘
1799,11:02:22,9.22,10142,11,卖盘
1800,11:02:25,9.23,65503,71,买盘
1801,11:02:28,9.22,93122,101,卖盘
1802,11:02:31,9.22,15674,17,卖盘
1803,11:02:34,9.22,1844,2,卖盘
1804,11:02:40,9.23,5534,6,买盘
1805,11:02:43,9.22,97732,106,卖盘
1806,11:02:46,9.22,141989,154,卖盘
1807,11:02:49,9.22,15690,17,卖盘
1808,11:02:55,9.22,43334,47,卖盘
1809,11:02:58,9.22,106954,116,卖盘
1810,11:03:01,9.22,15674,17,卖盘
1811,11:03:04,9.23,119990,130,买盘
1812,11:03:07,9.22,76526,83,卖盘
1813,11:03:10,9.23,1846,2,买盘
1814,11:03:13,9.23,923,1,买盘
1815,11:03:16,9.23,9230,10,买盘
1816,11:03:19,9.22,6454,7,卖盘
1817,11:03:22,9.22,50710,55,卖盘
1818,11:03:25,9.22,36880,40,卖盘
1819,11:03:28,9.22,24894,27,卖盘
1820,11:03:31,9.22,83909,91,卖盘
1821,11:03:34,9.22,126314,137,卖盘
1822,11:03:37,9.22,9220,10,卖盘
1823,11:03:40,9.23,5538,6,买盘
1824,11:03:43,9.23,18460,20,买盘
1825,11:03:46,9.22,74682,81,卖盘
1826,11:03:49,9.22,244344,265,卖盘
1827,11:03:55,9.22,72838,79,卖盘
1828,11:03:58,9.23,9225,10,买盘
1829,11:04:01,9.22,158584,172,卖盘
1830,11:04:07,9.22,29504,32,卖盘
1831,11:04:10,9.22,39646,43,卖盘
1832,11:04:16,9.22,35036,38,卖盘
1833,11:04:19,9.22,259085,281,卖盘
1834,11:04:22,9.22,44256,48,卖盘
1835,11:04:25,9.22,201918,219,卖盘
1836,11:04:28,9.22,92200,100,卖盘
1837,11:04:31,9.22,35958,39,卖盘
1838,11:04:34,9.22,39646,43,卖盘
1839,11:04:37,9.23,138310,150,买盘
1840,11:04:40,9.22,47022,51,卖盘
1841,11:04:43,9.22,76526,83,卖盘
1842,11:04:46,9.23,61804,67,买盘
1843,11:04:49,9.22,74687,81,卖盘
1844,11:04:52,9.22,10142,11,卖盘
1845,11:04:55,9.22,32272,35,卖盘
1846,11:05:01,9.22,76554,83,卖盘
1847,11:05:04,9.22,27660,30,卖盘
1848,11:05:07,9.22,34114,37,卖盘
1849,11:05:10,9.22,124496,135,卖盘
1850,11:05:13,9.23,9222,10,买盘
1851,11:05:16,9.22,27660,30,卖盘
1852,11:05:19,9.23,1846,2,买盘
1853,11:05:22,9.22,45178,49,卖盘
1854,11:05:25,9.22,44256,48,卖盘
1855,11:05:28,9.22,22617,25,卖盘
1856,11:05:31,9.23,45184,49,买盘
1857,11:05:34,9.22,55320,60,卖盘
1858,11:05:37,9.22,285820,310,卖盘
1859,11:05:40,9.22,87590,95,卖盘
1860,11:05:43,9.22,19362,21,卖盘
1861,11:05:46,9.22,70079,76,卖盘
1862,11:05:49,9.22,34119,37,卖盘
1863,11:05:52,9.23,85802,93,买盘
1864,11:05:55,9.22,33192,36,卖盘
1865,11:05:58,9.22,70072,76,卖盘
1866,11:06:01,9.22,91328,99,卖盘
1867,11:06:04,9.22,29504,32,卖盘
1868,11:06:07,9.23,43339,47,买盘
1869,11:06:10,9.23,24919,27,买盘
1870,11:06:13,9.23,48873,53,买盘
1871,11:06:16,9.22,170687,185,卖盘
1872,11:06:19,9.22,14758,16,卖盘
1873,11:06:22,9.23,92241,100,买盘
1874,11:06:25,9.22,49795,54,卖盘
1875,11:06:28,9.23,75628,82,买盘
1876,11:06:31,9.22,64540,70,卖盘
1877,11:06:34,9.22,922,1,卖盘
1878,11:06:37,9.22,43335,47,卖盘
1879,11:06:40,9.22,11064,12,卖盘
1880,11:06:43,9.22,9220,10,卖盘
1881,11:06:46,9.22,18440,20,卖盘
1882,11:06:49,9.22,63618,69,卖盘
1883,11:06:52,9.22,94970,103,卖盘
1884,11:06:55,9.22,45184,49,卖盘
1885,11:07:01,9.22,62696,68,卖盘
1886,11:07:04,9.22,117094,127,卖盘
1887,11:07:07,9.23,47994,52,买盘
1888,11:07:10,9.22,7379,8,卖盘
1889,11:07:13,9.22,189932,206,卖盘
1890,11:07:16,9.23,28588,31,买盘
1891,11:07:19,9.22,74682,81,卖盘
1892,11:07:22,9.22,13830,15,卖盘
1893,11:07:25,9.23,2769,3,买盘
1894,11:07:28,9.22,78370,85,卖盘
1895,11:07:31,9.22,44258,48,卖盘
1896,11:07:37,9.23,26739,29,买盘
1897,11:07:40,9.22,70994,77,卖盘
1898,11:07:43,9.23,13840,15,买盘
1899,11:07:46,9.22,183646,199,卖盘
1900,11:07:49,9.22,76550,83,卖盘
1901,11:07:52,9.22,36880,40,卖盘
1902,11:07:58,9.22,33192,36,卖盘
1903,11:08:01,9.22,84824,92,卖盘
1904,11:08:04,9.22,11992,13,卖盘
1905,11:08:07,9.22,25816,28,卖盘
1906,11:08:10,9.22,42413,46,卖盘
1907,11:08:13,9.22,10144,11,卖盘
1908,11:08:16,9.23,45183,49,买盘
1909,11:08:19,9.22,53476,58,卖盘
1910,11:08:22,9.22,922,1,卖盘
1911,11:08:25,9.23,93152,101,买盘
1912,11:08:31,9.23,92254,100,买盘
1913,11:08:34,9.22,34114,37,卖盘
1914,11:08:37,9.22,103264,112,卖盘
1915,11:08:40,9.22,70999,77,卖盘
1916,11:08:43,9.22,33192,36,卖盘
1917,11:08:49,9.22,61774,67,卖盘
1918,11:08:52,9.22,44280,48,卖盘
1919,11:08:55,9.23,92300,100,买盘
1920,11:08:58,9.22,32270,35,卖盘
1921,11:09:01,9.22,21206,23,卖盘
1922,11:09:04,9.22,4610,5,卖盘
1923,11:09:07,9.22,5532,6,卖盘
1924,11:09:10,9.22,77449,84,卖盘
1925,11:09:13,9.22,80214,87,卖盘
1926,11:09:16,9.22,326388,354,卖盘
1927,11:09:19,9.22,59010,64,卖盘
1928,11:09:22,9.22,80214,87,卖盘
1929,11:09:25,9.22,82981,90,卖盘
1930,11:09:31,9.22,215748,234,卖盘
1931,11:09:34,9.22,81136,88,卖盘
1932,11:09:40,9.22,224046,243,卖盘
1933,11:09:43,9.22,32270,35,卖盘
1934,11:09:46,9.22,139272,151,卖盘
1935,11:09:49,9.22,47994,52,卖盘
1936,11:09:52,9.22,46100,50,卖盘
1937,11:09:55,9.22,71916,78,卖盘
1938,11:10:01,9.22,125425,136,卖盘
1939,11:10:04,9.22,22131,24,卖盘
1940,11:10:07,9.22,21217,23,卖盘
1941,11:10:10,9.22,76528,83,卖盘
1942,11:10:13,9.22,15674,17,卖盘
1943,11:10:16,9.22,49788,54,卖盘
1944,11:10:22,9.22,22133,24,卖盘
1945,11:10:25,9.23,84826,92,买盘
1946,11:10:28,9.22,109718,119,卖盘
1947,11:10:31,9.23,29536,32,买盘
1948,11:10:34,9.23,4615,5,买盘
1949,11:10:37,9.22,16596,18,卖盘
1950,11:10:43,9.23,33224,36,买盘
1951,11:10:46,9.22,29512,32,卖盘
1952,11:10:49,9.22,15674,17,卖盘
1953,11:10:52,9.23,76533,83,买盘
1954,11:10:55,9.23,77531,84,买盘
1955,11:10:58,9.22,129080,140,卖盘
1956,11:11:01,9.22,69163,75,卖盘
1957,11:11:04,9.22,1844,2,卖盘
1958,11:11:07,9.22,49792,54,卖盘
1959,11:11:10,9.22,116179,126,卖盘
1960,11:11:13,9.23,115261,125,买盘
1961,11:11:16,9.23,38727,42,买盘
1962,11:11:19,9.22,51632,56,卖盘
1963,11:11:22,9.22,21206,23,卖盘
1964,11:11:25,9.23,37803,41,买盘
1965,11:11:28,9.22,72838,79,卖盘
1966,11:11:31,9.22,5532,6,卖盘
1967,11:11:34,9.22,82058,89,卖盘
1968,11:11:37,9.22,131867,143,卖盘
1969,11:11:40,9.23,923,1,买盘
1970,11:11:43,9.22,105120,114,卖盘
1971,11:11:46,9.22,107063,116,卖盘
1972,11:11:49,9.22,76526,83,卖盘
1973,11:11:52,9.23,4611,5,买盘
1974,11:11:55,9.22,98677,107,卖盘
1975,11:11:58,9.23,2769,3,买盘
1976,11:12:01,9.22,29505,32,卖盘
1977,11:12:04,9.22,9220,10,卖盘
1978,11:12:07,9.23,5538,6,买盘
1979,11:12:13,9.22,25818,28,卖盘
1980,11:12:16,9.22,34115,37,卖盘
1981,11:12:19,9.23,32275,35,买盘
1982,11:12:25,9.22,25818,28,卖盘
1983,11:12:28,9.23,1845,2,买盘
1984,11:12:31,9.22,77458,84,卖盘
1985,11:12:37,9.22,224209,243,卖盘
1986,11:12:40,9.22,35036,38,卖盘
1987,11:12:43,9.22,12915,14,卖盘
1988,11:12:46,9.23,46104,50,买盘
1989,11:12:49,9.22,967181,1049,卖盘
1990,11:12:52,9.23,17536,19,买盘
1991,11:12:55,9.23,47968,52,买盘
1992,11:12:58,9.22,44256,48,卖盘
1993,11:13:01,9.22,20284,22,卖盘
1994,11:13:04,9.23,1846,2,买盘
1995,11:13:07,9.22,190039,206,卖盘
1996,11:13:13,9.23,83903,91,买盘
1997,11:13:16,9.22,11986,13,卖盘
1998,11:13:19,9.23,48876,53,买盘
1999,11:13:22,9.23,57166,62,买盘
2000,11:13:25,9.22,59008,64,卖盘
2001,11:13:28,9.23,59934,65,买盘
2002,11:13:31,9.22,39646,43,卖盘
2003,11:13:34,9.23,11066,12,买盘
2004,11:13:37,9.22,42415,46,卖盘
2005,11:13:43,9.22,60852,66,卖盘
2006,11:13:46,9.23,10152,11,买盘
2007,11:13:49,9.23,45184,49,买盘
2008,11:13:52,9.22,130057,141,卖盘
2009,11:13:55,9.23,201042,218,买盘
2010,11:13:58,9.22,43340,47,卖盘
2011,11:14:04,9.22,577225,626,卖盘
2012,11:14:07,9.22,28589,31,卖盘
2013,11:14:10,9.23,4615,5,买盘
2014,11:14:13,9.23,35959,39,买盘
2015,11:14:16,9.22,1844,2,卖盘
2016,11:14:19,9.22,74688,81,卖盘
2017,11:14:22,9.22,73760,80,卖盘
2018,11:14:25,9.23,9224,10,买盘
2019,11:14:31,9.22,124470,135,卖盘
2020,11:14:34,9.22,102342,111,卖盘
2021,11:14:37,9.22,101452,110,卖盘
2022,11:14:40,9.23,36895,40,买盘
2023,11:14:43,9.22,47944,52,卖盘
2024,11:14:46,9.22,136457,148,卖盘
2025,11:14:49,9.23,38738,42,买盘
2026,11:14:52,9.22,220587,239,卖盘
2027,11:14:55,9.22,46100,50,卖盘
2028,11:14:58,9.22,36880,40,卖盘
2029,11:15:01,9.22,15674,17,卖盘
2030,11:15:04,9.22,59008,64,卖盘
2031,11:15:07,9.23,54403,59,买盘
2032,11:15:10,9.23,18449,20,买盘
2033,11:15:16,9.22,71916,78,卖盘
2034,11:15:19,9.23,41493,45,买盘
2035,11:15:22,9.23,60896,66,买盘
2036,11:15:25,9.23,35960,39,买盘
2037,11:15:28,9.23,119031,129,买盘
2038,11:15:31,9.22,43339,47,卖盘
2039,11:15:34,9.23,11076,12,买盘
2040,11:15:37,9.22,79297,86,卖盘
2041,11:15:40,9.22,55325,60,卖盘
2042,11:15:46,9.22,33192,36,卖盘
2043,11:15:49,9.22,46111,50,卖盘
2044,11:15:52,9.23,10153,11,买盘
2045,11:15:55,9.23,74718,81,买盘
2046,11:15:58,9.22,40573,44,卖盘
2047,11:16:01,9.22,79305,86,卖盘
2048,11:16:04,9.23,41494,45,买盘
2049,11:16:07,9.22,276600,300,卖盘
2050,11:16:10,9.23,160572,174,买盘
2051,11:16:13,9.22,44256,48,卖盘
2052,11:16:16,9.22,44267,48,卖盘
2053,11:16:19,9.22,89514,97,卖盘
2054,11:16:22,9.23,32271,35,买盘
2055,11:16:25,9.22,922,1,卖盘
2056,11:16:28,9.22,113416,123,卖盘
2057,11:16:31,9.22,61774,67,卖盘
2058,11:16:34,9.23,44284,48,买盘
2059,11:16:37,9.22,92200,100,卖盘
2060,11:16:40,9.22,40570,44,卖盘
2061,11:16:43,9.22,19372,21,卖盘
2062,11:16:46,9.22,22128,24,卖盘
2063,11:16:49,9.22,72838,79,卖盘
2064,11:16:52,9.22,66390,72,卖盘
2065,11:16:55,9.22,24895,27,卖盘
2066,11:16:58,9.22,20284,22,卖盘
2067,11:17:01,9.22,150286,163,卖盘
2068,11:17:04,9.23,27690,30,买盘
2069,11:17:07,9.23,30436,33,买盘
2070,11:17:10,9.22,120884,131,卖盘
2071,11:17:13,9.23,923,1,买盘
2072,11:17:16,9.23,52584,57,买盘
2073,11:17:19,9.23,55340,60,买盘
2074,11:17:22,9.22,22129,24,卖盘
2075,11:17:25,9.22,33192,36,卖盘
2076,11:17:28,9.22,118016,128,卖盘
2077,11:17:31,9.22,37802,41,卖盘
2078,11:17:34,9.22,125514,136,卖盘
2079,11:17:37,9.23,49800,54,买盘
2080,11:17:40,9.22,44256,48,卖盘
2081,11:17:43,9.22,37802,41,卖盘
2082,11:17:46,9.22,147572,160,卖盘
2083,11:17:52,9.22,20284,22,卖盘
2084,11:17:55,9.22,1844,2,卖盘
2085,11:17:58,9.22,60862,66,卖盘
2086,11:18:01,9.22,35036,38,卖盘
2087,11:18:04,9.22,1530520,1660,卖盘
2088,11:18:07,9.22,161350,175,卖盘
2089,11:18:10,9.23,50717,55,买盘
2090,11:18:13,9.22,47944,52,卖盘
2091,11:18:16,9.22,27680,30,卖盘
2092,11:18:19,9.23,38728,42,买盘
2093,11:18:22,9.23,62746,68,买盘
2094,11:18:25,9.23,100500,109,买盘
2095,11:18:28,9.22,39653,43,卖盘
2096,11:18:31,9.23,21221,23,买盘
2097,11:18:34,9.22,55320,60,卖盘
2098,11:18:40,9.22,232344,252,卖盘
2099,11:18:43,9.22,71924,78,卖盘
2100,11:18:46,9.22,7378,8,卖盘
2101,11:18:49,9.23,40574,44,买盘
2102,11:18:52,9.22,78383,85,卖盘
2103,11:18:55,9.22,161353,175,卖盘
2104,11:19:01,9.22,49790,54,卖盘
2105,11:19:04,9.23,923,1,买盘
2106,11:19:07,9.22,35958,39,卖盘
2107,11:19:10,9.22,95027,103,卖盘
2108,11:19:13,9.22,62701,68,卖盘
2109,11:19:16,9.22,32271,35,卖盘
2110,11:19:19,9.22,26741,29,卖盘
2111,11:19:22,9.23,7384,8,买盘
2112,11:19:25,9.22,38726,42,卖盘
2113,11:19:28,9.23,286081,310,买盘
2114,11:19:31,9.22,78412,85,卖盘
2115,11:19:34,9.23,31351,34,买盘
2116,11:19:37,9.23,44261,48,买盘
2117,11:19:40,9.23,129169,140,买盘
2118,11:19:43,9.22,17518,19,卖盘
2119,11:19:46,9.22,121704,132,卖盘
2120,11:19:49,9.22,5537,6,卖盘
2121,11:19:52,9.22,44256,48,卖盘
2122,11:19:55,9.22,104273,113,卖盘
2123,11:19:58,9.23,86762,94,买盘
2124,11:20:01,9.22,86668,94,卖盘
2125,11:20:04,9.22,46100,50,卖盘
2126,11:20:07,9.23,35047,38,买盘
2127,11:20:10,9.23,248038,269,买盘
2128,11:20:13,9.23,923,1,买盘
2129,11:20:16,9.23,34122,37,买盘
2130,11:20:22,9.23,61780,67,买盘
2131,11:20:25,9.22,35036,38,卖盘
2132,11:20:28,9.22,161445,175,卖盘
2133,11:20:31,9.22,54428,59,卖盘
2134,11:20:34,9.23,64548,70,买盘
2135,11:20:37,9.22,47032,51,卖盘
2136,11:20:40,9.23,44304,48,买盘
2137,11:20:43,9.23,102343,111,买盘
2138,11:20:46,9.23,25817,28,买盘
2139,11:20:49,9.23,208571,226,买盘
2140,11:20:52,9.22,46100,50,卖盘
2141,11:20:55,9.22,427833,464,卖盘
2142,11:20:58,9.23,162448,176,买盘
2143,11:21:01,9.22,22134,24,卖盘
2144,11:21:04,9.22,69176,75,卖盘
2145,11:21:07,9.23,6461,7,买盘
2146,11:21:10,9.23,112495,122,买盘
2147,11:21:13,9.23,21226,23,买盘
2148,11:21:16,9.22,61777,67,卖盘
2149,11:21:22,9.23,74703,81,买盘
2150,11:21:25,9.22,114391,124,卖盘
2151,11:21:28,9.23,48894,53,买盘
2152,11:21:31,9.23,53481,58,买盘
2153,11:21:34,9.22,123548,134,卖盘
2154,11:21:37,9.22,54419,59,卖盘
2155,11:21:40,9.22,59931,65,卖盘
2156,11:21:43,9.22,17518,19,卖盘
2157,11:21:46,9.22,44256,48,卖盘
2158,11:21:49,9.23,923,1,买盘
2159,11:21:52,9.23,60863,66,买盘
2160,11:21:55,9.22,69151,75,卖盘
2161,11:21:58,9.22,42412,46,卖盘
2162,11:22:01,9.23,91328,99,买盘
2163,11:22:04,9.22,401503,435,卖盘
2164,11:22:07,9.23,35962,39,买盘
2165,11:22:10,9.22,69176,75,卖盘
2166,11:22:13,9.23,326523,354,买盘
2167,11:22:16,9.22,65462,71,卖盘
2168,11:22:19,9.22,145681,158,卖盘
2169,11:22:22,9.22,47946,52,卖盘
2170,11:22:25,9.23,31351,34,买盘
2171,11:22:28,9.23,48918,53,买盘
2172,11:22:31,9.22,28582,31,卖盘
2173,11:22:34,9.22,18449,20,卖盘
2174,11:22:37,9.22,29504,32,卖盘
2175,11:22:40,9.22,95890,104,卖盘
2176,11:22:43,9.22,44256,48,卖盘
2177,11:22:46,9.22,59008,64,卖盘
2178,11:22:49,9.22,141135,153,卖盘
2179,11:22:52,9.22,42412,46,卖盘
2180,11:22:55,9.23,4615,5,买盘
2181,11:22:58,9.23,79348,86,买盘
2182,11:23:01,9.22,18441,20,卖盘
2183,11:23:04,9.23,9230,10,买盘
2184,11:23:07,9.23,67326,73,买盘
2185,11:23:10,9.22,70999,77,卖盘
2186,11:23:13,9.22,134633,146,卖盘
2187,11:23:16,9.23,113511,123,买盘
2188,11:23:19,9.22,196407,213,卖盘
2189,11:23:25,9.22,59019,64,卖盘
2190,11:23:28,9.22,12908,14,卖盘
2191,11:23:31,9.22,61774,67,卖盘
2192,11:23:34,9.22,16596,18,卖盘
2193,11:23:37,9.22,77457,84,卖盘
2194,11:23:40,9.22,183557,199,卖盘
2195,11:23:43,9.23,9221,10,买盘
2196,11:23:46,9.22,262869,285,卖盘
2197,11:23:49,9.23,184600,200,买盘
2198,11:23:52,9.22,130002,141,卖盘
2199,11:23:55,9.22,61790,67,卖盘
2200,11:23:58,9.22,14752,16,卖盘
2201,11:24:01,9.22,76528,83,卖盘
2202,11:24:04,9.22,154912,168,卖盘
2203,11:24:07,9.23,573491,622,买盘
2204,11:24:10,9.22,28583,31,卖盘
2205,11:24:13,9.23,4615,5,买盘
2206,11:24:16,9.22,40581,44,卖盘
2207,11:24:19,9.22,11998,13,卖盘
2208,11:24:22,9.23,29506,32,买盘
2209,11:24:25,9.22,25816,28,卖盘
2210,11:24:28,9.23,6461,7,买盘
2211,11:24:31,9.22,74692,81,卖盘
2212,11:24:34,9.23,83963,91,买盘
2213,11:24:37,9.23,35043,38,买盘
2214,11:24:40,9.22,28583,31,卖盘
2215,11:24:43,9.23,923,1,买盘
2216,11:24:46,9.23,65505,71,买盘
2217,11:24:49,9.22,94060,102,卖盘
2218,11:24:52,9.22,140144,152,卖盘
2219,11:24:55,9.23,1102713,1196,买盘
2220,11:24:58,9.23,10153,11,买盘
2221,11:25:01,9.23,59014,64,买盘
2222,11:25:04,9.22,62696,68,卖盘
2223,11:25:07,9.22,19363,21,卖盘
2224,11:25:10,9.22,49793,54,卖盘
2225,11:25:13,9.23,9229,10,买盘
2226,11:25:16,9.23,137488,149,买盘
2227,11:25:19,9.23,57187,62,买盘
2228,11:25:22,9.22,53512,58,卖盘
2229,11:25:25,9.22,222394,241,卖盘
2230,11:25:31,9.22,59936,65,卖盘
2231,11:25:34,9.23,86683,94,买盘
2232,11:25:37,9.22,24905,27,卖盘
2233,11:25:40,9.22,50710,55,卖盘
2234,11:25:43,9.22,5533,6,卖盘
2235,11:25:46,9.22,38724,42,卖盘
2236,11:25:49,9.22,697954,757,卖盘
2237,11:25:52,9.23,23998,26,买盘
2238,11:25:55,9.22,58090,63,卖盘
2239,11:25:58,9.22,51632,56,卖盘
2240,11:26:01,9.22,83906,91,卖盘
2241,11:26:04,9.22,195464,212,卖盘
2242,11:26:07,9.23,113474,123,买盘
2243,11:26:10,9.22,50710,55,卖盘
2244,11:26:13,9.22,4610,5,卖盘
2245,11:26:16,9.23,116191,126,买盘
2246,11:26:19,9.22,54399,59,卖盘
2247,11:26:22,9.22,164125,178,卖盘
2248,11:26:25,9.22,210384,228,卖盘
2249,11:26:28,9.23,42429,46,买盘
2250,11:26:31,9.22,64540,70,卖盘
2251,11:26:34,9.23,22151,24,买盘
2252,11:26:37,9.23,98681,107,买盘
2253,11:26:40,9.22,48866,53,卖盘
2254,11:26:43,9.22,5532,6,卖盘
2255,11:26:46,9.22,808594,877,卖盘
2256,11:26:49,9.22,102342,111,卖盘
2257,11:26:52,9.23,54402,59,买盘
2258,11:26:55,9.22,51632,56,卖盘
2259,11:26:58,9.22,46100,50,卖盘
2260,11:27:04,9.22,632492,686,卖盘
2261,11:27:07,9.22,11064,12,卖盘
2262,11:27:10,9.22,14762,16,卖盘
2263,11:27:13,9.22,5532,6,卖盘
2264,11:27:16,9.22,173339,188,卖盘
2265,11:27:19,9.22,7376,8,卖盘
2266,11:27:22,9.23,6461,7,买盘
2267,11:27:25,9.22,33192,36,卖盘
2268,11:27:28,9.22,13830,15,卖盘
2269,11:27:31,9.23,23973,26,买盘
2270,11:27:34,9.22,4610,5,卖盘
2271,11:27:37,9.22,20304,22,卖盘
2272,11:27:40,9.22,160428,174,卖盘
2273,11:27:43,9.22,4610,5,卖盘
2274,11:27:46,9.22,655542,711,卖盘
2275,11:27:49,9.22,922,1,卖盘
2276,11:27:52,9.22,18440,20,卖盘
2277,11:27:55,9.22,137508,149,卖盘
2278,11:27:58,9.22,13830,15,卖盘
2279,11:28:01,9.22,118026,128,卖盘
2280,11:28:04,9.22,31348,34,卖盘
2281,11:28:07,9.22,922,1,卖盘
2282,11:28:10,9.22,9220,10,卖盘
2283,11:28:13,9.23,47988,52,买盘
2284,11:28:16,9.22,502490,545,卖盘
2285,11:28:19,9.22,40568,44,卖盘
2286,11:28:22,9.22,10142,11,卖盘
2287,11:28:25,9.22,69150,75,卖盘
2288,11:28:28,9.23,5538,6,买盘
2289,11:28:31,9.22,13830,15,卖盘
2290,11:28:34,9.22,28582,31,卖盘
2291,11:28:37,9.22,23972,26,卖盘
2292,11:28:40,9.22,6460,7,卖盘
2293,11:28:43,9.22,21206,23,卖盘
2294,11:28:46,9.22,10142,11,卖盘
2295,11:28:49,9.22,50710,55,卖盘
2296,11:28:52,9.22,400149,434,卖盘
2297,11:28:55,9.23,73766,80,买盘
2298,11:29:01,9.22,13830,15,卖盘
2299,11:29:04,9.23,1846,2,买盘
2300,11:29:16,9.23,12922,14,买盘
2301,11:29:19,9.22,5532,6,卖盘
2302,11:29:22,9.22,8304,9,卖盘
2303,11:29:28,9.23,92232,100,买盘
2304,11:29:34,9.22,38724,42,卖盘
2305,11:29:43,9.22,37838,41,卖盘
2306,11:29:46,9.22,33192,36,卖盘
2307,11:29:49,9.23,23979,26,买盘
2308,11:29:55,9.23,4615,5,买盘
2309,11:30:01,9.22,20284,22,卖盘
2310,13:00:01,9.23,923,1,买盘
2311,13:00:04,9.22,975283,1057,卖盘
2312,13:00:07,9.22,1030094,1117,卖盘
2313,13:00:10,9.22,2109514,2287,卖盘
2314,13:00:13,9.22,81154,88,卖盘
2315,13:00:19,9.22,112592,122,卖盘
2316,13:00:22,9.23,30458,33,买盘
2317,13:00:25,9.23,11999,13,买盘
2318,13:00:28,9.23,49839,54,买盘
2319,13:00:31,9.23,75686,82,买盘
2320,13:00:34,9.23,29526,32,买盘
2321,13:00:43,9.22,698900,758,卖盘
2322,13:00:46,9.23,143988,156,买盘
2323,13:00:49,9.22,10142,11,卖盘
2324,13:00:52,9.22,13830,15,卖盘
2325,13:01:01,9.23,36915,40,买盘
2326,13:01:07,9.22,15674,17,卖盘
2327,13:01:10,9.23,46150,50,买盘
2328,13:01:13,9.22,27665,30,卖盘
2329,13:01:16,9.22,1844,2,卖盘
2330,13:01:19,9.22,67306,73,卖盘
2331,13:01:22,9.22,24920,27,卖盘
2332,13:01:25,9.22,26738,29,卖盘
2333,13:01:28,9.22,9220,10,卖盘
2334,13:01:31,9.22,10148,11,卖盘
2335,13:01:34,9.22,41495,45,卖盘
2336,13:01:37,9.23,36920,40,买盘
2337,13:01:43,9.23,3346778,3626,买盘
2338,13:01:46,9.23,50773,55,卖盘
2339,13:01:49,9.23,19383,21,卖盘
2340,13:01:52,9.23,47996,52,卖盘
2341,13:01:55,9.23,70148,76,卖盘
2342,13:01:58,9.23,38778,42,卖盘
2343,13:02:01,9.24,5544,6,买盘
2344,13:02:04,9.23,230761,250,卖盘
2345,13:02:07,9.24,7392,8,买盘
2346,13:02:16,9.23,25844,28,卖盘
2347,13:02:19,9.23,263055,285,卖盘
2348,13:02:22,9.24,44352,48,买盘
2349,13:02:25,9.23,78515,85,卖盘
2350,13:02:28,9.23,21229,23,卖盘
2351,13:02:31,9.23,96915,105,卖盘
2352,13:02:34,9.23,923,1,卖盘
2353,13:02:37,9.23,48919,53,卖盘
2354,13:02:46,9.23,262153,284,卖盘
2355,13:02:49,9.23,785724,851,卖盘
2356,13:02:52,9.23,12922,14,卖盘
2357,13:02:55,9.23,10153,11,卖盘
2358,13:02:58,9.23,36920,40,卖盘
2359,13:03:01,9.23,225399,244,卖盘
2360,13:03:04,9.23,7384,8,卖盘
2361,13:03:07,9.23,46150,50,卖盘
2362,13:03:10,9.24,29556,32,买盘
2363,13:03:13,9.23,6461,7,卖盘
2364,13:03:16,9.23,11999,13,卖盘
2365,13:03:22,9.23,923,1,卖盘
2366,13:03:25,9.23,18460,20,卖盘
2367,13:03:28,9.24,4616,5,买盘
2368,13:03:31,9.24,19393,21,买盘
2369,13:03:37,9.23,54457,59,卖盘
2370,13:03:43,9.23,3694,4,卖盘
2371,13:03:46,9.23,104329,113,卖盘
2372,13:03:49,9.23,265876,288,卖盘
2373,13:03:52,9.23,9230,10,卖盘
2374,13:03:55,9.23,7384,8,卖盘
2375,13:04:01,9.23,10153,11,卖盘
2376,13:04:04,9.23,259413,281,卖盘
2377,13:04:07,9.23,41535,45,卖盘
2378,13:04:10,9.23,51693,56,卖盘
2379,13:04:19,9.23,923,1,卖盘
2380,13:04:22,9.24,92400,100,买盘
2381,13:04:25,9.24,8316,9,买盘
2382,13:04:31,9.23,923,1,卖盘
2383,13:04:34,9.24,121936,132,买盘
2384,13:04:37,9.23,16614,18,卖盘
2385,13:04:40,9.23,9230,10,卖盘
2386,13:04:43,9.24,4620,5,买盘
2387,13:04:46,9.23,35075,38,卖盘
2388,13:04:49,9.24,28644,31,买盘
2389,13:04:52,9.23,55380,60,卖盘
2390,13:04:58,9.24,19386,21,买盘
2391,13:05:01,9.24,4620,5,买盘
2392,13:05:04,9.23,19383,21,卖盘
2393,13:05:07,9.23,24003,26,卖盘
2394,13:05:10,9.23,14768,16,卖盘
2395,13:05:13,9.23,28613,31,卖盘
2396,13:05:19,9.23,220597,239,卖盘
2397,13:05:22,9.23,144028,156,卖盘
2398,13:05:28,9.24,2772,3,买盘
2399,13:05:31,9.23,100715,109,卖盘
2400,13:05:34,9.23,104349,113,卖盘
2401,13:05:37,9.23,33228,36,卖盘
2402,13:05:40,9.23,19383,21,卖盘
2403,13:05:43,9.23,27690,30,卖盘
2404,13:05:46,9.24,7392,8,买盘
2405,13:05:52,9.24,36003,39,买盘
2406,13:05:55,9.24,5544,6,买盘
2407,13:05:58,9.23,25844,28,卖盘
2408,13:06:01,9.23,48945,53,卖盘
2409,13:06:04,9.23,16614,18,卖盘
2410,13:06:07,9.24,262185,284,买盘
2411,13:06:13,9.23,23075,25,卖盘
2412,13:06:16,9.23,68346,74,卖盘
2413,13:06:19,9.23,923,1,卖盘
2414,13:06:22,9.24,59103,64,买盘
2415,13:06:28,9.23,101534,110,卖盘
2416,13:06:31,9.23,34151,37,卖盘
2417,13:06:34,9.23,28625,31,卖盘
2418,13:06:37,9.23,41535,45,卖盘
2419,13:06:43,9.24,44308,48,买盘
2420,13:06:46,9.23,32305,35,卖盘
2421,13:06:49,9.23,46150,50,卖盘
2422,13:06:52,9.23,72014,78,卖盘
2423,13:06:58,9.24,30465,33,买盘
2424,13:07:01,9.23,41537,45,卖盘
2425,13:07:07,9.23,28616,31,卖盘
2426,13:07:10,9.23,37843,41,卖盘
2427,13:07:13,9.23,27690,30,卖盘
2428,13:07:16,9.23,31383,34,卖盘
2429,13:07:19,9.23,4615,5,卖盘
2430,13:07:22,9.23,36930,40,卖盘
2431,13:07:25,9.23,16614,18,卖盘
2432,13:07:28,9.23,50789,55,卖盘
2433,13:07:31,9.23,38771,42,卖盘
2434,13:07:34,9.23,62764,68,卖盘
2435,13:07:37,9.23,923,1,卖盘
2436,13:07:40,9.23,26778,29,卖盘
2437,13:07:46,9.24,19385,21,买盘
2438,13:07:49,9.23,35997,39,卖盘
2439,13:07:52,9.23,299985,325,卖盘
2440,13:07:55,9.23,19384,21,卖盘
2441,13:08:01,9.23,46160,50,卖盘
2442,13:08:04,9.23,17539,19,卖盘
2443,13:08:07,9.23,39689,43,卖盘
2444,13:08:13,9.23,117227,127,卖盘
2445,13:08:16,9.24,37856,41,买盘
2446,13:08:19,9.23,183699,199,卖盘
2447,13:08:22,9.23,109000,118,卖盘
2448,13:08:25,9.23,28613,31,卖盘
2449,13:08:28,9.24,29568,32,买盘
2450,13:08:31,9.23,52611,57,卖盘
2451,13:08:34,9.24,5544,6,买盘
2452,13:08:40,9.23,24921,27,卖盘
2453,13:08:46,9.23,17537,19,卖盘
2454,13:08:49,9.23,18460,20,卖盘
2455,13:08:52,9.23,32305,35,卖盘
2456,13:08:55,9.23,15691,17,卖盘
2457,13:08:58,9.23,11076,12,卖盘
2458,13:09:01,9.23,194946,211,卖盘
2459,13:09:04,9.23,78455,85,卖盘
2460,13:09:07,9.23,110760,120,卖盘
2461,13:09:10,9.23,527070,571,卖盘
2462,13:09:13,9.23,2744081,2973,卖盘
2463,13:09:16,9.23,558414,605,买盘
2464,13:09:19,9.23,155015,168,卖盘
2465,13:09:22,9.23,77533,84,卖盘
2466,13:09:25,9.23,7384,8,卖盘
2467,13:09:31,9.23,318445,345,卖盘
2468,13:09:34,9.23,79378,86,卖盘
2469,13:09:37,9.24,27720,30,买盘
2470,13:09:40,9.23,29536,32,卖盘
2471,13:09:43,9.23,14768,16,卖盘
2472,13:09:46,9.23,281515,305,买盘
2473,13:09:49,9.23,56292,61,中性盘
2474,13:09:52,9.23,6461,7,卖盘
2475,13:09:55,9.23,20306,22,卖盘
2476,13:09:58,9.23,38766,42,卖盘
2477,13:10:01,9.23,53544,58,卖盘
2478,13:10:07,9.23,41539,45,卖盘
2479,13:10:10,9.23,155064,168,卖盘
2480,13:10:13,9.23,13845,15,卖盘
2481,13:10:16,9.23,18462,20,卖盘
2482,13:10:19,9.23,170755,185,卖盘
2483,13:10:22,9.23,59072,64,中性盘
2484,13:10:25,9.23,265824,288,卖盘
2485,13:10:28,9.23,7384,8,卖盘
2486,13:10:31,9.23,43381,47,卖盘
2487,13:10:34,9.23,55410,60,卖盘
2488,13:10:37,9.23,30459,33,卖盘
2489,13:10:40,9.24,10154,11,买盘
2490,13:10:43,9.23,53534,58,卖盘
2491,13:10:46,9.23,71995,78,卖盘
2492,13:10:49,9.23,26772,29,卖盘
2493,13:10:52,9.23,47996,52,卖盘
2494,13:10:55,9.23,46150,50,卖盘
2495,13:10:58,9.23,41535,45,卖盘
2496,13:11:01,9.23,19383,21,卖盘
2497,13:11:07,9.23,97862,106,卖盘
2498,13:11:13,9.23,24927,27,卖盘
2499,13:11:16,9.23,31382,34,卖盘
2500,13:11:19,9.23,34151,37,卖盘
2501,13:11:22,9.23,923,1,卖盘
2502,13:11:25,9.23,68302,74,卖盘
2503,13:11:28,9.23,21231,23,卖盘
2504,13:11:31,9.23,2769,3,卖盘
2505,13:11:34,9.23,185523,201,卖盘
2506,13:11:37,9.23,44304,48,卖盘
2507,13:11:43,9.23,53544,58,卖盘
2508,13:11:49,9.23,62764,68,卖盘
2509,13:11:55,9.23,57226,62,卖盘
2510,13:11:58,9.23,33229,36,卖盘
2511,13:12:01,9.24,10164,11,买盘
2512,13:12:04,9.23,103376,112,卖盘
2513,13:12:07,9.23,86827,94,卖盘
2514,13:12:10,9.23,65533,71,卖盘
2515,13:12:16,9.23,24921,27,卖盘
2516,13:12:19,9.23,7384,8,卖盘
2517,13:12:22,9.23,83998,91,卖盘
2518,13:12:25,9.23,44305,48,卖盘
2519,13:12:28,9.24,43428,47,买盘
2520,13:12:31,9.24,40628,44,买盘
2521,13:12:37,9.24,34161,37,买盘
2522,13:12:40,9.23,233724,253,卖盘
2523,13:12:46,9.23,200311,217,卖盘
2524,13:12:49,9.24,66478,72,买盘
2525,13:12:52,9.24,35084,38,买盘
2526,13:12:55,9.23,27690,30,卖盘
2527,13:12:58,9.24,99784,108,买盘
2528,13:13:01,9.23,233520,253,卖盘
2529,13:13:04,9.24,40614,44,买盘
2530,13:13:07,9.23,16614,18,卖盘
2531,13:13:10,9.23,19386,21,卖盘
2532,13:13:13,9.24,924,1,买盘
2533,13:13:16,9.23,58149,63,卖盘
2534,13:13:19,9.24,30475,33,买盘
2535,13:13:25,9.23,25849,28,卖盘
2536,13:13:28,9.23,41535,45,卖盘
2537,13:13:31,9.24,101640,110,买盘
2538,13:13:37,9.24,35092,38,买盘
2539,13:13:40,9.23,22152,24,卖盘
2540,13:13:46,9.23,218751,237,卖盘
2541,13:13:49,9.23,40612,44,卖盘
2542,13:13:55,9.23,362117,392,卖盘
2543,13:13:58,9.23,59995,65,卖盘
2544,13:14:01,9.23,117221,127,卖盘
2545,13:14:04,9.23,15691,17,卖盘
2546,13:14:07,9.23,50787,55,卖盘
2547,13:14:10,9.23,46150,50,卖盘
2548,13:14:13,9.24,154268,167,买盘
2549,13:14:19,9.23,40612,44,卖盘
2550,13:14:25,9.23,15691,17,卖盘
2551,13:14:28,9.23,20311,22,卖盘
2552,13:14:31,9.23,25844,28,卖盘
2553,13:14:34,9.23,15691,17,卖盘
2554,13:14:40,9.24,24931,27,买盘
2555,13:14:43,9.24,924,1,买盘
2556,13:14:46,9.24,24931,27,买盘
2557,13:14:52,9.23,27690,30,卖盘
2558,13:14:55,9.23,16614,18,卖盘
2559,13:15:01,9.24,36930,40,买盘
2560,13:15:04,9.23,27700,30,卖盘
2561,13:15:07,9.23,20306,22,卖盘
2562,13:15:10,9.23,156913,170,卖盘
2563,13:15:13,9.23,211566,229,卖盘
2564,13:15:16,9.23,33228,36,卖盘
2565,13:15:19,9.23,37843,41,卖盘
2566,13:15:22,9.23,15691,17,卖盘
2567,13:15:25,9.23,29536,32,卖盘
2568,13:15:28,9.23,190160,206,卖盘
2569,13:15:31,9.23,47996,52,卖盘
2570,13:15:34,9.23,55380,60,卖盘
2571,13:15:37,9.23,24921,27,卖盘
2572,13:15:40,9.23,40633,44,卖盘
2573,13:15:46,9.24,173624,188,买盘
2574,13:15:49,9.23,296283,321,卖盘
2575,13:15:52,9.23,4615,5,卖盘
2576,13:15:58,9.24,120103,130,买盘
2577,13:16:01,9.23,47996,52,卖盘
2578,13:16:04,9.23,36006,39,卖盘
2579,13:16:07,9.23,75731,82,卖盘
2580,13:16:10,9.23,24921,27,卖盘
2581,13:16:13,9.23,10153,11,卖盘
2582,13:16:16,9.23,4615,5,卖盘
2583,13:16:19,9.24,18463,20,买盘
2584,13:16:22,9.23,213213,231,卖盘
2585,13:16:25,9.23,13847,15,卖盘
2586,13:16:28,9.23,59075,64,卖盘
2587,13:16:31,9.23,5538,6,卖盘
2588,13:16:34,9.24,19386,21,买盘
2589,13:16:37,9.23,18463,20,卖盘
2590,13:16:43,9.24,8316,9,买盘
2591,13:16:46,9.23,44304,48,卖盘
2592,13:16:49,9.23,15691,17,卖盘
2593,13:16:52,9.23,107168,116,卖盘
2594,13:16:55,9.23,67379,73,卖盘
2595,13:16:58,9.23,5538,6,卖盘
2596,13:17:01,9.24,81294,88,买盘
2597,13:17:04,9.23,3692,4,卖盘
2598,13:17:07,9.23,16614,18,卖盘
2599,13:17:10,9.23,923,1,卖盘
2600,13:17:13,9.23,51688,56,卖盘
2601,13:17:16,9.23,1847,2,卖盘
2602,13:17:19,9.24,20308,22,买盘
2603,13:17:22,9.23,5543,6,卖盘
2604,13:17:25,9.23,15691,17,卖盘
2605,13:17:28,9.23,923,1,卖盘
2606,13:17:31,9.24,98845,107,买盘
2607,13:17:37,9.23,15691,17,卖盘
2608,13:17:40,9.24,123686,134,买盘
2609,13:17:43,9.23,85854,93,卖盘
2610,13:17:46,9.23,94155,102,卖盘
2611,13:17:49,9.23,15691,17,卖盘
2612,13:17:55,9.23,18460,20,卖盘
2613,13:18:01,9.23,16614,18,卖盘
2614,13:18:04,9.24,924,1,买盘
2615,13:18:07,9.23,36920,40,卖盘
2616,13:18:10,9.23,79378,86,卖盘
2617,13:18:16,9.24,107106,116,买盘
2618,13:18:22,9.23,27690,30,卖盘
2619,13:18:25,9.23,121013,131,卖盘
2620,13:18:28,9.24,159851,173,买盘
2621,13:18:31,9.23,118144,128,卖盘
2622,13:18:37,9.23,48006,52,卖盘
2623,13:18:40,9.23,142242,154,卖盘
2624,13:18:43,9.23,25844,28,卖盘
2625,13:18:46,9.23,34151,37,卖盘
2626,13:18:49,9.24,42463,46,买盘
2627,13:18:52,9.23,23998,26,卖盘
2628,13:18:55,9.23,46150,50,卖盘
2629,13:18:58,9.24,27720,30,买盘
2630,13:19:01,9.23,23998,26,卖盘
2631,13:19:04,9.23,3692,4,卖盘
2632,13:19:07,9.24,62814,68,买盘
2633,13:19:13,9.23,16614,18,卖盘
2634,13:19:16,9.23,16614,18,卖盘
2635,13:19:19,9.24,18480,20,买盘
2636,13:19:25,9.23,121021,131,卖盘
2637,13:19:28,9.24,1488564,1611,买盘
2638,13:19:31,9.23,23082,25,卖盘
2639,13:19:37,9.23,32305,35,卖盘
2640,13:19:43,9.23,21229,23,卖盘
2641,13:19:46,9.23,29536,32,卖盘
2642,13:19:49,9.23,69225,75,卖盘
2643,13:19:52,9.24,23083,25,买盘
2644,13:19:55,9.23,52611,57,卖盘
2645,13:19:58,9.23,72937,79,卖盘
2646,13:20:01,9.24,48048,52,买盘
2647,13:20:04,9.24,21235,23,买盘
2648,13:20:07,9.23,2769,3,卖盘
2649,13:20:10,9.23,56304,61,卖盘
2650,13:20:16,9.24,9548597,10334,买盘
2651,13:20:19,9.24,11088,12,卖盘
2652,13:20:25,9.24,3696,4,卖盘
2653,13:20:28,9.25,68379,74,买盘
2654,13:20:31,9.24,31420,34,卖盘
2655,13:20:34,9.24,31429,34,卖盘
2656,13:20:37,9.24,4620,5,卖盘
2657,13:20:40,9.24,21252,23,卖盘
2658,13:20:46,9.25,26808,29,买盘
2659,13:20:49,9.24,64680,70,卖盘
2660,13:20:52,9.24,117448,127,卖盘
2661,13:20:55,9.24,36043,39,卖盘
2662,13:21:01,9.24,20328,22,卖盘
2663,13:21:04,9.24,47124,51,卖盘
2664,13:21:07,9.24,17556,19,卖盘
2665,13:21:10,9.24,38808,42,卖盘
2666,13:21:13,9.24,36036,39,卖盘
2667,13:21:16,9.25,26806,29,买盘
2668,13:21:22,9.24,35113,38,卖盘
2669,13:21:25,9.24,41580,45,卖盘
2670,13:21:28,9.25,132210,143,买盘
2671,13:21:31,9.24,18483,20,卖盘
2672,13:21:34,9.25,46250,50,买盘
2673,13:21:37,9.25,57333,62,买盘
2674,13:21:40,9.24,37920,41,卖盘
2675,13:21:43,9.24,20328,22,卖盘
2676,13:21:46,9.24,64740,70,卖盘
2677,13:21:49,9.24,65614,71,卖盘
2678,13:21:55,9.25,43433,47,买盘
2679,13:21:58,9.24,13865,15,卖盘
2680,13:22:01,9.25,60107,65,买盘
2681,13:22:04,9.24,46220,50,卖盘
2682,13:22:10,9.25,172950,187,买盘
2683,13:22:13,9.24,61959,67,卖盘
2684,13:22:16,9.25,138707,150,买盘
2685,13:22:19,9.24,56366,61,卖盘
2686,13:22:22,9.24,3697,4,卖盘
2687,13:22:25,9.25,1850,2,买盘
2688,13:22:28,9.24,9240,10,卖盘
2689,13:22:31,9.24,19404,21,卖盘
2690,13:22:34,9.25,9669947,10454,买盘
2691,13:22:37,9.25,4625,5,卖盘
2692,13:22:40,9.26,21298,23,买盘
2693,13:22:43,9.25,22211,24,卖盘
2694,13:22:52,9.26,20372,22,买盘
2695,13:22:55,9.26,13890,15,买盘
2696,13:22:58,9.26,685222,740,买盘
2697,13:23:01,9.25,34225,37,卖盘
2698,13:23:04,9.26,37030,40,买盘
2699,13:23:07,9.26,149929,162,买盘
2700,13:23:10,9.26,109246,118,买盘
2701,13:23:13,9.26,302802,327,买盘
2702,13:23:16,9.26,603733,652,买盘
2703,13:23:19,9.26,23150,25,买盘
2704,13:23:22,9.26,28688,31,买盘
2705,13:23:25,9.25,58281,63,卖盘
2706,13:23:28,9.26,8334,9,买盘
2707,13:23:31,9.26,276810,299,买盘
2708,13:23:34,9.25,86999,94,卖盘
2709,13:23:37,9.26,40720,44,买盘
2710,13:23:40,9.25,168453,182,卖盘
2711,13:23:43,9.25,22210,24,卖盘
2712,13:23:46,9.26,207256,224,买盘
2713,13:23:49,9.25,112025,121,卖盘
2714,13:23:52,9.26,554674,599,买盘
2715,13:23:55,9.25,81437,88,卖盘
2716,13:23:58,9.26,37040,40,买盘
2717,13:24:01,9.26,74989,81,买盘
2718,13:24:04,9.26,63874,69,买盘
2719,13:24:07,9.26,476890,515,买盘
2720,13:24:10,9.25,22203,24,卖盘
2721,13:24:13,9.25,240758,260,卖盘
2722,13:24:16,9.26,129510,140,买盘
2723,13:24:19,9.26,11112,12,买盘
2724,13:24:22,9.26,976900,1055,买盘
2725,13:24:25,9.26,5556,6,买盘
2726,13:24:28,9.26,34241,37,买盘
2727,13:24:31,9.25,23125,25,卖盘
2728,13:24:34,9.25,38850,42,卖盘
2729,13:24:37,9.25,44413,48,卖盘
2730,13:24:40,9.25,55540,60,卖盘
2731,13:24:43,9.26,76858,83,买盘
2732,13:24:46,9.25,26825,29,卖盘
2733,13:24:49,9.25,23125,25,卖盘
2734,13:24:52,9.26,18511,20,买盘
2735,13:24:55,9.26,71280,77,买盘
2736,13:25:01,9.26,39799,43,买盘
2737,13:25:07,9.26,89788,97,买盘
2738,13:25:10,9.25,174987,189,卖盘
2739,13:25:16,9.25,20350,22,卖盘
2740,13:25:19,9.25,274077,296,卖盘
2741,13:25:25,9.26,44421,48,买盘
2742,13:25:28,9.25,35160,38,卖盘
2743,13:25:34,9.25,69405,75,卖盘
2744,13:25:37,9.25,37005,40,卖盘
2745,13:25:40,9.25,8325,9,卖盘
2746,13:25:43,9.25,240541,260,卖盘
2747,13:25:46,9.25,132299,143,卖盘
2748,13:25:49,9.25,14804,16,卖盘
2749,13:25:55,9.25,127650,138,卖盘
2750,13:26:01,9.25,17575,19,卖盘
2751,13:26:04,9.25,114700,124,卖盘
2752,13:26:07,9.25,108225,117,卖盘
2753,13:26:10,9.26,98994,107,买盘
2754,13:26:13,9.25,102675,111,卖盘
2755,13:26:16,9.25,81400,88,卖盘
2756,13:26:19,9.25,153550,166,卖盘
2757,13:26:22,9.25,67531,73,卖盘
2758,13:26:25,9.25,271951,294,卖盘
2759,13:26:28,9.25,24050,26,卖盘
2760,13:26:31,9.25,1753800,1896,卖盘
2761,13:26:34,9.25,1913754,2069,卖盘
2762,13:26:37,9.25,968630,1048,卖盘
2763,13:26:40,9.24,19407,21,卖盘
2764,13:26:43,9.25,13870,15,买盘
2765,13:26:46,9.24,35133,38,卖盘
2766,13:26:49,9.25,1850,2,买盘
2767,13:26:52,9.25,2775,3,买盘
2768,13:26:55,9.24,15708,17,卖盘
2769,13:26:58,9.24,35132,38,卖盘
2770,13:27:01,9.24,5549,6,卖盘
2771,13:27:04,9.25,24975,27,买盘
2772,13:27:07,9.24,17556,19,卖盘
2773,13:27:10,9.24,27740,30,卖盘
2774,13:27:13,9.24,31431,34,卖盘
2775,13:27:16,9.24,12936,14,卖盘
2776,13:27:19,9.25,11100,12,买盘
2777,13:27:22,9.24,27725,30,卖盘
2778,13:27:25,9.25,43458,47,买盘
2779,13:27:28,9.25,36976,40,买盘
2780,13:27:31,9.25,9250,10,买盘
2781,13:27:34,9.24,345935,374,卖盘
2782,13:27:37,9.24,21257,23,卖盘
2783,13:27:40,9.25,1850,2,买盘
2784,13:27:43,9.25,42512,46,买盘
2785,13:27:46,9.25,925,1,买盘
2786,13:27:49,9.24,22176,24,卖盘
2787,13:27:55,9.24,17557,19,卖盘
2788,13:27:58,9.25,30503,33,买盘
2789,13:28:01,9.24,28644,31,卖盘
2790,13:28:10,9.25,91537,99,买盘
2791,13:28:13,9.24,18490,20,卖盘
2792,13:28:16,9.25,293208,317,买盘
2793,13:28:19,9.25,4625,5,买盘
2794,13:28:22,9.24,47156,51,卖盘
2795,13:28:25,9.24,13860,15,卖盘
2796,13:28:31,9.24,43428,47,卖盘
2797,13:28:34,9.24,15708,17,卖盘
2798,13:28:40,9.24,37887,41,卖盘
2799,13:28:43,9.25,925,1,买盘
2800,13:28:46,9.25,44382,48,买盘
2801,13:28:52,9.24,15708,17,卖盘
2802,13:28:58,9.25,462500,500,买盘
2803,13:29:01,9.24,25872,28,卖盘
2804,13:29:07,9.24,20332,22,卖盘
2805,13:29:10,9.24,16632,18,卖盘
2806,13:29:13,9.24,20328,22,卖盘
2807,13:29:16,9.25,19425,21,买盘
2808,13:29:19,9.24,40656,44,卖盘
2809,13:29:22,9.25,16633,18,买盘
2810,13:29:25,9.24,3696,4,卖盘
2811,13:29:28,9.24,15708,17,卖盘
2812,13:29:31,9.25,42550,46,买盘
2813,13:29:34,9.24,15708,17,卖盘
2814,13:29:37,9.25,9250,10,买盘
2815,13:29:40,9.24,36046,39,卖盘
2816,13:29:43,9.24,13861,15,卖盘
2817,13:29:49,9.24,16632,18,卖盘
2818,13:29:52,9.24,120206,130,卖盘
2819,13:29:58,9.24,32340,35,卖盘
2820,13:30:01,9.25,29582,32,买盘
2821,13:30:04,9.25,9250,10,买盘
2822,13:30:07,9.25,26808,29,买盘
2823,13:30:10,9.25,78604,85,买盘
2824,13:30:16,9.24,58212,63,卖盘
2825,13:30:22,9.24,15708,17,卖盘
2826,13:30:28,9.24,15708,17,卖盘
2827,13:30:31,9.24,16632,18,卖盘
2828,13:30:34,9.24,924,1,卖盘
2829,13:30:37,9.25,149692,162,买盘
2830,13:30:43,9.25,93386,101,买盘
2831,13:30:46,9.24,20328,22,卖盘
2832,13:30:52,9.24,359770,389,卖盘
2833,13:30:55,9.24,16632,18,卖盘
2834,13:30:58,9.25,75850,82,买盘
2835,13:31:01,9.24,39732,43,卖盘
2836,13:31:07,9.24,123916,134,卖盘
2837,13:31:13,9.24,16632,18,卖盘
2838,13:31:16,9.24,9240,10,卖盘
2839,13:31:19,9.24,31416,34,卖盘
2840,13:31:22,9.25,49950,54,买盘
2841,13:31:25,9.24,48048,52,卖盘
2842,13:31:28,9.24,19404,21,卖盘
2843,13:31:34,9.24,28655,31,卖盘
2844,13:31:40,9.25,20333,22,买盘
2845,13:31:43,9.25,10175,11,买盘
2846,13:31:46,9.25,10175,11,买盘
2847,13:31:49,9.24,16632,18,卖盘
2848,13:31:52,9.24,19404,21,卖盘
2849,13:31:55,9.24,31416,34,卖盘
2850,13:31:58,9.24,75768,82,卖盘
2851,13:32:01,9.24,12936,14,卖盘
2852,13:32:04,9.24,3696,4,卖盘
2853,13:32:07,9.24,16632,18,卖盘
2854,13:32:10,9.24,30492,33,卖盘
2855,13:32:16,9.25,168332,182,买盘
2856,13:32:19,9.24,61914,67,卖盘
2857,13:32:25,9.25,566459,613,买盘
2858,13:32:28,9.24,52708,57,卖盘
2859,13:32:31,9.25,9250,10,买盘
2860,13:32:34,9.25,1850,2,买盘
2861,13:32:40,9.25,29578,32,买盘
2862,13:32:46,9.24,40661,44,卖盘
2863,13:32:52,9.24,17556,19,卖盘
2864,13:32:55,9.24,37885,41,卖盘
2865,13:32:58,9.24,117458,127,卖盘
2866,13:33:04,9.25,8318,9,买盘
2867,13:33:07,9.25,63788,69,买盘
2868,13:33:13,9.24,46208,50,卖盘
2869,13:33:16,9.25,119284,129,买盘
2870,13:33:19,9.25,30495,33,买盘
2871,13:33:22,9.24,37894,41,卖盘
2872,13:33:25,9.24,16638,18,卖盘
2873,13:33:28,9.24,8316,9,卖盘
2874,13:33:31,9.24,156156,169,卖盘
2875,13:33:34,9.24,17556,19,卖盘
2876,13:33:37,9.25,9250,10,买盘
2877,13:33:43,9.25,73982,80,买盘
2878,13:33:46,9.25,125786,136,买盘
2879,13:33:49,9.24,24957,27,卖盘
2880,13:33:52,9.25,24050,26,买盘
2881,13:33:55,9.25,20329,22,买盘
2882,13:33:58,9.25,97125,105,买盘
2883,13:34:01,9.24,23100,25,卖盘
2884,13:34:04,9.24,20334,22,卖盘
2885,13:34:07,9.24,44363,48,卖盘
2886,13:34:13,9.24,97944,106,卖盘
2887,13:34:16,9.24,15708,17,卖盘
2888,13:34:19,9.24,34224,37,卖盘
2889,13:34:22,9.25,18500,20,买盘
2890,13:34:28,9.25,77668,84,买盘
2891,13:34:31,9.24,13860,15,卖盘
2892,13:34:34,9.24,46239,50,卖盘
2893,13:34:40,9.24,15708,17,卖盘
2894,13:34:43,9.25,4625,5,买盘
2895,13:34:46,9.24,6468,7,卖盘
2896,13:34:49,9.25,42532,46,买盘
2897,13:34:52,9.24,29568,32,卖盘
2898,13:34:55,9.25,59158,64,买盘
2899,13:35:01,9.25,164505,178,买盘
2900,13:35:04,9.24,117458,127,卖盘
2901,13:35:07,9.24,924,1,卖盘
2902,13:35:10,9.24,19404,21,卖盘
2903,13:35:13,9.25,925,1,买盘
2904,13:35:19,9.25,24958,27,买盘
2905,13:35:25,9.24,36038,39,卖盘
2906,13:35:28,9.24,24957,27,卖盘
2907,13:35:34,9.24,24952,27,卖盘
2908,13:35:37,9.24,102564,111,卖盘
2909,13:35:40,9.24,18482,20,卖盘
2910,13:35:43,9.24,33264,36,卖盘
2911,13:35:46,9.25,92500,100,买盘
2912,13:35:49,9.24,29583,32,卖盘
2913,13:35:52,9.24,29568,32,卖盘
2914,13:35:55,9.24,109956,119,卖盘
2915,13:35:58,9.24,14794,16,卖盘
2916,13:36:01,9.24,77622,84,卖盘
2917,13:36:04,9.24,12936,14,卖盘
2918,13:36:07,9.24,52668,57,卖盘
2919,13:36:10,9.24,8316,9,卖盘
2920,13:36:13,9.24,24958,27,卖盘
2921,13:36:16,9.24,1848,2,卖盘
2922,13:36:19,9.24,9240,10,卖盘
2923,13:36:22,9.25,115501,125,买盘
2924,13:36:25,9.24,17562,19,卖盘
2925,13:36:28,9.25,76735,83,买盘
2926,13:36:31,9.25,8325,9,买盘
2927,13:36:34,9.24,11088,12,卖盘
2928,13:36:40,9.24,17556,19,卖盘
2929,13:36:43,9.24,60066,65,卖盘
2930,13:36:49,9.25,46203,50,买盘
2931,13:36:52,9.25,82306,89,买盘
2932,13:36:55,9.24,12936,14,卖盘
2933,13:36:58,9.24,18483,20,卖盘
2934,13:37:01,9.25,277500,300,买盘
2935,13:37:04,9.24,6468,7,卖盘
2936,13:37:07,9.24,15708,17,卖盘
2937,13:37:10,9.25,19425,21,买盘
2938,13:37:13,9.25,27727,30,买盘
2939,13:37:16,9.25,4625,5,买盘
2940,13:37:19,9.24,99792,108,卖盘
2941,13:37:22,9.25,116533,126,买盘
2942,13:37:25,9.24,22178,24,卖盘
2943,13:37:31,9.25,202558,219,买盘
2944,13:37:37,9.24,20328,22,卖盘
2945,13:37:43,9.24,31422,34,卖盘
2946,13:37:52,9.24,146102,158,卖盘
2947,13:37:58,9.25,48981,53,买盘
2948,13:38:01,9.24,13860,15,卖盘
2949,13:38:04,9.25,567817,614,买盘
2950,13:38:07,9.24,22176,24,卖盘
2951,13:38:10,9.24,24024,26,卖盘
2952,13:38:13,9.24,13860,15,卖盘
2953,13:38:16,9.24,36990,40,卖盘
2954,13:38:19,9.24,14784,16,卖盘
2955,13:38:22,9.24,31422,34,卖盘
2956,13:38:28,9.24,24026,26,卖盘
2957,13:38:31,9.24,1848,2,卖盘
2958,13:38:34,9.24,4620,5,卖盘
2959,13:38:37,9.24,16632,18,卖盘
2960,13:38:40,9.25,77700,84,买盘
2961,13:38:43,9.24,15708,17,卖盘
2962,13:38:46,9.25,36976,40,买盘
2963,13:38:49,9.25,7400,8,买盘
2964,13:38:52,9.25,2775,3,买盘
2965,13:38:55,9.25,40682,44,买盘
2966,13:38:58,9.25,43449,47,买盘
2967,13:39:01,9.24,6471,7,卖盘
2968,13:39:04,9.24,603377,653,卖盘
2969,13:39:07,9.24,88705,96,卖盘
2970,13:39:10,9.24,68382,74,卖盘
2971,13:39:13,9.24,60060,65,卖盘
2972,13:39:16,9.24,22176,24,卖盘
2973,13:39:19,9.24,227304,246,卖盘
2974,13:39:22,9.24,48972,53,卖盘
2975,13:39:25,9.24,46200,50,卖盘
2976,13:39:28,9.24,17560,19,卖盘
2977,13:39:31,9.24,16632,18,卖盘
2978,13:39:34,9.24,44358,48,卖盘
2979,13:39:37,9.24,30492,33,卖盘
2980,13:39:40,9.24,16632,18,卖盘
2981,13:39:46,9.24,39732,43,卖盘
2982,13:39:49,9.24,40656,44,卖盘
2983,13:39:52,9.24,27721,30,卖盘
2984,13:39:55,9.25,79471,86,买盘
2985,13:39:58,9.25,30493,33,买盘
2986,13:40:01,9.24,442596,479,卖盘
2987,13:40:04,9.24,100716,109,卖盘
2988,13:40:07,9.24,21256,23,卖盘
2989,13:40:10,9.24,24954,27,卖盘
2990,13:40:13,9.24,47124,51,卖盘
2991,13:40:16,9.25,110058,119,买盘
2992,13:40:19,9.24,394548,427,卖盘
2993,13:40:22,9.24,221760,240,卖盘
2994,13:40:25,9.24,33266,36,卖盘
2995,13:40:31,9.24,19408,21,卖盘
2996,13:40:40,9.24,31422,34,卖盘
2997,13:40:46,9.25,50835,55,买盘
2998,13:40:49,9.25,36037,39,买盘
2999,13:40:52,9.24,645881,699,卖盘
3000,13:40:55,9.25,233796,253,买盘
3001,13:40:58,9.24,24024,26,卖盘
3002,13:41:01,9.24,30492,33,卖盘
3003,13:41:07,9.25,52708,57,买盘
3004,13:41:10,9.24,17574,19,卖盘
3005,13:41:16,9.25,49933,54,买盘
3006,13:41:19,9.24,44352,48,卖盘
3007,13:41:25,9.24,16632,18,卖盘
3008,13:41:28,9.24,25872,28,卖盘
3009,13:41:31,9.24,73929,80,卖盘
3010,13:41:34,9.24,47124,51,卖盘
3011,13:41:37,9.25,4625,5,买盘
3012,13:41:40,9.24,36966,40,卖盘
3013,13:41:46,9.24,21257,23,卖盘
3014,13:41:49,9.24,115500,125,卖盘
3015,13:41:55,9.24,35112,38,卖盘
3016,13:41:58,9.24,16632,18,卖盘
3017,13:42:01,9.24,54516,59,卖盘
3018,13:42:04,9.24,28654,31,卖盘
3019,13:42:07,9.24,17556,19,卖盘
3020,13:42:10,9.24,20328,22,卖盘
3021,13:42:13,9.24,22182,24,卖盘
3022,13:42:16,9.25,12020,13,买盘
3023,13:42:19,9.24,59140,64,卖盘
3024,13:42:22,9.24,29568,32,卖盘
3025,13:42:25,9.24,23104,25,卖盘
3026,13:42:28,9.24,14790,16,卖盘
3027,13:42:31,9.24,59136,64,卖盘
3028,13:42:34,9.24,9240,10,卖盘
3029,13:42:37,9.24,185724,201,卖盘
3030,13:42:40,9.24,40656,44,卖盘
3031,13:42:46,9.24,25877,28,卖盘
3032,13:42:49,9.25,17574,19,买盘
3033,13:42:52,9.24,139524,151,卖盘
3034,13:42:58,9.24,30492,33,卖盘
3035,13:43:01,9.24,46200,50,卖盘
3036,13:43:04,9.25,3700,4,买盘
3037,13:43:07,9.25,323700,350,买盘
3038,13:43:10,9.24,34188,37,卖盘
3039,13:43:13,9.24,36036,39,卖盘
3040,13:43:16,9.24,110056,119,卖盘
3041,13:43:19,9.24,99867,108,卖盘
3042,13:43:25,9.24,62832,68,卖盘
3043,13:43:28,9.25,23107,25,买盘
3044,13:43:31,9.24,34188,37,卖盘
3045,13:43:34,9.24,53592,58,卖盘
3046,13:43:40,9.24,924,1,卖盘
3047,13:43:43,9.24,54538,59,卖盘
3048,13:43:46,9.24,1848,2,卖盘
3049,13:43:49,9.24,16632,18,卖盘
3050,13:43:52,9.24,22176,24,卖盘
3051,13:43:55,9.24,25882,28,卖盘
3052,13:43:58,9.25,176657,191,买盘
3053,13:44:01,9.24,33264,36,卖盘
3054,13:44:04,9.24,32356,35,卖盘
3055,13:44:07,9.24,924,1,卖盘
3056,13:44:13,9.24,15708,17,卖盘
3057,13:44:16,9.24,30507,33,卖盘
3058,13:44:19,9.24,55440,60,卖盘
3059,13:44:22,9.24,30492,33,卖盘
3060,13:44:25,9.25,7395,8,买盘
3061,13:44:28,9.24,39732,43,卖盘
3062,13:44:31,9.24,183976,199,卖盘
3063,13:44:34,9.24,24948,27,卖盘
3064,13:44:37,9.24,19404,21,卖盘
3065,13:44:40,9.25,6474,7,买盘
3066,13:44:43,9.24,1012712,1096,卖盘
3067,13:44:46,9.24,25882,28,卖盘
3068,13:44:49,9.24,924,1,卖盘
3069,13:44:52,9.24,52678,57,卖盘
3070,13:44:55,9.25,27750,30,买盘
3071,13:44:58,9.24,45276,49,卖盘
3072,13:45:01,9.24,63756,69,卖盘
3073,13:45:04,9.25,6475,7,买盘
3074,13:45:07,9.24,15708,17,卖盘
3075,13:45:10,9.24,80438,87,卖盘
3076,13:45:13,9.25,5550,6,买盘
3077,13:45:16,9.24,16632,18,卖盘
3078,13:45:19,9.24,48048,52,卖盘
3079,13:45:22,9.24,27720,30,卖盘
3080,13:45:25,9.24,16632,18,卖盘
3081,13:45:28,9.24,36036,39,卖盘
3082,13:45:31,9.24,68376,74,卖盘
3083,13:45:34,9.24,26797,29,卖盘
3084,13:45:40,9.25,92482,100,买盘
3085,13:45:43,9.24,924,1,卖盘
3086,13:45:46,9.25,18482,20,买盘
3087,13:45:49,9.25,41590,45,买盘
3088,13:45:52,9.25,5550,6,买盘
3089,13:45:58,9.24,20329,22,卖盘
3090,13:46:01,9.25,77634,84,买盘
3091,13:46:04,9.25,925,1,买盘
3092,13:46:07,9.24,19404,21,卖盘
3093,13:46:10,9.24,25878,28,卖盘
3094,13:46:13,9.24,4620,5,卖盘
3095,13:46:16,9.25,25879,28,买盘
3096,13:46:19,9.24,28644,31,卖盘
3097,13:46:22,9.24,40675,44,卖盘
3098,13:46:25,9.25,183112,198,买盘
3099,13:46:28,9.24,744744,806,卖盘
3100,13:46:31,9.24,132143,143,卖盘
3101,13:46:34,9.24,12936,14,卖盘
3102,13:46:37,9.24,19404,21,卖盘
3103,13:46:40,9.24,5549,6,卖盘
3104,13:46:43,9.24,48065,52,卖盘
3105,13:46:46,9.24,135878,147,卖盘
3106,13:46:49,9.25,109047,118,买盘
3107,13:46:52,9.25,2775,3,买盘
3108,13:46:58,9.24,30499,33,卖盘
3109,13:47:01,9.24,38814,42,卖盘
3110,13:47:04,9.24,48972,53,卖盘
3111,13:47:07,9.24,16632,18,卖盘
3112,13:47:10,9.24,25872,28,卖盘
3113,13:47:16,9.25,75832,82,买盘
3114,13:47:19,9.24,1848,2,卖盘
3115,13:47:25,9.24,28657,31,卖盘
3116,13:47:28,9.24,39732,43,卖盘
3117,13:47:31,9.24,32367,35,卖盘
3118,13:47:34,9.24,37891,41,卖盘
3119,13:47:37,9.24,112729,122,卖盘
3120,13:47:40,9.25,25879,28,买盘
3121,13:47:46,9.24,61908,67,卖盘
3122,13:47:49,9.25,9245,10,买盘
3123,13:47:55,9.24,34188,37,卖盘
3124,13:47:58,9.24,22176,24,卖盘
3125,13:48:01,9.24,92400,100,卖盘
3126,13:48:04,9.24,49896,54,卖盘
3127,13:48:07,9.24,16633,18,卖盘
3128,13:48:10,9.25,5550,6,买盘
3129,13:48:13,9.24,5544,6,卖盘
3130,13:48:16,9.24,68406,74,卖盘
3131,13:48:19,9.25,8321,9,买盘
3132,13:48:25,9.24,19404,21,卖盘
3133,13:48:28,9.24,61935,67,卖盘
3134,13:48:31,9.24,48048,52,卖盘
3135,13:48:34,9.25,9250,10,买盘
3136,13:48:37,9.24,18480,20,卖盘
3137,13:48:40,9.24,61908,67,卖盘
3138,13:48:46,9.24,134910,146,卖盘
3139,13:48:49,9.24,26799,29,卖盘
3140,13:48:52,9.24,18480,20,卖盘
3141,13:48:55,9.24,36036,39,卖盘
3142,13:48:58,9.24,2772,3,卖盘
3143,13:49:01,9.25,20333,22,买盘
3144,13:49:04,9.24,2772,3,卖盘
3145,13:49:07,9.24,19406,21,卖盘
3146,13:49:10,9.24,3696,4,卖盘
3147,13:49:13,9.25,20332,22,买盘
3148,13:49:16,9.24,12936,14,卖盘
3149,13:49:19,9.24,28653,31,卖盘
3150,13:49:25,9.24,30498,33,卖盘
3151,13:49:28,9.25,29573,32,买盘
3152,13:49:31,9.24,241380,261,卖盘
3153,13:49:34,9.24,4620,5,卖盘
3154,13:49:37,9.24,130303,141,卖盘
3155,13:49:40,9.25,27733,30,买盘
3156,13:49:49,9.24,15708,17,卖盘
3157,13:49:52,9.24,9240,10,卖盘
3158,13:49:55,9.24,15708,17,卖盘
3159,13:49:58,9.24,21258,23,卖盘
3160,13:50:01,9.25,47175,51,买盘
3161,13:50:07,9.25,24957,27,买盘
3162,13:50:10,9.24,17556,19,卖盘
3163,13:50:13,9.24,27721,30,卖盘
3164,13:50:16,9.24,36962,40,卖盘
3165,13:50:19,9.25,9250,10,买盘
3166,13:50:25,9.25,18482,20,买盘
3167,13:50:31,9.25,16633,18,买盘
3168,13:50:34,9.25,5550,6,买盘
3169,13:50:37,9.24,30493,33,卖盘
3170,13:50:40,9.24,182095,197,卖盘
3171,13:50:43,9.24,9240,10,卖盘
3172,13:50:46,9.24,33264,36,卖盘
3173,13:50:49,9.24,8316,9,卖盘
3174,13:50:52,9.24,65606,71,卖盘
3175,13:50:55,9.24,27726,30,卖盘
3176,13:50:58,9.24,924,1,卖盘
3177,13:51:01,9.24,15708,17,卖盘
3178,13:51:04,9.24,60984,66,卖盘
3179,13:51:07,9.24,15708,17,卖盘
3180,13:51:10,9.24,103514,112,卖盘
3181,13:51:13,9.24,112810,122,卖盘
3182,13:51:16,9.24,15708,17,卖盘
3183,13:51:19,9.25,20333,22,买盘
3184,13:51:25,9.24,63768,69,卖盘
3185,13:51:28,9.24,16632,18,卖盘
3186,13:51:31,9.25,166483,180,买盘
3187,13:51:34,9.25,1310723,1417,买盘
3188,13:51:37,9.24,62883,68,卖盘
3189,13:51:40,9.25,21258,23,买盘
3190,13:51:43,9.24,31425,34,卖盘
3191,13:51:46,9.24,34188,37,卖盘
3192,13:51:49,9.24,15708,17,卖盘
3193,13:51:52,9.24,62832,68,卖盘
3194,13:51:55,9.24,41580,45,卖盘
3195,13:52:01,9.24,33264,36,卖盘
3196,13:52:04,9.24,12939,14,卖盘
3197,13:52:10,9.24,31416,34,卖盘
3198,13:52:13,9.24,44352,48,卖盘
3199,13:52:16,9.24,203482,220,卖盘
3200,13:52:19,9.24,102658,111,卖盘
3201,13:52:22,9.25,43435,47,买盘
3202,13:52:25,9.24,43428,47,卖盘
3203,13:52:28,9.24,9240,10,卖盘
3204,13:52:31,9.24,115506,125,卖盘
3205,13:52:34,9.25,5545,6,买盘
3206,13:52:37,9.25,39775,43,买盘
3207,13:52:40,9.25,74908,81,买盘
3208,13:52:49,9.24,16632,18,卖盘
3209,13:52:52,9.24,15708,17,卖盘
3210,13:52:58,9.24,21258,23,卖盘
3211,13:53:01,9.24,16632,18,卖盘
3212,13:53:04,9.25,2775,3,买盘
