,成交时间,成交价格,成交金额,成交量,性质
0,09:25:01,24.56,3617688,1473,买盘
1,09:30:01,24.6,113130,46,买盘
2,09:30:05,24.4,1962536,800,卖盘
3,09:30:08,24.56,731729,299,买盘
4,09:30:11,24.59,970748,395,买盘
5,09:30:14,24.6,856005,348,卖盘
6,09:30:16,24.61,762692,310,中性盘
7,09:30:19,24.74,1157973,469,买盘
8,09:30:23,24.59,969149,393,卖盘
9,09:30:25,24.68,534633,217,卖盘
10,09:30:29,24.6,623953,253,卖盘
11,09:30:31,24.62,856637,347,中性盘
12,09:30:34,24.68,459196,186,卖盘
13,09:30:37,24.59,1157619,470,卖盘
14,09:30:41,24.6,801955,326,中性盘
15,09:30:43,24.58,789470,321,卖盘
16,09:30:47,24.58,425290,173,卖盘
17,09:30:49,24.58,545445,222,买盘
18,09:30:52,24.58,1445973,588,卖盘
19,09:30:56,24.6,632180,257,买盘
20,09:30:58,24.6,78769,32,卖盘
21,09:31:01,24.6,585534,238,卖盘
22,09:31:04,24.6,593128,241,卖盘
23,09:31:07,24.58,738098,300,卖盘
24,09:31:10,24.63,73853,30,买盘
25,09:31:13,24.66,271203,110,买盘
26,09:31:16,24.67,333054,135,买盘
27,09:31:19,24.62,441236,179,卖盘
28,09:31:23,24.63,128074,52,买盘
29,09:31:26,24.61,145267,59,卖盘
30,09:31:28,24.6,334761,136,卖盘
31,09:31:31,24.59,750294,305,卖盘
32,09:31:34,24.6,179563,73,买盘
33,09:31:37,24.62,346997,141,买盘
34,09:31:40,24.62,179816,73,卖盘
35,09:31:43,24.63,103474,42,卖盘
36,09:31:47,24.66,78888,32,买盘
37,09:31:49,24.66,32065,13,卖盘
38,09:31:53,24.66,1018438,413,买盘
39,09:31:55,24.7,19780,8,买盘
40,09:31:58,24.66,338272,137,卖盘
41,09:32:01,24.75,145871,59,买盘
42,09:32:04,24.76,291892,118,买盘
43,09:32:08,24.75,730566,295,中性盘
44,09:32:11,24.76,14862,6,卖盘
45,09:32:13,24.8,79345,32,买盘
46,09:32:16,24.79,1155235,466,买盘
47,09:32:19,24.79,213155,86,买盘
48,09:32:22,24.79,29772,12,卖盘
49,09:32:26,24.85,228386,92,买盘
50,09:32:29,24.85,62087,25,买盘
51,09:32:31,24.85,129202,52,买盘
52,09:32:34,24.85,646237,260,买盘
53,09:32:37,24.85,183985,74,买盘
54,09:32:40,24.85,129262,52,卖盘
55,09:32:44,24.87,246053,99,卖盘
56,09:32:46,24.87,121824,49,买盘
57,09:32:49,24.86,1080765,435,卖盘
58,09:32:52,24.86,303237,122,买盘
59,09:32:55,24.82,501488,202,卖盘
60,09:32:59,24.82,211091,85,卖盘
61,09:33:02,24.89,859860,346,买盘
62,09:33:04,24.91,1018543,409,买盘
63,09:33:07,24.95,119547,48,中性盘
64,09:33:10,24.91,87128,35,买盘
65,09:33:13,24.97,177090,71,买盘
66,09:33:17,24.95,286472,115,中性盘
67,09:33:19,24.91,117098,47,卖盘
68,09:33:22,24.93,346355,139,买盘
69,09:33:25,24.93,94710,38,卖盘
70,09:33:29,24.94,264362,106,买盘
71,09:33:31,24.91,418782,168,卖盘
72,09:33:34,24.89,139487,56,卖盘
73,09:33:37,24.9,224208,90,中性盘
74,09:33:40,24.9,84659,34,买盘
75,09:33:43,24.9,122032,49,卖盘
76,09:33:46,24.91,57283,23,中性盘
77,09:33:49,24.93,229217,92,买盘
78,09:33:52,24.9,169368,68,卖盘
79,09:33:55,24.91,376245,151,卖盘
80,09:33:58,24.91,308723,124,买盘
81,09:34:02,24.9,719380,289,中性盘
82,09:34:04,24.85,258645,104,卖盘
83,09:34:08,24.82,268210,108,卖盘
84,09:34:11,24.85,129050,52,买盘
85,09:34:13,24.8,84340,34,卖盘
86,09:34:17,24.8,101727,41,买盘
87,09:34:20,24.85,701918,283,买盘
88,09:34:22,24.82,62128,25,中性盘
89,09:34:25,24.85,272819,110,中性盘
90,09:34:28,24.85,89408,36,卖盘
91,09:34:31,24.82,52106,21,卖盘
92,09:34:34,24.8,233296,94,卖盘
93,09:34:37,24.82,151449,61,买盘
94,09:34:40,24.82,379328,153,卖盘
95,09:34:43,24.81,134072,54,中性盘
96,09:34:46,24.8,166157,67,卖盘
97,09:34:49,24.8,243045,98,卖盘
98,09:34:53,24.79,89262,36,卖盘
99,09:34:55,24.77,39667,16,卖盘
100,09:34:59,24.77,66881,27,卖盘
101,09:35:01,24.76,76769,31,卖盘
102,09:35:04,24.76,81722,33,卖盘
103,09:35:07,24.76,198049,80,卖盘
104,09:35:11,24.81,1201988,485,买盘
105,09:35:13,24.81,240812,97,卖盘
106,09:35:16,24.81,300537,121,卖盘
107,09:35:19,24.81,173698,70,卖盘
108,09:35:22,24.87,34824,14,卖盘
109,09:35:25,24.89,69633,28,买盘
110,09:35:28,24.85,256220,103,卖盘
111,09:35:32,24.87,14922,6,买盘
112,09:35:34,24.87,67181,27,中性盘
113,09:35:37,24.89,191635,77,买盘
114,09:35:41,24.89,186567,75,买盘
115,09:35:43,24.89,84600,34,买盘
116,09:35:46,24.89,144327,58,买盘
117,09:35:49,24.89,201586,81,买盘
118,09:35:53,24.89,126933,51,买盘
119,09:35:55,24.88,174179,70,卖盘
120,09:35:58,24.87,42308,17,卖盘
121,09:36:01,24.89,59720,24,买盘
122,09:36:05,24.86,181504,73,卖盘
123,09:36:07,24.86,654496,263,买盘
124,09:36:10,24.88,22387,9,买盘
125,09:36:13,24.86,169036,68,卖盘
126,09:36:16,24.86,47231,19,买盘
127,09:36:19,24.86,166566,67,买盘
128,09:36:22,24.85,12428,5,卖盘
129,09:36:25,24.85,260964,105,卖盘
130,09:36:28,24.85,7455,3,买盘
131,09:36:32,24.83,37245,15,卖盘
132,09:36:34,24.83,730434,294,买盘
133,09:36:38,24.82,191217,77,卖盘
134,09:36:41,24.83,121676,49,中性盘
135,09:36:43,24.85,34790,14,中性盘
136,09:36:46,24.83,104347,42,卖盘
137,09:36:49,24.83,173864,70,卖盘
138,09:36:53,24.84,89477,36,卖盘
139,09:36:55,24.84,17390,7,卖盘
140,09:36:58,24.84,34776,14,买盘
141,09:37:02,24.82,240821,97,卖盘
142,09:37:04,24.83,17375,7,买盘
143,09:37:08,24.82,89363,36,卖盘
144,09:37:10,24.82,126564,51,卖盘
145,09:37:13,24.82,516256,208,买盘
146,09:37:16,24.89,2094788,843,买盘
147,09:37:20,24.88,97077,39,卖盘
148,09:37:23,24.89,37325,15,买盘
149,09:37:25,24.89,54742,22,买盘
150,09:37:28,24.89,39824,16,买盘
151,09:37:31,24.87,77133,31,卖盘
152,09:37:35,24.86,238814,96,卖盘
153,09:37:38,24.86,305645,123,卖盘
154,09:37:40,24.85,22366,9,中性盘
155,09:37:43,24.9,1235238,496,买盘
156,09:37:46,24.89,74689,30,卖盘
157,09:37:49,24.93,119648,48,买盘
158,09:37:52,24.91,32393,13,中性盘
159,09:37:55,24.93,92179,37,买盘
160,09:37:58,24.93,1333743,535,卖盘
161,09:38:02,24.97,1115455,447,买盘
162,09:38:05,24.97,649328,260,买盘
163,09:38:07,24.97,1302610,522,卖盘
164,09:38:10,24.99,497320,199,买盘
165,09:38:14,25.02,790752,316,买盘
166,09:38:16,25.09,35048,14,买盘
167,09:38:19,25.1,1121573,447,买盘
168,09:38:23,25.1,416484,166,买盘
169,09:38:26,25.08,479069,191,中性盘
170,09:38:29,25.04,396099,158,卖盘
171,09:38:32,25.07,586535,234,买盘
172,09:38:35,25.09,255857,102,买盘
173,09:38:37,25.09,188145,75,买盘
174,09:38:41,25.09,449212,179,卖盘
175,09:38:44,25.09,890796,355,卖盘
176,09:38:46,25.09,510098,203,卖盘
177,09:38:50,25.12,519925,207,买盘
178,09:38:52,25.12,808308,322,卖盘
179,09:38:55,25.09,1166475,465,卖盘
180,09:38:58,25.08,474236,189,中性盘
181,09:39:01,25.02,591511,236,卖盘
182,09:39:04,25.05,415455,166,卖盘
183,09:39:07,25.0,538707,215,卖盘
184,09:39:10,25.05,595711,238,卖盘
185,09:39:13,25.05,460715,184,买盘
186,09:39:16,25.0,1447706,579,卖盘
187,09:39:19,25.0,227500,91,买盘
188,09:39:22,24.99,249995,100,卖盘
189,09:39:25,24.99,94983,38,卖盘
190,09:39:29,24.98,134747,54,中性盘
191,09:39:31,25.0,354735,142,买盘
192,09:39:34,24.99,219887,88,中性盘
193,09:39:37,24.97,239831,96,卖盘
194,09:39:40,24.96,147277,59,中性盘
195,09:39:44,24.93,67321,27,卖盘
196,09:39:47,24.89,1028585,413,卖盘
197,09:39:49,24.9,129470,52,买盘
198,09:39:53,24.9,17429,7,买盘
199,09:39:55,24.89,418315,168,卖盘
200,09:39:59,24.9,74693,30,买盘
201,09:40:02,24.9,139423,56,买盘
202,09:40:05,24.91,196758,79,买盘
203,09:40:07,24.91,77245,31,卖盘
204,09:40:10,24.91,17441,7,卖盘
205,09:40:13,24.91,224258,90,卖盘
206,09:40:16,24.91,269101,108,买盘
207,09:40:19,24.85,1167526,469,卖盘
208,09:40:23,24.81,427002,172,卖盘
209,09:40:26,24.82,163761,66,中性盘
210,09:40:28,24.8,357309,144,卖盘
211,09:40:31,24.8,555492,224,卖盘
212,09:40:35,24.77,116436,47,卖盘
213,09:40:38,24.76,205480,83,卖盘
214,09:40:41,24.74,173248,70,卖盘
215,09:40:43,24.75,242560,98,买盘
216,09:40:46,24.75,76725,31,卖盘
217,09:40:49,24.76,383732,155,买盘
218,09:40:53,24.75,341571,138,卖盘
219,09:40:55,24.75,564156,228,卖盘
220,09:40:58,24.75,180645,73,买盘
221,09:41:01,24.73,380735,154,中性盘
222,09:41:04,24.72,61815,25,中性盘
223,09:41:07,24.72,84007,34,买盘
224,09:41:10,24.72,71691,29,买盘
225,09:41:14,24.72,237211,96,买盘
226,09:41:16,24.69,1183580,479,卖盘
227,09:41:19,24.68,345671,140,卖盘
228,09:41:23,24.65,382393,155,卖盘
229,09:41:26,24.65,51765,21,卖盘
230,09:41:28,24.65,73928,30,卖盘
231,09:41:32,24.63,22173,9,卖盘
232,09:41:34,24.63,369498,150,买盘
233,09:41:37,24.62,258492,105,卖盘
234,09:41:41,24.61,59086,24,卖盘
235,09:41:43,24.6,191969,78,卖盘
236,09:41:47,24.59,1097262,446,卖盘
237,09:41:49,24.58,302448,123,卖盘
238,09:41:53,24.57,167155,68,卖盘
239,09:41:55,24.58,137641,56,买盘
240,09:41:58,24.58,110589,45,买盘
241,09:42:01,24.58,346566,141,卖盘
242,09:42:05,24.59,459991,187,买盘
243,09:42:08,24.61,386205,157,买盘
244,09:42:11,24.62,22153,9,买盘
245,09:42:13,24.62,100947,41,买盘
246,09:42:17,24.63,248695,101,买盘
247,09:42:20,24.62,337342,137,卖盘
248,09:42:23,24.64,157647,64,买盘
249,09:42:26,24.64,194610,79,卖盘
250,09:42:29,24.6,1597317,649,卖盘
251,09:42:32,24.6,277931,113,买盘
252,09:42:35,24.6,118082,48,买盘
253,09:42:38,24.6,253388,103,卖盘
254,09:42:40,24.6,132854,54,卖盘
255,09:42:43,24.61,152548,62,买盘
256,09:42:46,24.61,233751,95,买盘
257,09:42:49,24.6,196862,80,卖盘
258,09:42:53,24.61,140277,57,卖盘
259,09:42:55,24.62,22152,9,买盘
260,09:42:59,24.62,54150,22,买盘
261,09:43:02,24.62,573640,233,买盘
262,09:43:05,24.62,748393,304,买盘
263,09:43:08,24.62,288045,117,卖盘
264,09:43:10,24.64,231430,94,买盘
265,09:43:13,24.64,91142,37,买盘
266,09:43:16,24.64,411274,167,买盘
267,09:43:20,24.64,132984,54,买盘
268,09:43:22,24.62,130486,53,卖盘
269,09:43:26,24.64,829980,337,买盘
270,09:43:29,24.62,132936,54,中性盘
271,09:43:32,24.63,41855,17,买盘
272,09:43:34,24.64,76375,31,买盘
273,09:43:37,24.64,78817,32,买盘
274,09:43:40,24.64,302845,123,买盘
275,09:43:43,24.63,554811,225,卖盘
276,09:43:47,24.64,46804,19,买盘
277,09:43:50,24.64,189705,77,卖盘
278,09:43:53,24.64,86249,35,卖盘
279,09:43:55,24.65,56709,23,卖盘
280,09:43:58,24.69,12333,5,买盘
281,09:44:01,24.67,431389,175,买盘
282,09:44:05,24.66,323072,131,卖盘
283,09:44:08,24.66,69073,28,卖盘
284,09:44:11,24.66,705288,286,卖盘
285,09:44:14,24.69,115921,47,买盘
286,09:44:17,24.66,19722,8,买盘
287,09:44:19,24.65,357427,145,卖盘
288,09:44:23,24.62,261128,106,卖盘
289,09:44:25,24.64,549047,223,买盘
290,09:44:29,24.65,243681,99,买盘
291,09:44:32,24.64,115739,47,中性盘
292,09:44:34,24.62,115716,47,卖盘
293,09:44:38,24.63,162528,66,中性盘
294,09:44:40,24.64,73897,30,买盘
295,09:44:44,24.64,100969,41,买盘
296,09:44:47,24.62,46793,19,卖盘
297,09:44:49,24.64,39401,16,买盘
298,09:44:53,24.62,118187,48,卖盘
299,09:44:55,24.62,115715,47,买盘
300,09:44:59,24.61,248576,101,卖盘
301,09:45:01,24.61,71370,29,卖盘
302,09:45:05,24.62,95985,39,买盘
303,09:45:08,24.61,462785,188,卖盘
304,09:45:10,24.61,191972,78,卖盘
305,09:45:14,24.61,88598,36,卖盘
306,09:45:16,24.61,282953,115,中性盘
307,09:45:20,24.6,120568,49,卖盘
308,09:45:23,24.6,36903,15,卖盘
309,09:45:26,24.6,302605,123,卖盘
310,09:45:29,24.6,1264440,514,卖盘
311,09:45:32,24.6,71340,29,卖盘
312,09:45:35,24.59,73790,30,卖盘
313,09:45:38,24.59,486893,198,卖盘
314,09:45:40,24.59,46707,19,买盘
315,09:45:44,24.59,98331,40,买盘
316,09:45:47,24.58,1140309,464,卖盘
317,09:45:49,24.56,22105,9,卖盘
318,09:45:53,24.56,223520,91,卖盘
319,09:45:55,24.55,319242,130,卖盘
320,09:45:59,24.55,206223,84,卖盘
321,09:46:02,24.54,351132,143,卖盘
322,09:46:05,24.53,704452,287,卖盘
323,09:46:08,24.54,122681,50,卖盘
324,09:46:10,24.53,233022,95,卖盘
325,09:46:14,24.53,58859,24,买盘
326,09:46:16,24.51,669228,273,卖盘
327,09:46:20,24.51,156868,64,卖盘
328,09:46:23,24.5,46552,19,卖盘
329,09:46:26,24.5,379753,155,卖盘
330,09:46:29,24.5,999664,408,卖盘
331,09:46:32,24.5,512057,209,卖盘
332,09:46:35,24.51,448388,183,买盘
333,09:46:38,24.51,100460,41,卖盘
334,09:46:41,24.52,465677,190,买盘
335,09:46:44,24.51,75981,31,卖盘
336,09:46:47,24.51,68626,28,买盘
337,09:46:50,24.5,223006,91,卖盘
338,09:46:53,24.49,649236,265,卖盘
339,09:46:56,24.49,242538,99,买盘
340,09:46:59,24.48,97953,40,卖盘
341,09:47:02,24.49,220440,90,卖盘
342,09:47:05,24.49,286518,117,卖盘
343,09:47:08,24.48,88146,36,卖盘
344,09:47:10,24.48,122424,50,卖盘
345,09:47:14,24.49,129777,53,买盘
346,09:47:17,24.49,247318,101,买盘
347,09:47:19,24.49,347692,142,买盘
348,09:47:22,24.49,330656,135,卖盘
349,09:47:25,24.5,249857,102,买盘
350,09:47:29,24.52,144568,59,买盘
351,09:47:32,24.56,702013,286,买盘
352,09:47:35,24.57,93357,38,中性盘
353,09:47:38,24.57,312230,127,卖盘
354,09:47:40,24.58,520595,212,卖盘
355,09:47:43,24.58,110666,45,卖盘
356,09:47:47,24.58,117979,48,卖盘
357,09:47:49,24.58,78660,32,卖盘
358,09:47:53,24.55,24547,10,中性盘
359,09:47:56,24.59,243307,99,买盘
360,09:47:59,24.55,61396,25,卖盘
361,09:48:02,24.55,176709,72,卖盘
362,09:48:04,24.56,19646,8,中性盘
363,09:48:07,24.56,162081,66,买盘
364,09:48:10,24.55,184179,75,卖盘
365,09:48:13,24.56,88397,36,中性盘
366,09:48:16,24.55,326839,133,卖盘
367,09:48:19,24.55,117852,48,卖盘
368,09:48:23,24.55,157152,64,卖盘
369,09:48:25,24.56,184149,75,中性盘
370,09:48:28,24.55,265235,108,卖盘
371,09:48:32,24.56,46654,19,买盘
372,09:48:34,24.55,34375,14,卖盘
373,09:48:38,24.55,213563,87,卖盘
374,09:48:40,24.52,613243,250,卖盘
375,09:48:47,24.52,127490,52,买盘
376,09:48:50,24.55,465906,190,买盘
377,09:48:52,24.53,58876,24,卖盘
378,09:48:55,24.57,277532,113,买盘
379,09:48:58,24.57,41761,17,卖盘
380,09:49:02,24.57,90931,37,中性盘
381,09:49:04,24.57,27029,11,卖盘
382,09:49:07,24.57,19656,8,买盘
383,09:49:11,24.57,71252,29,买盘
384,09:49:13,24.56,226030,92,卖盘
385,09:49:19,24.57,117892,48,买盘
386,09:49:23,24.56,54006,22,中性盘
387,09:49:26,24.55,14730,6,卖盘
388,09:49:29,24.56,289788,118,买盘
389,09:49:32,24.64,2290745,931,买盘
390,09:49:35,24.65,56695,23,卖盘
391,09:49:38,24.64,83763,34,卖盘
392,09:49:41,24.62,238832,97,卖盘
393,09:49:43,24.59,66439,27,卖盘
394,09:49:47,24.6,19672,8,中性盘
395,09:49:49,24.57,36889,15,卖盘
396,09:49:53,24.57,29485,12,卖盘
397,09:49:56,24.56,85981,35,卖盘
398,09:49:59,24.55,211174,86,卖盘
399,09:50:02,24.54,154649,63,卖盘
400,09:50:04,24.54,71178,29,卖盘
401,09:50:07,24.54,19632,8,买盘
402,09:50:10,24.53,29443,12,卖盘
403,09:50:14,24.53,144738,59,卖盘
404,09:50:16,24.53,95667,39,卖盘
405,09:50:20,24.52,26977,11,卖盘
406,09:50:23,24.52,277118,113,卖盘
407,09:50:26,24.52,201048,82,卖盘
408,09:50:29,24.48,1889137,771,卖盘
409,09:50:32,24.5,63686,26,买盘
410,09:50:35,24.48,97910,40,卖盘
411,09:50:38,24.47,636088,260,卖盘
412,09:50:41,24.46,413342,169,中性盘
413,09:50:44,24.44,2584364,1057,卖盘
414,09:50:46,24.43,90417,37,卖盘
415,09:50:50,24.43,61085,25,卖盘
416,09:50:53,24.43,178347,73,卖盘
417,09:50:56,24.42,339534,139,卖盘
418,09:50:59,24.42,490964,201,卖盘
419,09:51:02,24.42,417484,171,卖盘
420,09:51:05,24.41,485869,199,卖盘
421,09:51:08,24.41,366174,150,卖盘
422,09:51:10,24.41,261184,107,买盘
423,09:51:14,24.41,307545,126,卖盘
424,09:51:17,24.41,231891,95,卖盘
425,09:51:20,24.41,597959,245,买盘
426,09:51:23,24.41,551526,226,买盘
427,09:51:26,24.41,317268,130,卖盘
428,09:51:29,24.41,168429,69,卖盘
429,09:51:32,24.41,97628,40,买盘
430,09:51:35,24.41,392965,161,买盘
431,09:51:37,24.41,192800,79,买盘
432,09:51:40,24.41,339276,139,买盘
433,09:51:44,24.4,1161440,476,卖盘
434,09:51:47,24.4,107330,44,买盘
435,09:51:50,24.39,507466,208,卖盘
436,09:51:52,24.39,338984,139,买盘
437,09:51:56,24.4,187828,77,买盘
438,09:51:59,24.39,263414,108,卖盘
439,09:52:02,24.4,97583,40,买盘
440,09:52:05,24.4,129298,53,买盘
441,09:52:08,24.39,356102,146,卖盘
442,09:52:10,24.41,282946,116,买盘
443,09:52:14,24.4,212206,87,卖盘
444,09:52:17,24.4,65877,27,卖盘
445,09:52:20,24.4,51241,21,卖盘
446,09:52:22,24.4,153744,63,卖盘
447,09:52:25,24.4,331847,136,卖盘
448,09:52:28,24.41,119584,49,买盘
449,09:52:32,24.4,126899,52,卖盘
450,09:52:34,24.41,51256,21,买盘
451,09:52:37,24.41,570966,234,买盘
452,09:52:41,24.41,65904,27,买盘
453,09:52:44,24.41,351454,144,买盘
454,09:52:47,24.41,87876,36,卖盘
455,09:52:49,24.41,14646,6,卖盘
456,09:52:53,24.41,117174,48,卖盘
457,09:52:56,24.41,61023,25,买盘
458,09:52:59,24.4,95178,39,卖盘
459,09:53:02,24.41,51261,21,买盘
460,09:53:05,24.41,332015,136,卖盘
461,09:53:08,24.42,161149,66,买盘
462,09:53:10,24.42,31755,13,卖盘
463,09:53:13,24.43,41525,17,买盘
464,09:53:17,24.43,83041,34,卖盘
465,09:53:19,24.44,78195,32,买盘
466,09:53:23,24.44,68432,28,卖盘
467,09:53:26,24.44,9777,4,卖盘
468,09:53:29,24.46,68463,28,买盘
469,09:53:32,24.45,158931,65,卖盘
470,09:53:35,24.45,44017,18,卖盘
471,09:53:38,24.47,46475,19,买盘
472,09:53:41,24.45,584929,239,卖盘
473,09:53:43,24.48,66112,27,卖盘
474,09:53:47,24.49,141936,58,买盘
475,09:53:50,24.47,31816,13,中性盘
476,09:53:53,24.47,75845,31,买盘
477,09:53:56,24.46,9784,4,中性盘
478,09:53:59,24.46,31798,13,买盘
479,09:54:02,24.46,39134,16,买盘
480,09:54:05,24.45,210276,86,卖盘
481,09:54:08,24.46,68475,28,买盘
482,09:54:10,24.46,31801,13,卖盘
483,09:54:14,24.46,24451,10,买盘
484,09:54:17,24.46,29348,12,买盘
485,09:54:20,24.45,168726,69,卖盘
486,09:54:23,24.45,90493,37,中性盘
487,09:54:26,24.46,22010,9,买盘
488,09:54:29,24.45,75799,31,卖盘
489,09:54:32,24.45,51346,21,卖盘
490,09:54:35,24.46,61133,25,买盘
491,09:54:38,24.45,48898,20,卖盘
492,09:54:40,24.44,132044,54,卖盘
493,09:54:43,24.44,90438,37,卖盘
494,09:54:47,24.44,217526,89,卖盘
495,09:54:50,24.45,85548,35,中性盘
496,09:54:53,24.44,36660,15,中性盘
497,09:54:59,24.44,97763,40,买盘
498,09:55:02,24.43,207697,85,卖盘
499,09:55:05,24.43,34214,14,卖盘
500,09:55:08,24.44,166135,68,中性盘
501,09:55:11,24.42,41531,17,卖盘
502,09:55:14,24.43,107460,44,买盘
503,09:55:17,24.42,12210,5,卖盘
504,09:55:20,24.42,95247,39,卖盘
505,09:55:23,24.41,114727,47,卖盘
506,09:55:26,24.39,1527470,626,卖盘
507,09:55:29,24.36,2328169,955,卖盘
508,09:55:32,24.35,153455,63,卖盘
509,09:55:35,24.35,163147,67,卖盘
510,09:55:38,24.35,557517,229,卖盘
511,09:55:41,24.33,245808,101,卖盘
512,09:55:44,24.33,138683,57,卖盘
513,09:55:47,24.32,376905,155,卖盘
514,09:55:50,24.3,520039,214,卖盘
515,09:55:53,24.3,191981,79,卖盘
516,09:55:56,24.28,1127365,464,卖盘
517,09:55:59,24.28,123796,51,买盘
518,09:56:02,24.26,41254,17,卖盘
519,09:56:05,24.27,390471,161,买盘
520,09:56:08,24.29,832433,343,买盘
521,09:56:10,24.29,449266,185,卖盘
522,09:56:14,24.28,206377,85,中性盘
523,09:56:17,24.29,833063,343,买盘
524,09:56:20,24.29,82603,34,卖盘
525,09:56:23,24.3,225942,93,买盘
526,09:56:26,24.3,121512,50,卖盘
527,09:56:29,24.29,311030,128,卖盘
528,09:56:32,24.31,58330,24,买盘
529,09:56:35,24.31,306203,126,卖盘
530,09:56:38,24.31,68059,28,买盘
531,09:56:40,24.31,388904,160,买盘
532,09:56:44,24.3,393786,162,卖盘
533,09:56:47,24.3,85044,35,买盘
534,09:56:50,24.29,85023,35,卖盘
535,09:56:53,24.29,298797,123,卖盘
536,09:56:56,24.29,228329,94,卖盘
537,09:56:59,24.29,111733,46,买盘
538,09:57:02,24.29,102004,42,买盘
539,09:57:05,24.29,235551,97,买盘
540,09:57:08,24.28,726083,299,卖盘
541,09:57:11,24.28,123816,51,买盘
542,09:57:14,24.27,131064,54,卖盘
543,09:57:17,24.27,293685,121,卖盘
544,09:57:23,24.26,242614,100,卖盘
545,09:57:26,24.26,164983,68,卖盘
546,09:57:29,24.26,235273,97,中性盘
547,09:57:32,24.25,458346,189,卖盘
548,09:57:35,24.25,111550,46,买盘
549,09:57:38,24.25,346662,143,买盘
550,09:57:41,24.26,1278287,527,买盘
551,09:57:44,24.25,1004120,414,卖盘
552,09:57:47,24.25,181886,75,卖盘
553,09:57:50,24.25,130982,54,卖盘
554,09:57:53,24.25,528693,218,卖盘
555,09:57:56,24.27,1058591,436,买盘
556,09:57:59,24.27,165047,68,卖盘
557,09:58:02,24.27,128691,53,卖盘
558,09:58:05,24.25,225688,93,卖盘
559,09:58:08,24.31,34016,14,买盘
560,09:58:11,24.28,14574,6,卖盘
561,09:58:14,24.28,31564,13,卖盘
562,09:58:17,24.28,121400,50,买盘
563,09:58:20,24.27,230590,95,卖盘
564,09:58:23,24.27,97086,40,卖盘
565,09:58:26,24.27,123808,51,卖盘
566,09:58:29,24.27,111642,46,买盘
567,09:58:32,24.26,75220,31,卖盘
568,09:58:35,24.26,281466,116,卖盘
569,09:58:37,24.26,196537,81,卖盘
570,09:58:41,24.26,191654,79,买盘
571,09:58:44,24.27,26697,11,中性盘
572,09:58:47,24.28,87387,36,买盘
573,09:58:49,24.26,24265,10,卖盘
574,09:58:53,24.26,281427,116,卖盘
575,09:58:56,24.26,179523,74,买盘
576,09:58:59,24.25,172220,71,卖盘
577,09:59:01,24.26,191652,79,买盘
578,09:59:04,24.26,87316,36,买盘
579,09:59:07,24.25,145558,60,卖盘
580,09:59:11,24.26,130974,54,买盘
581,09:59:14,24.25,259486,107,卖盘
582,09:59:17,24.26,220701,91,买盘
583,09:59:20,24.25,332238,137,卖盘
584,09:59:23,24.26,172181,71,买盘
585,09:59:26,24.25,143080,59,卖盘
586,09:59:29,24.26,82466,34,买盘
587,09:59:32,24.26,67904,28,买盘
588,09:59:35,24.26,145507,60,买盘
589,09:59:37,24.25,4849,2,买盘
590,09:59:41,24.25,50925,21,买盘
591,09:59:44,24.25,324856,134,买盘
592,09:59:47,24.25,196401,81,买盘
593,09:59:50,24.25,87300,36,卖盘
594,09:59:53,24.26,327359,135,买盘
595,09:59:56,24.25,196484,81,卖盘
596,09:59:59,24.25,46068,19,买盘
597,10:00:01,24.24,116379,48,卖盘
598,10:00:05,24.23,65445,27,卖盘
599,10:00:07,24.25,53330,22,买盘
600,10:00:11,24.25,50904,21,买盘
601,10:00:14,24.25,92101,38,买盘
602,10:00:17,24.23,109069,45,卖盘
603,10:00:20,24.25,31521,13,买盘
604,10:00:23,24.25,206104,85,买盘
605,10:00:26,24.23,140558,58,卖盘
606,10:00:29,24.24,332077,137,买盘
607,10:00:31,24.24,106671,44,卖盘
608,10:00:35,24.24,121215,50,卖盘
609,10:00:38,24.23,135724,56,卖盘
610,10:00:41,24.24,26663,11,买盘
611,10:00:44,24.24,70281,29,买盘
612,10:00:47,24.23,208378,86,卖盘
613,10:00:50,24.22,213223,88,卖盘
614,10:00:53,24.22,1774614,733,卖盘
615,10:00:56,24.22,79928,33,卖盘
616,10:00:59,24.24,1334841,551,买盘
617,10:01:02,24.24,264292,109,卖盘
618,10:01:04,24.25,298327,123,中性盘
619,10:01:08,24.26,196374,81,买盘
620,10:01:10,24.25,160075,66,卖盘
621,10:01:13,24.25,4850,2,买盘
622,10:01:16,24.26,63076,26,卖盘
623,10:01:19,24.26,565822,233,卖盘
624,10:01:25,24.26,240244,99,卖盘
625,10:01:28,24.26,16978,7,买盘
626,10:01:32,24.26,38816,16,买盘
627,10:01:35,24.27,94618,39,买盘
628,10:01:37,24.26,104319,43,卖盘
629,10:01:41,24.26,43668,18,买盘
630,10:01:43,24.26,164914,68,买盘
631,10:01:46,24.26,60645,25,买盘
632,10:01:49,24.26,41228,17,买盘
633,10:01:52,24.25,257098,106,卖盘
634,10:01:55,24.25,63044,26,买盘
635,10:01:58,24.26,48517,20,买盘
636,10:02:02,24.25,140696,58,卖盘
637,10:02:04,24.25,172181,71,卖盘
638,10:02:07,24.25,82458,34,卖盘
639,10:02:11,24.26,82500,34,买盘
640,10:02:13,24.26,53380,22,卖盘
641,10:02:16,24.29,48537,20,买盘
642,10:02:19,24.28,9712,4,中性盘
643,10:02:23,24.3,53459,22,买盘
644,10:02:26,24.31,19445,8,买盘
645,10:02:28,24.3,48614,20,卖盘
646,10:02:31,24.32,19455,8,买盘
647,10:02:35,24.31,60795,25,卖盘
648,10:02:37,24.31,1059689,436,卖盘
649,10:02:41,24.31,332954,137,买盘
650,10:02:43,24.31,70499,29,买盘
651,10:02:47,24.32,362224,149,买盘
652,10:02:50,24.32,119124,49,买盘
653,10:02:52,24.31,267413,110,卖盘
654,10:02:55,24.31,194462,80,卖盘
655,10:02:58,24.3,262521,108,中性盘
656,10:03:01,24.28,138393,57,卖盘
657,10:03:04,24.26,218431,90,卖盘
658,10:03:07,24.27,60686,25,买盘
659,10:03:11,24.28,26700,11,买盘
660,10:03:13,24.27,33981,14,中性盘
661,10:03:17,24.28,58260,24,买盘
662,10:03:19,24.28,12140,5,卖盘
663,10:03:22,24.29,211230,87,买盘
664,10:03:26,24.3,26713,11,买盘
665,10:03:29,24.29,24288,10,卖盘
666,10:03:31,24.3,85050,35,买盘
667,10:03:34,24.29,19437,8,卖盘
668,10:03:37,24.29,602372,248,卖盘
669,10:03:40,24.29,60725,25,买盘
670,10:03:43,24.29,284148,117,买盘
671,10:03:46,24.29,38864,16,买盘
672,10:03:50,24.29,118982,49,买盘
673,10:03:53,24.29,68011,28,卖盘
674,10:03:55,24.3,272160,112,买盘
675,10:03:58,24.31,46175,19,买盘
676,10:04:02,24.31,111820,46,买盘
677,10:04:04,24.31,70498,29,买盘
678,10:04:08,24.31,92378,38,买盘
679,10:04:10,24.32,19456,8,买盘
680,10:04:13,24.31,60795,25,卖盘
681,10:04:16,24.32,94867,39,卖盘
682,10:04:19,24.35,121745,50,买盘
683,10:04:22,24.35,19480,8,买盘
684,10:04:25,24.34,974028,400,卖盘
685,10:04:28,24.35,155807,64,买盘
686,10:04:32,24.36,1061703,436,买盘
687,10:04:34,24.38,12187,5,买盘
688,10:04:37,24.38,155985,64,买盘
689,10:04:41,24.38,56070,23,买盘
690,10:04:44,24.36,346142,142,卖盘
691,10:04:46,24.38,807222,331,买盘
692,10:04:49,24.38,258468,106,买盘
693,10:04:53,24.45,847493,347,买盘
694,10:04:56,24.41,254317,104,中性盘
695,10:04:59,24.61,502636,205,买盘
696,10:05:01,24.5,144955,59,卖盘
697,10:05:04,24.63,504297,205,买盘
698,10:05:08,24.63,408596,166,买盘
699,10:05:10,24.62,22150,9,中性盘
700,10:05:13,24.62,83673,34,买盘
701,10:05:16,24.58,356627,145,卖盘
702,10:05:19,24.57,61438,25,中性盘
703,10:05:23,24.7,1507464,611,买盘
704,10:05:26,24.55,127695,52,卖盘
705,10:05:28,24.55,152200,62,买盘
706,10:05:31,24.55,31882,13,买盘
707,10:05:34,24.6,66257,27,买盘
708,10:05:38,24.59,31931,13,中性盘
709,10:05:41,24.58,523337,213,中性盘
710,10:05:43,24.56,243346,99,卖盘
711,10:05:47,24.57,240984,98,中性盘
712,10:05:49,24.6,174526,71,买盘
713,10:05:52,24.6,452210,184,买盘
714,10:05:55,24.6,569209,232,卖盘
715,10:05:59,24.56,58976,24,中性盘
716,10:06:01,24.52,56469,23,卖盘
717,10:06:04,24.52,152295,62,卖盘
718,10:06:08,24.56,78509,32,中性盘
719,10:06:10,24.52,26976,11,卖盘
720,10:06:13,24.58,120243,49,买盘
721,10:06:17,24.52,213578,87,中性盘
722,10:06:20,24.52,216064,88,卖盘
723,10:06:23,24.53,41774,17,卖盘
724,10:06:25,24.54,264870,108,中性盘
725,10:06:28,24.51,237806,97,卖盘
726,10:06:31,24.53,134857,55,买盘
727,10:06:34,24.52,12264,5,卖盘
728,10:06:38,24.51,311297,127,卖盘
729,10:06:41,24.49,727628,297,卖盘
730,10:06:43,24.5,9799,4,买盘
731,10:06:47,24.52,284012,116,买盘
732,10:06:50,24.52,56363,23,买盘
733,10:06:53,24.48,48960,20,买盘
734,10:06:56,24.47,7341,3,卖盘
735,10:06:59,24.48,53845,22,中性盘
736,10:07:01,24.46,107731,44,卖盘
737,10:07:05,24.5,2450,1,买盘
738,10:07:07,24.47,266698,109,买盘
739,10:07:13,24.47,78304,32,卖盘
740,10:07:17,24.48,53842,22,买盘
741,10:07:20,24.48,107707,44,买盘
742,10:07:22,24.47,124797,51,买盘
743,10:07:25,24.48,2448,1,买盘
744,10:07:28,24.48,19578,8,买盘
745,10:07:31,24.48,48960,20,买盘
746,10:07:35,24.48,626686,256,买盘
747,10:07:41,24.49,14694,6,买盘
748,10:07:43,24.48,48966,20,卖盘
749,10:07:47,24.48,34279,14,卖盘
750,10:07:49,24.5,75919,31,买盘
751,10:07:52,24.48,386801,158,卖盘
752,10:07:56,24.5,46546,19,买盘
753,10:07:59,24.5,12250,5,买盘
754,10:08:02,24.5,105338,43,买盘
755,10:08:05,24.5,22060,9,卖盘
756,10:08:10,24.49,235178,96,卖盘
757,10:08:13,24.52,51460,21,买盘
758,10:08:17,24.5,53905,22,卖盘
759,10:08:19,24.53,63748,26,买盘
760,10:08:22,24.51,7355,3,卖盘
761,10:08:26,24.53,12265,5,买盘
762,10:08:28,24.52,4904,2,卖盘
763,10:08:31,24.53,2453,1,买盘
764,10:08:35,24.53,225588,92,买盘
765,10:08:37,24.52,286947,117,卖盘
766,10:08:41,24.55,508070,207,买盘
767,10:08:43,24.56,14736,6,卖盘
768,10:08:47,24.57,44219,18,买盘
769,10:08:49,24.57,58943,24,中性盘
770,10:08:52,24.57,140049,57,买盘
771,10:08:56,24.57,103189,42,买盘
772,10:08:59,24.57,157220,64,买盘
773,10:09:01,24.53,508294,207,卖盘
774,10:09:04,24.53,137419,56,卖盘
775,10:09:07,24.52,66242,27,卖盘
776,10:09:11,24.52,107948,44,卖盘
777,10:09:13,24.54,9816,4,买盘
778,10:09:16,24.55,198855,81,买盘
779,10:09:19,24.59,1206087,491,买盘
780,10:09:22,24.6,137760,56,买盘
781,10:09:25,24.6,2460,1,卖盘
782,10:09:28,24.61,159904,65,买盘
783,10:09:31,24.59,309924,126,卖盘
784,10:09:34,24.6,14760,6,买盘
785,10:09:37,24.57,120401,49,卖盘
786,10:09:41,24.57,83548,34,买盘
787,10:09:44,24.56,4916,2,卖盘
788,10:09:47,24.56,233355,95,卖盘
789,10:09:50,24.57,58968,24,买盘
790,10:09:52,24.56,86000,35,卖盘
791,10:09:56,24.56,31940,13,卖盘
792,10:09:58,24.57,29484,12,卖盘
793,10:10:01,24.57,132675,54,卖盘
794,10:10:04,24.58,277926,113,中性盘
795,10:10:07,24.59,241002,98,中性盘
796,10:10:10,24.65,86260,35,买盘
797,10:10:13,24.71,528292,214,买盘
798,10:10:16,24.75,887207,359,买盘
799,10:10:20,24.73,1401217,566,中性盘
800,10:10:23,24.74,2649114,1072,买盘
801,10:10:25,24.7,471997,191,卖盘
802,10:10:28,24.7,143236,58,中性盘
803,10:10:32,24.71,160526,65,买盘
804,10:10:34,24.71,175217,71,买盘
805,10:10:37,24.7,414809,168,买盘
806,10:10:40,24.69,261714,106,卖盘
807,10:10:44,24.7,273983,111,买盘
808,10:10:46,24.68,12340,5,中性盘
809,10:10:50,24.7,259230,105,买盘
810,10:10:52,24.7,66689,27,中性盘
811,10:10:56,24.71,214915,87,买盘
812,10:10:58,24.72,195187,79,买盘
813,10:11:01,24.74,341021,138,买盘
814,10:11:04,24.76,623947,252,买盘
815,10:11:07,24.77,76782,31,中性盘
816,10:11:10,24.77,44598,18,中性盘
817,10:11:14,24.8,374144,151,买盘
818,10:11:17,24.77,220697,89,卖盘
819,10:11:19,24.8,111543,45,买盘
820,10:11:22,24.77,116386,47,中性盘
821,10:11:25,24.75,178254,72,卖盘
822,10:11:29,24.75,81656,33,中性盘
823,10:11:32,24.73,106489,43,卖盘
824,10:11:34,24.73,46985,19,买盘
825,10:11:38,24.72,126041,51,买盘
826,10:11:40,24.71,170547,69,卖盘
827,10:11:43,24.7,2470,1,卖盘
828,10:11:46,24.7,59292,24,卖盘
829,10:11:49,24.69,180301,73,卖盘
830,10:11:53,24.68,9874,4,卖盘
831,10:11:56,24.67,46880,19,卖盘
832,10:11:59,24.65,140573,57,卖盘
833,10:12:01,24.65,86273,35,卖盘
834,10:12:05,24.63,2463,1,卖盘
835,10:12:08,24.63,24642,10,中性盘
836,10:12:11,24.62,46779,19,卖盘
837,10:12:14,24.62,71393,29,买盘
838,10:12:16,24.65,357023,145,买盘
839,10:12:19,24.62,760982,309,卖盘
840,10:12:22,24.64,568955,231,中性盘
841,10:12:25,24.65,49299,20,买盘
842,10:12:28,24.63,189708,77,卖盘
843,10:12:31,24.65,22185,9,买盘
844,10:12:34,24.65,61618,25,买盘
845,10:12:38,24.66,34502,14,买盘
846,10:12:41,24.7,318484,129,买盘
847,10:12:43,24.7,7409,3,买盘
848,10:12:46,24.69,46915,19,卖盘
849,10:12:49,24.72,165557,67,买盘
850,10:12:53,24.74,98922,40,买盘
851,10:12:55,24.76,74229,30,买盘
852,10:12:59,24.78,351859,142,买盘
853,10:13:01,24.77,116425,47,卖盘
854,10:13:04,24.78,29740,12,中性盘
855,10:13:07,24.77,163545,66,卖盘
856,10:13:10,24.79,614707,248,买盘
857,10:13:14,24.79,121471,49,卖盘
858,10:13:16,24.76,453130,183,卖盘
859,10:13:19,24.76,86642,35,买盘
860,10:13:23,24.76,42092,17,买盘
861,10:13:25,24.76,32190,13,卖盘
862,10:13:28,24.78,64392,26,买盘
863,10:13:31,24.76,111420,45,卖盘
864,10:13:34,24.76,79211,32,买盘
865,10:13:38,24.75,116327,47,卖盘
866,10:13:41,24.74,247541,100,卖盘
867,10:13:43,24.75,12375,5,买盘
868,10:13:47,24.74,74207,30,卖盘
869,10:13:52,24.74,64314,26,买盘
870,10:13:55,24.74,343636,139,买盘
871,10:13:59,24.73,155764,63,卖盘
872,10:14:01,24.76,403435,163,买盘
873,10:14:04,24.77,713299,288,买盘
874,10:14:07,24.79,106570,43,买盘
875,10:14:10,24.81,580265,234,买盘
876,10:14:13,24.82,138966,56,买盘
877,10:14:17,24.84,91882,37,买盘
878,10:14:19,24.84,151468,61,买盘
879,10:14:23,24.83,52143,21,卖盘
880,10:14:26,24.83,76975,31,卖盘
881,10:14:28,24.89,1105870,445,买盘
882,10:14:31,24.85,365333,147,卖盘
883,10:14:35,24.85,84562,34,中性盘
884,10:14:37,24.86,47228,19,买盘
885,10:14:40,24.89,49787,20,买盘
886,10:14:44,24.89,29868,12,卖盘
887,10:14:47,24.9,316210,127,买盘
888,10:14:50,24.9,54782,22,卖盘
889,10:14:52,24.9,191921,77,卖盘
890,10:14:55,24.91,201847,81,中性盘
891,10:14:59,24.92,668145,268,买盘
892,10:15:01,24.9,873648,351,卖盘
893,10:15:05,24.93,655634,263,买盘
894,10:15:07,24.93,152051,61,卖盘
895,10:15:11,24.91,127050,51,卖盘
896,10:15:13,24.9,181803,73,卖盘
897,10:15:17,24.84,179135,72,卖盘
898,10:15:19,24.83,166421,67,卖盘
899,10:15:23,24.83,34764,14,卖盘
900,10:15:25,24.83,283149,114,卖盘
901,10:15:28,24.84,365021,147,买盘
902,10:15:32,24.86,744954,300,买盘
903,10:15:34,24.86,114286,46,买盘
904,10:15:38,24.84,124292,50,卖盘
905,10:15:41,24.86,171404,69,买盘
906,10:15:44,24.84,22354,9,买盘
907,10:15:46,24.84,81963,33,买盘
908,10:15:49,24.84,241007,97,买盘
909,10:15:53,24.84,322868,130,卖盘
910,10:15:55,24.84,275640,111,中性盘
911,10:15:58,24.84,47196,19,卖盘
912,10:16:01,24.84,37272,15,卖盘
913,10:16:05,24.86,661842,266,买盘
914,10:16:07,24.88,771631,310,中性盘
915,10:16:11,24.9,37350,15,中性盘
916,10:16:13,24.91,233969,94,买盘
917,10:16:16,24.89,47305,19,中性盘
918,10:16:19,24.89,69711,28,买盘
919,10:16:23,24.89,62240,25,卖盘
920,10:16:25,24.89,4978,2,卖盘
921,10:16:28,24.9,189215,76,买盘
922,10:16:32,24.89,171756,69,卖盘
923,10:16:35,24.89,136930,55,卖盘
924,10:16:37,24.89,22402,9,卖盘
925,10:16:41,24.89,94613,38,卖盘
926,10:16:43,24.89,423147,170,卖盘
927,10:16:46,24.91,475614,191,买盘
928,10:16:49,24.9,151890,61,卖盘
929,10:16:53,24.9,117044,47,卖盘
930,10:16:56,24.9,612539,246,卖盘
931,10:16:58,24.9,79678,32,买盘
932,10:17:01,24.9,57277,23,买盘
933,10:17:04,24.9,670027,269,卖盘
934,10:17:07,24.9,79683,32,卖盘
935,10:17:11,24.9,328680,132,卖盘
936,10:17:13,24.89,164353,66,卖盘
937,10:17:17,24.9,114540,46,买盘
938,10:17:20,24.9,107070,43,卖盘
939,10:17:22,24.9,144407,58,卖盘
940,10:17:25,24.88,900843,362,卖盘
941,10:17:29,24.88,2488,1,买盘
942,10:17:31,24.87,144246,58,卖盘
943,10:17:34,24.86,151681,61,卖盘
944,10:17:37,24.86,62161,25,卖盘
945,10:17:41,24.82,248302,100,卖盘
946,10:17:43,24.84,7452,3,买盘
947,10:17:47,24.82,181180,73,卖盘
948,10:17:50,24.83,129132,52,中性盘
949,10:17:53,24.82,57086,23,卖盘
950,10:17:56,24.83,129067,52,中性盘
951,10:17:58,24.82,139000,56,卖盘
952,10:18:02,24.84,454354,183,买盘
953,10:18:04,24.88,2452641,986,买盘
954,10:18:07,24.89,2076750,834,买盘
955,10:18:10,24.9,191880,77,中性盘
956,10:18:13,24.91,97167,39,中性盘
957,10:18:17,24.9,79718,32,卖盘
958,10:18:20,24.89,92124,37,卖盘
959,10:18:23,24.91,87185,35,买盘
960,10:18:25,24.9,258974,104,卖盘
961,10:18:28,24.91,1158270,465,买盘
962,10:18:31,24.9,206685,83,卖盘
963,10:18:35,24.89,403218,162,卖盘
964,10:18:38,24.88,49770,20,卖盘
965,10:18:41,24.88,42303,17,卖盘
966,10:18:43,24.88,126883,51,卖盘
967,10:18:46,24.87,236344,95,卖盘
968,10:18:49,24.88,79608,32,买盘
969,10:18:52,24.87,186473,75,卖盘
970,10:18:55,24.88,151738,61,买盘
971,10:18:58,24.88,12436,5,买盘
972,10:19:01,24.87,144287,58,买盘
973,10:19:05,24.86,129294,52,卖盘
974,10:19:07,24.86,82023,33,卖盘
975,10:19:10,24.85,47206,19,卖盘
976,10:19:14,24.83,7449,3,中性盘
977,10:19:20,24.81,143943,58,卖盘
978,10:19:23,24.81,14888,6,卖盘
979,10:19:25,24.82,126532,51,中性盘
980,10:19:28,24.81,89304,36,中性盘
981,10:19:31,24.8,339785,137,卖盘
982,10:19:34,24.79,81827,33,卖盘
983,10:19:37,24.8,503570,203,买盘
984,10:19:41,24.8,104182,42,卖盘
985,10:19:43,24.79,153773,62,卖盘
986,10:19:46,24.79,64462,26,卖盘
987,10:19:49,24.79,163627,66,卖盘
988,10:19:52,24.73,81679,33,卖盘
989,10:19:58,24.73,187971,76,卖盘
990,10:20:01,24.75,870212,351,中性盘
991,10:20:05,24.75,168574,68,卖盘
992,10:20:08,24.8,7439,3,买盘
993,10:20:10,24.8,39676,16,买盘
994,10:20:13,24.77,7431,3,买盘
995,10:20:17,24.8,208265,84,买盘
996,10:20:19,24.88,392549,158,买盘
997,10:20:22,24.89,350913,141,买盘
998,10:20:26,24.89,458198,184,卖盘
999,10:20:29,24.9,166885,67,中性盘
1000,10:20:31,24.9,97089,39,卖盘
1001,10:20:34,24.88,109522,44,卖盘
1002,10:20:37,24.9,97074,39,买盘
1003,10:20:40,24.89,111913,45,买盘
1004,10:20:46,24.84,79539,32,卖盘
1005,10:20:53,24.83,39756,16,卖盘
1006,10:20:55,24.83,47177,19,买盘
1007,10:21:01,24.81,64543,26,卖盘
1008,10:21:04,24.81,297923,120,卖盘
1009,10:21:07,24.82,206032,83,买盘
1010,10:21:10,24.82,277957,112,卖盘
1011,10:21:13,24.83,24828,10,买盘
1012,10:21:17,24.82,27302,11,卖盘
1013,10:21:19,24.83,34758,14,买盘
1014,10:21:23,24.82,49640,20,卖盘
1015,10:21:28,24.83,402203,162,买盘
1016,10:21:31,24.81,67011,27,卖盘
1017,10:21:35,24.81,14887,6,卖盘
1018,10:21:40,24.8,29760,12,卖盘
1019,10:21:47,24.8,94240,38,卖盘
1020,10:21:49,24.79,123997,50,卖盘
1021,10:21:52,24.79,4958,2,卖盘
1022,10:21:56,24.79,49580,20,卖盘
1023,10:22:01,24.77,96676,39,卖盘
1024,10:22:04,24.79,29734,12,买盘
1025,10:22:08,24.76,37145,15,卖盘
1026,10:22:11,24.75,4950,2,卖盘
1027,10:22:14,24.75,17327,7,卖盘
1028,10:22:16,24.75,56947,23,卖盘
1029,10:22:19,24.75,443198,179,卖盘
1030,10:22:23,24.75,37125,15,买盘
1031,10:22:25,24.75,42075,17,卖盘
1032,10:22:28,24.75,49500,20,卖盘
1033,10:22:31,24.75,155925,63,卖盘
1034,10:22:40,24.75,37122,15,买盘
1035,10:22:43,24.74,54434,22,卖盘
1036,10:22:47,24.74,192972,78,卖盘
1037,10:22:49,24.73,14838,6,卖盘
1038,10:22:52,24.74,4947,2,买盘
1039,10:22:55,24.73,106339,43,卖盘
1040,10:22:59,24.74,98933,40,买盘
1041,10:23:01,24.76,1259685,509,买盘
1042,10:23:04,24.76,784837,317,卖盘
1043,10:23:07,24.74,197996,80,卖盘
1044,10:23:10,24.77,2477,1,中性盘
1045,10:23:17,24.76,37150,15,卖盘
1046,10:23:19,24.77,29729,12,卖盘
1047,10:23:22,24.76,9904,4,卖盘
1048,10:23:25,24.76,42099,17,卖盘
1049,10:23:28,24.76,180759,73,卖盘
1050,10:23:31,24.76,42092,17,买盘
1051,10:23:38,24.76,12380,5,买盘
1052,10:23:40,24.76,2476,1,买盘
1053,10:23:44,24.76,54472,22,买盘
1054,10:23:46,24.75,64350,26,卖盘
1055,10:23:49,24.75,141075,57,买盘
1056,10:23:52,24.75,76725,31,买盘
1057,10:23:55,24.74,249910,101,卖盘
1058,10:23:59,24.75,4950,2,卖盘
1059,10:24:01,24.76,42089,17,买盘
1060,10:24:05,24.76,4952,2,卖盘
1061,10:24:07,24.77,94067,38,买盘
1062,10:24:10,24.76,17332,7,卖盘
1063,10:24:13,24.75,49509,20,卖盘
1064,10:24:16,24.75,249975,101,卖盘
1065,10:24:20,24.74,81674,33,卖盘
1066,10:24:22,24.75,17319,7,买盘
1067,10:24:26,24.74,22272,9,卖盘
1068,10:24:28,24.74,19792,8,卖盘
1069,10:24:32,24.75,24743,10,买盘
1070,10:24:34,24.73,133542,54,卖盘
1071,10:24:37,24.72,9888,4,卖盘
1072,10:24:40,24.72,14833,6,卖盘
1073,10:24:44,24.71,79104,32,卖盘
1074,10:24:46,24.7,526125,213,卖盘
1075,10:24:50,24.7,121030,49,买盘
1076,10:24:53,24.69,76542,31,卖盘
1077,10:24:55,24.69,39510,16,卖盘
1078,10:24:58,24.69,32098,13,卖盘
1079,10:25:01,24.69,377839,153,卖盘
1080,10:25:05,24.69,165470,67,卖盘
1081,10:25:07,24.69,138298,56,买盘
1082,10:25:10,24.7,313706,127,买盘
1083,10:25:13,24.71,29649,12,买盘
1084,10:25:16,24.72,74152,30,买盘
1085,10:25:19,24.71,2471,1,卖盘
1086,10:25:22,24.71,17297,7,卖盘
1087,10:25:25,24.71,501149,203,买盘
1088,10:25:29,24.71,81543,33,买盘
1089,10:25:32,24.69,29638,12,卖盘
1090,10:25:34,24.69,9876,4,买盘
1091,10:25:37,24.69,9875,4,买盘
1092,10:25:40,24.69,9876,4,卖盘
1093,10:25:43,24.68,78988,32,卖盘
1094,10:25:47,24.68,7404,3,买盘
1095,10:25:49,24.68,12338,5,买盘
1096,10:25:52,24.67,66609,27,卖盘
1097,10:25:55,24.68,12338,5,买盘
1098,10:25:58,24.67,37015,15,卖盘
1099,10:26:01,24.66,244314,99,卖盘
1100,10:26:04,24.65,170167,69,卖盘
1101,10:26:08,24.65,59160,24,卖盘
1102,10:26:11,24.65,458490,186,买盘
1103,10:26:13,24.65,41902,17,中性盘
1104,10:26:17,24.66,34517,14,买盘
1105,10:26:19,24.65,7397,3,卖盘
1106,10:26:23,24.68,256608,104,买盘
1107,10:26:25,24.66,133182,54,卖盘
1108,10:26:29,24.66,2466,1,卖盘
1109,10:26:34,24.67,9866,4,中性盘
1110,10:26:37,24.66,24668,10,卖盘
1111,10:26:40,24.67,88818,36,买盘
1112,10:26:43,24.67,29604,12,卖盘
1113,10:26:46,24.67,39472,16,卖盘
1114,10:26:49,24.68,22202,9,买盘
1115,10:26:53,24.67,91252,37,中性盘
1116,10:26:55,24.67,64134,26,买盘
1117,10:26:58,24.67,24670,10,买盘
1118,10:27:01,24.68,32084,13,买盘
1119,10:27:04,24.67,66630,27,卖盘
1120,10:27:07,24.67,46877,19,卖盘
1121,10:27:10,24.67,19736,8,买盘
1122,10:27:13,24.66,29599,12,卖盘
1123,10:27:17,24.66,9864,4,卖盘
1124,10:27:19,24.67,17269,7,买盘
1125,10:27:22,24.67,345250,140,中性盘
1126,10:27:26,24.67,9868,4,卖盘
1127,10:27:29,24.67,7401,3,卖盘
1128,10:27:31,24.68,4936,2,买盘
1129,10:27:34,24.67,46888,19,卖盘
1130,10:27:38,24.67,7401,3,卖盘
1131,10:27:41,24.68,150548,61,买盘
1132,10:27:46,24.68,49360,20,卖盘
1133,10:27:49,24.69,39496,16,买盘
1134,10:27:52,24.69,9876,4,买盘
1135,10:27:56,24.68,138224,56,卖盘
1136,10:27:58,24.7,76528,31,买盘
1137,10:28:05,24.71,34590,14,买盘
1138,10:28:11,24.72,2472,1,买盘
1139,10:28:13,24.72,4944,2,买盘
1140,10:28:16,24.72,27192,11,卖盘
1141,10:28:20,24.73,182956,74,中性盘
1142,10:28:22,24.72,17304,7,卖盘
1143,10:28:26,24.72,61801,25,买盘
1144,10:28:29,24.73,19784,8,买盘
1145,10:28:32,24.73,19784,8,买盘
1146,10:28:34,24.73,19784,8,买盘
1147,10:28:37,24.72,42029,17,卖盘
1148,10:28:40,24.73,39557,16,买盘
1149,10:28:47,24.73,4946,2,买盘
1150,10:28:49,24.72,9890,4,卖盘
1151,10:28:53,24.72,14834,6,卖盘
1152,10:28:55,24.72,27201,11,卖盘
1153,10:28:58,24.72,22248,9,买盘
1154,10:29:01,24.72,9888,4,买盘
1155,10:29:04,24.71,2471,1,卖盘
1156,10:29:08,24.71,34597,14,卖盘
1157,10:29:14,24.71,12355,5,卖盘
1158,10:29:16,24.7,91404,37,卖盘
1159,10:29:20,24.71,7413,3,买盘
1160,10:29:25,24.7,9880,4,卖盘
1161,10:29:28,24.7,61757,25,卖盘
1162,10:29:31,24.7,2470,1,中性盘
1163,10:29:35,24.7,4940,2,买盘
1164,10:29:37,24.7,49400,20,卖盘
1165,10:29:40,24.7,9880,4,卖盘
1166,10:29:43,24.7,22230,9,中性盘
1167,10:29:46,24.69,61725,25,卖盘
1168,10:29:55,24.68,234460,95,卖盘
1169,10:29:59,24.68,7406,3,卖盘
1170,10:30:02,24.68,34557,14,卖盘
1171,10:30:04,24.68,2468,1,买盘
1172,10:30:07,24.67,29604,12,卖盘
1173,10:30:10,24.67,19736,8,卖盘
1174,10:30:14,24.67,4934,2,卖盘
1175,10:30:16,24.68,189996,77,买盘
1176,10:30:20,24.72,195174,79,买盘
1177,10:30:23,24.73,145858,59,买盘
1178,10:30:25,24.72,2472,1,卖盘
1179,10:30:28,24.73,17312,7,中性盘
1180,10:30:32,24.74,49475,20,买盘
1181,10:30:34,24.74,32162,13,买盘
1182,10:30:38,24.74,24735,10,买盘
1183,10:30:40,24.74,19792,8,买盘
1184,10:30:43,24.75,101452,41,买盘
1185,10:30:46,24.74,7424,3,卖盘
1186,10:30:50,24.74,116278,47,卖盘
1187,10:30:52,24.74,17318,7,买盘
1188,10:30:55,24.74,32162,13,买盘
1189,10:30:58,24.75,131131,53,买盘
1190,10:31:02,24.75,12375,5,卖盘
1191,10:31:05,24.77,136222,55,买盘
1192,10:31:07,24.77,4954,2,卖盘
1193,10:31:10,24.77,59448,24,卖盘
1194,10:31:14,24.77,22297,9,卖盘
1195,10:31:16,24.77,138737,56,卖盘
1196,10:31:23,24.77,9908,4,买盘
1197,10:31:25,24.77,2477,1,买盘
1198,10:31:28,24.77,32201,13,买盘
1199,10:31:31,24.77,9908,4,卖盘
1200,10:31:35,24.77,27247,11,卖盘
1201,10:31:38,24.77,27249,11,卖盘
1202,10:31:43,24.78,12390,5,买盘
1203,10:31:46,24.78,29735,12,买盘
1204,10:31:49,24.77,2477,1,卖盘
1205,10:31:52,24.76,17332,7,卖盘
1206,10:31:55,24.75,4950,2,卖盘
1207,10:31:58,24.76,2476,1,卖盘
1208,10:32:04,24.75,27227,11,卖盘
1209,10:32:10,24.75,37125,15,卖盘
1210,10:32:13,24.75,165830,67,卖盘
1211,10:32:16,24.75,34650,14,卖盘
1212,10:32:20,24.75,61875,25,卖盘
1213,10:32:22,24.75,111402,45,卖盘
1214,10:32:25,24.75,17330,7,卖盘
1215,10:32:28,24.75,61875,25,卖盘
1216,10:32:31,24.75,126225,51,卖盘
1217,10:32:34,24.76,9904,4,买盘
1218,10:32:37,24.76,9904,4,买盘
1219,10:32:41,24.76,4952,2,买盘
1220,10:32:43,24.75,76725,31,卖盘
1221,10:32:46,24.76,29712,12,买盘
1222,10:32:55,24.75,9900,4,卖盘
1223,10:32:58,24.76,49515,20,买盘
1224,10:33:01,24.75,49500,20,卖盘
1225,10:33:07,24.75,14852,6,卖盘
1226,10:33:14,24.75,7425,3,卖盘
1227,10:33:19,24.76,27227,11,买盘
1228,10:33:22,24.75,64359,26,卖盘
1229,10:33:26,24.75,12375,5,卖盘
1230,10:33:28,24.74,69299,28,卖盘
1231,10:33:34,24.76,44564,18,买盘
1232,10:33:40,24.75,17321,7,买盘
1233,10:33:43,24.74,17318,7,卖盘
1234,10:33:46,24.73,14843,6,卖盘
1235,10:33:49,24.75,170677,69,买盘
1236,10:33:52,24.73,17311,7,卖盘
1237,10:33:56,24.73,14838,6,卖盘
1238,10:34:05,24.73,12365,5,卖盘
1239,10:34:07,24.73,2473,1,卖盘
1240,10:34:11,24.73,51933,21,卖盘
1241,10:34:13,24.73,49460,20,卖盘
1242,10:34:19,24.74,37100,15,买盘
1243,10:34:22,24.73,22257,9,卖盘
1244,10:34:25,24.73,29681,12,卖盘
1245,10:34:28,24.73,9892,4,买盘
1246,10:34:34,24.73,14838,6,卖盘
1247,10:34:49,24.74,7422,3,买盘
1248,10:34:53,24.74,84112,34,买盘
1249,10:34:55,24.75,64327,26,买盘
1250,10:34:59,24.75,14850,6,买盘
1251,10:35:01,24.76,99040,40,买盘
1252,10:35:04,24.78,94120,38,买盘
1253,10:35:08,24.78,54511,22,买盘
1254,10:35:10,24.78,24779,10,买盘
1255,10:35:13,24.78,143724,58,买盘
1256,10:35:16,24.78,143724,58,买盘
1257,10:35:20,24.78,61950,25,卖盘
1258,10:35:22,24.82,409130,165,买盘
1259,10:35:25,24.81,42182,17,卖盘
1260,10:35:29,24.81,4962,2,卖盘
1261,10:35:32,24.8,9920,4,卖盘
1262,10:35:34,24.8,99227,40,卖盘
1263,10:35:37,24.83,595895,240,买盘
1264,10:35:40,24.83,213538,86,卖盘
1265,10:35:44,24.84,235971,95,买盘
1266,10:35:47,24.84,99360,40,卖盘
1267,10:35:49,24.84,9936,4,卖盘
1268,10:35:52,24.84,74520,30,卖盘
1269,10:35:55,24.84,9936,4,买盘
1270,10:35:58,24.84,22348,9,买盘
1271,10:36:02,24.84,2484,1,买盘
1272,10:36:04,24.83,49660,20,卖盘
1273,10:36:07,24.84,77004,31,买盘
1274,10:36:10,24.83,24830,10,卖盘
1275,10:36:13,24.84,154004,62,买盘
1276,10:36:16,24.84,114264,46,卖盘
1277,10:36:20,24.84,39743,16,买盘
1278,10:36:22,24.83,94356,38,卖盘
1279,10:36:26,24.83,52145,21,卖盘
1280,10:36:28,24.83,86905,35,卖盘
1281,10:36:31,24.83,34762,14,卖盘
1282,10:36:34,24.83,17382,7,卖盘
1283,10:36:37,24.83,228449,92,卖盘
1284,10:36:41,24.83,283108,114,卖盘
1285,10:36:46,24.8,2480,1,卖盘
1286,10:36:49,24.82,44645,18,中性盘
1287,10:36:52,24.8,59531,24,卖盘
1288,10:36:56,24.8,9920,4,买盘
1289,10:37:01,24.83,84396,34,买盘
1290,10:37:04,24.82,283058,114,卖盘
1291,10:37:07,24.82,22340,9,卖盘
1292,10:37:10,24.83,32274,13,买盘
1293,10:37:13,24.83,37245,15,卖盘
1294,10:37:16,24.83,12415,5,卖盘
1295,10:37:20,24.84,19868,8,买盘
1296,10:37:23,24.83,29804,12,卖盘
1297,10:37:25,24.84,37248,15,买盘
1298,10:37:28,24.84,163852,66,买盘
1299,10:37:34,24.84,81962,33,买盘
1300,10:37:38,24.82,32266,13,卖盘
1301,10:37:40,24.82,24820,10,卖盘
1302,10:37:44,24.83,4966,2,中性盘
1303,10:37:47,24.82,12410,5,卖盘
1304,10:37:49,24.82,178704,72,卖盘
1305,10:37:52,24.81,2481,1,卖盘
1306,10:37:59,24.81,34734,14,卖盘
1307,10:38:04,24.81,39696,16,买盘
1308,10:38:07,24.81,42177,17,卖盘
1309,10:38:10,24.8,114120,46,卖盘
1310,10:38:13,24.82,89352,36,买盘
1311,10:38:17,24.8,471302,190,卖盘
1312,10:38:22,24.81,49631,20,卖盘
1313,10:38:29,24.81,9926,4,卖盘
1314,10:38:31,24.81,37225,15,卖盘
1315,10:38:34,24.81,57067,23,卖盘
1316,10:38:37,24.81,4962,2,买盘
1317,10:38:41,24.81,24810,10,卖盘
1318,10:38:43,24.82,52123,21,买盘
1319,10:38:49,24.81,64509,26,卖盘
1320,10:38:55,24.82,24820,10,买盘
1321,10:38:58,24.81,52109,21,卖盘
1322,10:39:01,24.83,54596,22,买盘
1323,10:39:04,24.81,7443,3,卖盘
1324,10:39:08,24.81,69468,28,卖盘
1325,10:39:10,24.82,7444,3,买盘
1326,10:39:14,24.81,9924,4,卖盘
1327,10:39:16,24.82,44673,18,买盘
1328,10:39:19,24.81,9924,4,卖盘
1329,10:39:22,24.82,49630,20,买盘
1330,10:39:25,24.81,42180,17,卖盘
1331,10:39:29,24.81,49624,20,卖盘
1332,10:39:34,24.81,119068,48,买盘
1333,10:39:47,24.81,4961,2,买盘
1334,10:39:49,24.8,94244,38,卖盘
1335,10:39:52,24.79,66945,27,卖盘
1336,10:39:55,24.79,14874,6,卖盘
1337,10:39:58,24.81,195870,79,买盘
1338,10:40:02,24.78,42127,17,卖盘
1339,10:40:04,24.78,7434,3,卖盘
1340,10:40:07,24.78,27254,11,卖盘
1341,10:40:10,24.77,81748,33,卖盘
1342,10:40:13,24.77,14862,6,卖盘
1343,10:40:17,24.77,2477,1,买盘
1344,10:40:22,24.76,9904,4,卖盘
1345,10:40:25,24.76,9904,4,卖盘
1346,10:40:29,24.76,29712,12,卖盘
1347,10:40:32,24.76,4952,2,卖盘
1348,10:40:34,24.76,131228,53,卖盘
1349,10:40:37,24.76,7428,3,卖盘
1350,10:40:46,24.75,7425,3,卖盘
1351,10:40:49,24.77,190707,77,买盘
1352,10:40:52,24.76,14857,6,卖盘
1353,10:40:56,24.76,24760,10,卖盘
1354,10:40:58,24.76,103997,42,卖盘
1355,10:41:01,24.76,39610,16,买盘
1356,10:41:07,24.77,49534,20,买盘
1357,10:41:10,24.77,44586,18,买盘
1358,10:41:13,24.79,47077,19,买盘
1359,10:41:17,24.77,56979,23,卖盘
1360,10:41:22,24.79,156171,63,买盘
1361,10:41:26,24.77,17339,7,卖盘
1362,10:41:29,24.77,19816,8,卖盘
1363,10:41:32,24.79,54527,22,买盘
1364,10:41:34,24.78,9910,4,中性盘
1365,10:41:38,24.77,2477,1,卖盘
1366,10:41:40,24.78,7433,3,买盘
1367,10:41:43,24.78,27258,11,买盘
1368,10:41:46,24.77,54506,22,卖盘
1369,10:41:56,24.78,12390,5,买盘
1370,10:41:59,24.77,9908,4,卖盘
1371,10:42:02,24.78,12390,5,买盘
1372,10:42:05,24.78,39638,16,买盘
1373,10:42:07,24.77,34682,14,卖盘
1374,10:42:10,24.77,61929,25,卖盘
1375,10:42:13,24.78,22296,9,买盘
1376,10:42:16,24.76,37144,15,卖盘
1377,10:42:19,24.77,19814,8,买盘
1378,10:42:22,24.77,12385,5,买盘
1379,10:42:26,24.77,4954,2,买盘
1380,10:42:29,24.77,27246,11,买盘
1381,10:42:37,24.77,79264,32,买盘
1382,10:42:40,24.76,103992,42,卖盘
1383,10:42:44,24.76,56948,23,卖盘
1384,10:42:47,24.77,71814,29,买盘
1385,10:42:49,24.77,502717,203,买盘
1386,10:42:52,24.77,198168,80,买盘
1387,10:43:02,24.79,4958,2,买盘
1388,10:43:05,24.79,113992,46,买盘
1389,10:43:08,24.79,64454,26,买盘
1390,10:43:11,24.79,57017,23,买盘
1391,10:43:17,24.77,205693,83,卖盘
1392,10:43:20,24.79,2479,1,买盘
1393,10:43:26,24.79,7437,3,买盘
1394,10:43:29,24.78,9913,4,卖盘
1395,10:43:32,24.79,2479,1,买盘
1396,10:43:34,24.78,49560,20,卖盘
1397,10:43:38,24.78,61950,25,卖盘
1398,10:43:40,24.78,27258,11,买盘
1399,10:43:44,24.79,34703,14,买盘
1400,10:43:50,24.79,81804,33,买盘
1401,10:43:53,24.79,12393,5,买盘
1402,10:43:55,24.8,205784,83,买盘
1403,10:43:58,24.81,247970,100,买盘
1404,10:44:05,24.81,17367,7,买盘
1405,10:44:08,24.81,34732,14,买盘
1406,10:44:10,24.81,7443,3,卖盘
1407,10:44:13,24.82,67008,27,买盘
1408,10:44:17,24.81,14890,6,卖盘
1409,10:44:20,24.81,39696,16,卖盘
1410,10:44:23,24.82,12405,5,买盘
1411,10:44:26,24.81,89316,36,中性盘
1412,10:44:29,24.81,4961,2,买盘
1413,10:44:31,24.81,79391,32,买盘
1414,10:44:34,24.81,153822,62,买盘
1415,10:44:38,24.81,158803,64,卖盘
1416,10:44:41,24.82,2482,1,买盘
1417,10:44:43,24.81,81873,33,卖盘
1418,10:44:47,24.81,84368,34,卖盘
1419,10:44:49,24.82,29775,12,买盘
1420,10:44:56,24.81,37215,15,卖盘
1421,10:44:58,24.82,52117,21,买盘
1422,10:45:01,24.81,27291,11,卖盘
1423,10:45:05,24.82,136501,55,买盘
1424,10:45:08,24.81,17367,7,卖盘
1425,10:45:11,24.82,37225,15,买盘
1426,10:45:13,24.82,198560,80,买盘
1427,10:45:16,24.82,62050,25,卖盘
1428,10:45:19,24.83,47168,19,买盘
1429,10:45:22,24.82,9928,4,卖盘
1430,10:45:29,24.82,109233,44,卖盘
1431,10:45:31,24.83,136565,55,买盘
1432,10:45:35,24.82,89376,36,卖盘
1433,10:45:38,24.83,126626,51,买盘
1434,10:45:40,24.82,14897,6,卖盘
1435,10:45:43,24.82,178736,72,卖盘
1436,10:45:46,24.82,2482,1,卖盘
1437,10:45:50,24.82,106726,43,卖盘
1438,10:45:52,24.81,9924,4,卖盘
1439,10:45:55,24.81,4963,2,卖盘
1440,10:45:58,24.81,121575,49,卖盘
1441,10:46:01,24.82,109178,44,买盘
1442,10:46:04,24.82,7446,3,买盘
1443,10:46:07,24.81,66987,27,卖盘
1444,10:46:11,24.8,42185,17,卖盘
1445,10:46:16,24.8,4960,2,卖盘
1446,10:46:19,24.8,24800,10,卖盘
1447,10:46:23,24.8,193440,78,卖盘
1448,10:46:25,24.78,262819,106,卖盘
1449,10:46:28,24.78,29744,12,卖盘
1450,10:46:32,24.79,19827,8,买盘
1451,10:46:34,24.78,29740,12,卖盘
1452,10:46:38,24.78,12390,5,卖盘
1453,10:46:43,24.76,425947,172,卖盘
1454,10:46:47,24.76,2476,1,买盘
1455,10:46:49,24.75,9900,4,卖盘
1456,10:46:52,24.75,2475,1,卖盘
1457,10:46:56,24.75,42075,17,卖盘
1458,10:46:58,24.75,24752,10,卖盘
1459,10:47:01,24.76,24759,10,买盘
1460,10:47:04,24.75,99000,40,卖盘
1461,10:47:07,24.75,39600,16,买盘
1462,10:47:10,24.76,143559,58,买盘
1463,10:47:13,24.76,24757,10,买盘
1464,10:47:16,24.76,19808,8,买盘
1465,10:47:19,24.74,66824,27,卖盘
1466,10:47:22,24.74,4949,2,卖盘
1467,10:47:25,24.74,19792,8,卖盘
1468,10:47:28,24.74,4948,2,卖盘
1469,10:47:31,24.74,188024,76,卖盘
1470,10:47:34,24.74,17318,7,卖盘
1471,10:47:37,24.75,183150,74,买盘
1472,10:47:40,24.75,188048,76,买盘
1473,10:47:43,24.75,49500,20,买盘
1474,10:47:50,24.76,103992,42,买盘
1475,10:47:53,24.77,22298,9,卖盘
1476,10:47:59,24.78,4955,2,买盘
1477,10:48:01,24.79,19832,8,买盘
1478,10:48:05,24.79,9916,4,买盘
1479,10:48:16,24.79,14874,6,卖盘
1480,10:48:20,24.79,76849,31,卖盘
1481,10:48:22,24.79,14874,6,买盘
1482,10:48:25,24.79,84261,34,买盘
1483,10:48:28,24.79,2479,1,卖盘
1484,10:48:32,24.78,37170,15,卖盘
1485,10:48:38,24.79,61975,25,买盘
1486,10:48:40,24.78,4956,2,卖盘
1487,10:48:43,24.78,7434,3,卖盘
1488,10:48:46,24.78,12390,5,卖盘
1489,10:48:49,24.79,352018,142,买盘
1490,10:48:53,24.78,12390,5,卖盘
1491,10:48:56,24.79,37185,15,买盘
1492,10:48:58,24.78,4956,2,卖盘
1493,10:49:01,24.79,133856,54,买盘
1494,10:49:05,24.81,34723,14,买盘
1495,10:49:10,24.79,76859,31,卖盘
1496,10:49:14,24.79,17353,7,买盘
1497,10:49:16,24.79,250379,101,买盘
1498,10:49:19,24.79,79313,32,买盘
1499,10:49:23,24.79,74370,30,买盘
1500,10:49:28,24.79,2479,1,买盘
1501,10:49:32,24.79,27269,11,买盘
1502,10:49:35,24.82,490894,198,买盘
1503,10:49:41,24.81,4962,2,卖盘
1504,10:49:46,24.82,32255,13,买盘
1505,10:49:53,24.81,19848,8,卖盘
1506,10:49:55,24.81,4962,2,卖盘
1507,10:49:58,24.81,4962,2,卖盘
1508,10:50:01,24.81,66987,27,买盘
1509,10:50:04,24.8,52110,21,卖盘
1510,10:50:08,24.8,32243,13,卖盘
1511,10:50:11,24.81,4962,2,买盘
1512,10:50:13,24.8,9920,4,卖盘
1513,10:50:16,24.81,59544,24,买盘
1514,10:50:19,24.82,114137,46,买盘
1515,10:50:22,24.83,278096,112,买盘
1516,10:50:26,24.82,111693,45,卖盘
1517,10:50:28,24.82,94351,38,卖盘
1518,10:50:35,24.83,29796,12,卖盘
1519,10:50:38,24.83,19864,8,卖盘
1520,10:50:41,24.84,221074,89,买盘
1521,10:50:43,24.84,250861,101,买盘
1522,10:50:47,24.83,196176,79,卖盘
1523,10:50:49,24.84,106812,43,买盘
1524,10:50:52,24.84,47196,19,买盘
1525,10:50:56,24.84,89391,36,买盘
1526,10:50:59,24.84,22356,9,买盘
1527,10:51:02,24.84,2484,1,买盘
1528,10:51:04,24.83,603583,243,卖盘
1529,10:51:08,24.83,116737,47,卖盘
1530,10:51:10,24.84,62100,25,买盘
1531,10:51:13,24.84,109263,44,买盘
1532,10:51:16,24.83,2483,1,卖盘
1533,10:51:20,24.84,19872,8,买盘
1534,10:51:22,24.84,94392,38,买盘
1535,10:51:25,24.84,32292,13,买盘
1536,10:51:28,24.83,91904,37,卖盘
1537,10:51:31,24.84,2484,1,买盘
1538,10:51:34,24.84,24840,10,买盘
1539,10:51:38,24.83,49660,20,卖盘
1540,10:51:41,24.84,9936,4,买盘
1541,10:51:43,24.83,39732,16,卖盘
1542,10:51:49,24.83,27320,11,卖盘
1543,10:51:52,24.84,12420,5,买盘
1544,10:52:01,24.83,79456,32,卖盘
1545,10:52:05,24.85,196240,79,买盘
1546,10:52:07,24.84,4969,2,卖盘
1547,10:52:14,24.84,124203,50,卖盘
1548,10:52:16,24.85,67078,27,买盘
1549,10:52:19,24.85,144077,58,买盘
1550,10:52:25,24.84,39752,16,卖盘
1551,10:52:28,24.85,4970,2,买盘
1552,10:52:32,24.85,64599,26,买盘
1553,10:52:34,24.85,37265,15,买盘
1554,10:52:38,24.84,124200,50,卖盘
1555,10:52:40,24.83,682694,275,卖盘
1556,10:52:43,24.83,111735,45,买盘
1557,10:52:47,24.82,24820,10,买盘
1558,10:52:49,24.82,114136,46,买盘
1559,10:52:52,24.8,716732,289,卖盘
1560,10:52:56,24.8,4961,2,卖盘
1561,10:52:58,24.8,126480,51,卖盘
1562,10:53:02,24.83,121625,49,买盘
1563,10:53:05,24.8,9920,4,卖盘
1564,10:53:08,24.79,74372,30,卖盘
1565,10:53:11,24.82,14888,6,买盘
1566,10:53:13,24.8,124043,50,卖盘
1567,10:53:16,24.83,2483,1,买盘
1568,10:53:20,24.83,124133,50,买盘
1569,10:53:26,24.84,171377,69,买盘
1570,10:53:29,24.83,17381,7,卖盘
1571,10:53:32,24.83,47177,19,卖盘
1572,10:53:35,24.85,77006,31,买盘
1573,10:53:38,24.85,27335,11,买盘
1574,10:53:40,24.84,131558,53,中性盘
1575,10:53:43,24.84,74455,30,买盘
1576,10:53:46,24.8,81848,33,卖盘
1577,10:53:50,24.8,2480,1,买盘
1578,10:53:52,24.8,24798,10,买盘
1579,10:53:55,24.8,64482,26,卖盘
1580,10:53:59,24.8,9920,4,买盘
1581,10:54:01,24.8,29749,12,买盘
1582,10:54:05,24.8,126435,51,买盘
1583,10:54:08,24.79,2479,1,卖盘
1584,10:54:10,24.79,170995,69,买盘
1585,10:54:13,24.78,32214,13,卖盘
1586,10:54:16,24.7,1839040,744,卖盘
1587,10:54:19,24.75,163329,66,中性盘
1588,10:54:23,24.75,24750,10,买盘
1589,10:54:26,24.71,19787,8,卖盘
1590,10:54:29,24.71,84014,34,卖盘
1591,10:54:35,24.71,14826,6,买盘
1592,10:54:38,24.71,12355,5,买盘
1593,10:54:41,24.71,74138,30,买盘
1594,10:54:43,24.69,286505,116,卖盘
1595,10:54:46,24.71,995146,403,买盘
1596,10:54:50,24.69,14816,6,中性盘
1597,10:55:05,24.71,24710,10,买盘
1598,10:55:07,24.7,81510,33,卖盘
1599,10:55:10,24.7,158059,64,买盘
1600,10:55:19,24.69,41988,17,卖盘
1601,10:55:28,24.69,7407,3,卖盘
1602,10:55:31,24.69,12345,5,卖盘
1603,10:55:34,24.7,51870,21,买盘
1604,10:55:37,24.7,79040,32,卖盘
1605,10:55:41,24.7,659490,267,买盘
1606,10:55:43,24.7,251848,102,买盘
1607,10:55:46,24.7,12350,5,卖盘
1608,10:55:49,24.7,51870,21,卖盘
1609,10:55:56,24.69,167935,68,卖盘
1610,10:55:58,24.68,382479,155,卖盘
1611,10:56:01,24.68,17271,7,买盘
1612,10:56:05,24.66,130710,53,卖盘
1613,10:56:07,24.66,638479,259,卖盘
1614,10:56:10,24.64,4928,2,卖盘
1615,10:56:13,24.65,32041,13,买盘
1616,10:56:16,24.64,4928,2,中性盘
1617,10:56:19,24.65,2465,1,卖盘
1618,10:56:23,24.61,214276,87,卖盘
1619,10:56:25,24.64,12320,5,卖盘
1620,10:56:28,24.65,39426,16,买盘
1621,10:56:32,24.65,56695,23,买盘
1622,10:56:35,24.65,91237,37,卖盘
1623,10:56:38,24.66,29592,12,中性盘
1624,10:56:41,24.65,66572,27,卖盘
1625,10:56:44,24.67,17269,7,买盘
1626,10:56:50,24.67,12335,5,买盘
1627,10:56:52,24.67,9868,4,买盘
1628,10:56:56,24.67,22203,9,卖盘
1629,10:56:58,24.67,2467,1,卖盘
1630,10:57:01,24.69,7407,3,中性盘
1631,10:57:04,24.7,12350,5,买盘
1632,10:57:07,24.7,49400,20,买盘
1633,10:57:10,24.7,172900,70,买盘
1634,10:57:13,24.7,118560,48,买盘
1635,10:57:16,24.69,293932,119,卖盘
1636,10:57:19,24.71,2471,1,中性盘
1637,10:57:23,24.73,4946,2,买盘
1638,10:57:26,24.73,2473,1,买盘
1639,10:57:31,24.73,202786,82,买盘
1640,10:57:35,24.73,37095,15,买盘
1641,10:57:38,24.73,9892,4,买盘
1642,10:57:40,24.73,17309,7,买盘
1643,10:57:43,24.72,34584,14,中性盘
1644,10:57:46,24.71,32123,13,买盘
1645,10:57:52,24.71,44478,18,买盘
1646,10:57:55,24.71,51891,21,买盘
1647,10:58:02,24.7,81510,33,卖盘
1648,10:58:05,24.7,29640,12,买盘
1649,10:58:07,24.7,12350,5,买盘
1650,10:58:11,24.7,577647,234,买盘
1651,10:58:13,24.7,17290,7,买盘
1652,10:58:16,24.7,93897,38,买盘
1653,10:58:19,24.7,4940,2,买盘
1654,10:58:23,24.7,2470,1,买盘
1655,10:58:26,24.69,14814,6,卖盘
1656,10:58:32,24.75,217570,88,买盘
1657,10:58:34,24.76,14860,6,买盘
1658,10:58:38,24.74,24740,10,卖盘
1659,10:58:44,24.74,24740,10,卖盘
1660,10:58:47,24.74,9896,4,卖盘
1661,10:58:50,24.79,37161,15,买盘
1662,10:58:53,24.75,2475,1,卖盘
1663,10:58:56,24.78,14868,6,买盘
1664,10:58:59,24.78,14868,6,买盘
1665,10:59:01,24.78,37170,15,买盘
1666,10:59:05,24.78,29736,12,买盘
1667,10:59:08,24.75,165895,67,卖盘
1668,10:59:10,24.75,12375,5,买盘
1669,10:59:13,24.75,4950,2,买盘
1670,10:59:16,24.74,34642,14,卖盘
1671,10:59:20,24.7,49443,20,卖盘
1672,10:59:26,24.74,12367,5,买盘
1673,10:59:29,24.7,116104,47,卖盘
1674,10:59:32,24.74,462638,187,买盘
1675,10:59:35,24.73,9883,4,中性盘
1676,10:59:38,24.7,9883,4,卖盘
1677,10:59:41,24.73,133534,54,买盘
1678,10:59:47,24.7,476971,193,卖盘
1679,10:59:52,24.76,24752,10,买盘
1680,10:59:56,24.78,22302,9,中性盘
1681,10:59:59,24.8,118939,48,买盘
1682,11:00:02,24.79,12395,5,中性盘
1683,11:00:05,24.8,39655,16,买盘
1684,11:00:13,24.76,12380,5,卖盘
1685,11:00:16,24.8,89250,36,买盘
1686,11:00:20,24.8,210578,85,买盘
1687,11:00:26,24.75,24774,10,中性盘
1688,11:00:29,24.77,56931,23,中性盘
1689,11:00:32,24.73,242440,98,卖盘
1690,11:00:35,24.72,17304,7,卖盘
1691,11:00:40,24.75,19793,8,买盘
1692,11:00:43,24.75,2475,1,买盘
1693,11:00:46,24.73,49490,20,卖盘
1694,11:00:50,24.75,247500,100,买盘
1695,11:00:53,24.76,413389,167,买盘
1696,11:00:56,24.76,286960,116,买盘
1697,11:01:02,24.76,9904,4,买盘
1698,11:01:05,24.76,54472,22,买盘
1699,11:01:10,24.77,12385,5,买盘
1700,11:01:14,24.76,24760,10,卖盘
1701,11:01:20,24.77,19816,8,买盘
1702,11:01:23,24.77,14862,6,买盘
1703,11:01:26,24.76,54474,22,卖盘
1704,11:01:29,24.77,37155,15,买盘
1705,11:01:31,24.78,2478,1,中性盘
1706,11:01:35,24.77,84220,34,卖盘
1707,11:01:38,24.79,133810,54,买盘
1708,11:01:41,24.8,228076,92,买盘
1709,11:01:44,24.8,12399,5,买盘
1710,11:01:47,24.8,2480,1,买盘
1711,11:01:53,24.79,17355,7,卖盘
1712,11:01:56,24.8,29760,12,买盘
1713,11:01:58,24.8,54539,22,买盘
1714,11:02:02,24.79,69435,28,卖盘
1715,11:02:05,24.79,37194,15,卖盘
1716,11:02:10,24.78,123927,50,卖盘
1717,11:02:14,24.78,101562,41,买盘
1718,11:02:16,24.79,175971,71,买盘
1719,11:02:23,24.78,19828,8,卖盘
1720,11:02:29,24.74,423356,171,卖盘
1721,11:02:32,24.75,47023,19,买盘
1722,11:02:38,24.74,4948,2,卖盘
1723,11:02:40,24.74,47006,19,买盘
1724,11:02:44,24.73,7419,3,买盘
1725,11:02:47,24.73,39569,16,卖盘
1726,11:02:49,24.74,24740,10,买盘
1727,11:02:53,24.74,32162,13,买盘
1728,11:02:59,24.74,12370,5,卖盘
1729,11:03:02,24.75,34643,14,买盘
1730,11:03:04,24.74,111372,45,卖盘
1731,11:03:07,24.78,59439,24,买盘
1732,11:03:13,24.77,86727,35,卖盘
1733,11:03:17,24.79,2479,1,买盘
1734,11:03:19,24.79,34696,14,买盘
1735,11:03:23,24.85,1005742,405,买盘
1736,11:03:26,24.8,2480,1,卖盘
1737,11:03:28,24.84,34776,14,买盘
1738,11:03:34,24.84,54647,22,买盘
1739,11:03:37,24.84,54646,22,买盘
1740,11:03:41,24.85,81981,33,买盘
1741,11:03:44,24.83,208572,84,卖盘
1742,11:03:47,24.85,387578,156,买盘
1743,11:03:50,24.83,422399,170,卖盘
1744,11:03:52,24.81,136573,55,卖盘
1745,11:03:56,24.82,14892,6,卖盘
1746,11:03:59,24.85,7452,3,买盘
1747,11:04:01,24.85,44718,18,买盘
1748,11:04:04,24.84,24842,10,中性盘
1749,11:04:07,24.83,288188,116,卖盘
1750,11:04:10,24.84,233460,94,买盘
1751,11:04:14,24.83,72007,29,中性盘
1752,11:04:16,24.8,245675,99,卖盘
1753,11:04:20,24.79,228076,92,卖盘
1754,11:04:22,24.8,190950,77,买盘
1755,11:04:28,24.85,149030,60,买盘
1756,11:04:32,24.81,2481,1,卖盘
1757,11:04:34,24.83,2483,1,买盘
1758,11:04:38,24.81,24820,10,卖盘
1759,11:04:40,24.81,2481,1,买盘
1760,11:04:43,24.81,2481,1,卖盘
1761,11:04:47,24.81,143923,58,卖盘
1762,11:04:56,24.82,19862,8,卖盘
1763,11:04:59,24.82,469012,189,卖盘
1764,11:05:01,24.81,12405,5,中性盘
1765,11:05:04,24.82,32266,13,买盘
1766,11:05:07,24.82,19856,8,卖盘
1767,11:05:13,24.83,32275,13,买盘
1768,11:05:17,24.8,166291,67,卖盘
1769,11:05:23,24.83,9934,4,卖盘
1770,11:05:26,24.83,49670,20,卖盘
1771,11:05:28,24.8,4960,2,卖盘
1772,11:05:32,24.82,17374,7,买盘
1773,11:05:35,24.81,59564,24,卖盘
1774,11:05:38,24.81,12405,5,买盘
1775,11:05:40,24.81,27291,11,买盘
1776,11:05:43,24.81,106683,43,买盘
1777,11:05:47,24.81,47139,19,卖盘
1778,11:05:50,24.81,9924,4,卖盘
1779,11:05:53,24.82,22338,9,买盘
1780,11:05:56,24.82,89338,36,买盘
1781,11:05:59,24.83,74471,30,买盘
1782,11:06:02,24.82,4964,2,买盘
1783,11:06:05,24.83,121626,49,买盘
1784,11:06:10,24.81,62045,25,卖盘
1785,11:06:13,24.81,62025,25,卖盘
1786,11:06:16,24.81,71961,29,卖盘
1787,11:06:29,24.81,24810,10,卖盘
1788,11:06:31,24.8,198443,80,卖盘
1789,11:06:34,24.8,4960,2,卖盘
1790,11:06:41,24.8,79360,32,卖盘
1791,11:06:44,24.79,4958,2,卖盘
1792,11:06:47,24.78,59483,24,卖盘
1793,11:07:02,24.79,9916,4,买盘
1794,11:07:05,24.79,4958,2,买盘
1795,11:07:08,24.79,7437,3,买盘
1796,11:07:10,24.81,62009,25,买盘
1797,11:07:14,24.81,7443,3,买盘
1798,11:07:17,24.81,84342,34,买盘
1799,11:07:20,24.81,17369,7,卖盘
1800,11:07:22,24.81,19848,8,卖盘
1801,11:07:29,24.81,39696,16,卖盘
1802,11:07:32,24.81,24810,10,卖盘
1803,11:07:34,24.81,141417,57,卖盘
1804,11:07:38,24.8,235600,95,卖盘
1805,11:07:41,24.78,81799,33,卖盘
1806,11:07:44,24.77,4954,2,买盘
1807,11:07:53,24.77,2477,1,卖盘
1808,11:07:56,24.78,9912,4,买盘
1809,11:07:59,24.77,14863,6,卖盘
1810,11:08:01,24.79,12395,5,买盘
1811,11:08:08,24.79,39664,16,买盘
1812,11:08:11,24.78,2478,1,卖盘
1813,11:08:13,24.78,76833,31,卖盘
1814,11:08:17,24.78,4956,2,卖盘
1815,11:08:20,24.8,109120,44,买盘
1816,11:08:23,24.8,12400,5,买盘
1817,11:08:26,24.79,12397,5,卖盘
1818,11:08:29,24.8,252939,102,买盘
1819,11:08:31,24.8,59520,24,卖盘
1820,11:08:34,24.8,7440,3,卖盘
1821,11:08:38,24.81,111642,45,买盘
1822,11:08:41,24.81,2481,1,卖盘
1823,11:08:43,24.82,71978,29,买盘
1824,11:08:46,24.82,143919,58,买盘
1825,11:08:49,24.8,198439,80,卖盘
1826,11:08:56,24.79,22313,9,卖盘
1827,11:08:59,24.8,64466,26,买盘
1828,11:09:02,24.78,32218,13,卖盘
1829,11:09:05,24.8,329810,133,买盘
1830,11:09:07,24.8,12398,5,买盘
1831,11:09:11,24.79,17353,7,卖盘
1832,11:09:20,24.79,12395,5,买盘
1833,11:09:22,24.79,27266,11,买盘
1834,11:09:25,24.78,29746,12,卖盘
1835,11:09:29,24.78,185850,75,卖盘
1836,11:09:32,24.78,17349,7,卖盘
1837,11:09:35,24.78,2478,1,买盘
1838,11:09:41,24.77,17342,7,卖盘
1839,11:09:44,24.76,165961,67,卖盘
1840,11:09:47,24.77,37155,15,买盘
1841,11:09:49,24.76,71804,29,卖盘
1842,11:09:52,24.75,272201,110,卖盘
1843,11:09:56,24.74,51954,21,中性盘
1844,11:09:58,24.73,9892,4,卖盘
1845,11:10:01,24.73,217624,88,卖盘
1846,11:10:05,24.73,4947,2,卖盘
1847,11:10:07,24.74,44516,18,买盘
1848,11:10:11,24.74,29682,12,买盘
1849,11:10:17,24.72,69216,28,卖盘
1850,11:10:20,24.72,7416,3,买盘
1851,11:10:22,24.73,37070,15,买盘
1852,11:10:28,24.73,4946,2,买盘
1853,11:10:31,24.71,44480,18,卖盘
1854,11:10:34,24.71,22239,9,卖盘
1855,11:10:37,24.71,22239,9,卖盘
1856,11:10:41,24.71,19768,8,卖盘
1857,11:10:47,24.71,12355,5,买盘
1858,11:10:55,24.71,12355,5,买盘
1859,11:10:59,24.7,27175,11,卖盘
1860,11:11:01,24.7,34583,14,卖盘
1861,11:11:04,24.71,19768,8,买盘
1862,11:11:11,24.71,14826,6,买盘
1863,11:11:14,24.71,32113,13,买盘
1864,11:11:16,24.71,27181,11,中性盘
1865,11:11:22,24.71,12355,5,买盘
1866,11:11:31,24.71,103782,42,卖盘
1867,11:11:34,24.71,27181,11,卖盘
1868,11:11:37,24.72,69183,28,买盘
1869,11:11:40,24.72,76579,31,买盘
1870,11:11:44,24.72,22242,9,买盘
1871,11:11:46,24.71,24710,10,中性盘
1872,11:11:49,24.71,2471,1,卖盘
1873,11:11:52,24.71,4942,2,买盘
1874,11:11:55,24.71,24710,10,中性盘
1875,11:11:58,24.71,71642,29,买盘
1876,11:12:01,24.71,22239,9,卖盘
1877,11:12:04,24.7,17290,7,卖盘
1878,11:12:07,24.7,338390,137,卖盘
1879,11:12:11,24.7,86435,35,买盘
1880,11:12:19,24.7,44459,18,买盘
1881,11:12:22,24.68,61735,25,卖盘
1882,11:12:34,24.68,14808,6,卖盘
1883,11:12:38,24.68,27163,11,卖盘
1884,11:12:41,24.68,56770,23,卖盘
1885,11:12:43,24.68,2468,1,卖盘
1886,11:12:47,24.69,19750,8,中性盘
1887,11:12:49,24.7,4940,2,中性盘
1888,11:12:59,24.69,4938,2,卖盘
1889,11:13:01,24.7,101205,41,买盘
1890,11:13:11,24.69,4938,2,卖盘
1891,11:13:13,24.7,32100,13,买盘
1892,11:13:16,24.69,34576,14,卖盘
1893,11:13:20,24.69,237076,96,卖盘
1894,11:13:23,24.7,22230,9,买盘
1895,11:13:25,24.71,29648,12,买盘
1896,11:13:35,24.7,19760,8,卖盘
1897,11:13:37,24.69,27159,11,卖盘
1898,11:13:41,24.7,2470,1,卖盘
1899,11:13:43,24.69,41977,17,卖盘
1900,11:13:47,24.69,54319,22,买盘
1901,11:13:52,24.7,24698,10,买盘
1902,11:13:55,24.69,69143,28,卖盘
1903,11:13:59,24.7,14821,6,中性盘
1904,11:14:05,24.71,12353,5,买盘
1905,11:14:11,24.72,17304,7,买盘
1906,11:14:14,24.71,2471,1,卖盘
1907,11:14:16,24.72,9888,4,买盘
1908,11:14:20,24.74,32156,13,买盘
1909,11:14:22,24.73,7419,3,卖盘
1910,11:14:32,24.74,2474,1,买盘
1911,11:14:38,24.74,9896,4,买盘
1912,11:14:43,24.74,89074,36,卖盘
1913,11:14:46,24.74,89031,36,买盘
1914,11:14:49,24.75,76704,31,买盘
1915,11:14:53,24.73,14838,6,卖盘
1916,11:14:59,24.73,98890,40,中性盘
1917,11:15:01,24.73,4946,2,卖盘
1918,11:15:04,24.73,24730,10,卖盘
1919,11:15:08,24.73,22257,9,买盘
1920,11:15:17,24.73,22249,9,买盘
1921,11:15:25,24.72,2472,1,买盘
1922,11:15:31,24.73,44507,18,买盘
1923,11:15:34,24.73,2473,1,买盘
1924,11:15:41,24.72,22247,9,买盘
1925,11:15:43,24.72,79103,32,买盘
1926,11:15:53,24.71,29656,12,卖盘
1927,11:15:55,24.71,9884,4,卖盘
1928,11:15:59,24.71,12355,5,卖盘
1929,11:16:05,24.72,34600,14,买盘
1930,11:16:08,24.71,420213,170,卖盘
1931,11:16:11,24.73,4946,2,买盘
1932,11:16:19,24.73,71717,29,买盘
1933,11:16:23,24.73,22257,9,买盘
1934,11:16:25,24.73,14834,6,买盘
1935,11:16:29,24.73,29676,12,买盘
1936,11:16:32,24.72,14832,6,卖盘
1937,11:16:37,24.71,64261,26,卖盘
1938,11:16:40,24.71,14826,6,卖盘
1939,11:16:43,24.72,51908,21,买盘
1940,11:16:46,24.72,19776,8,卖盘
1941,11:16:52,24.72,29664,12,买盘
1942,11:16:55,24.71,42008,17,卖盘
1943,11:16:58,24.71,66717,27,卖盘
1944,11:17:01,24.71,7413,3,买盘
1945,11:17:07,24.7,49400,20,卖盘
1946,11:17:10,24.7,91390,37,卖盘
1947,11:17:13,24.7,232180,94,卖盘
1948,11:17:20,24.7,32110,13,买盘
1949,11:17:37,24.69,59258,24,卖盘
1950,11:17:40,24.7,51870,21,买盘
1951,11:17:43,24.7,101270,41,买盘
1952,11:17:49,24.72,118647,48,买盘
1953,11:17:53,24.72,14835,6,买盘
1954,11:17:58,24.71,9886,4,卖盘
1955,11:18:04,24.72,2472,1,卖盘
1956,11:18:16,24.72,7416,3,卖盘
1957,11:18:20,24.72,61802,25,买盘
1958,11:18:22,24.73,9892,4,买盘
1959,11:18:25,24.74,4948,2,买盘
1960,11:18:29,24.75,4950,2,买盘
1961,11:18:31,24.77,329311,133,买盘
1962,11:18:34,24.78,94164,38,买盘
1963,11:18:37,24.79,2479,1,买盘
1964,11:18:41,24.78,74336,30,卖盘
1965,11:18:47,24.79,94165,38,买盘
1966,11:18:49,24.78,17346,7,卖盘
1967,11:18:52,24.78,180910,73,卖盘
1968,11:18:55,24.8,9918,4,买盘
1969,11:18:58,24.8,195814,79,买盘
1970,11:19:02,24.8,39680,16,买盘
1971,11:19:07,24.78,32216,13,卖盘
1972,11:19:20,24.78,27258,11,买盘
1973,11:19:23,24.76,19812,8,卖盘
1974,11:19:25,24.73,19786,8,卖盘
1975,11:19:31,24.76,2476,1,买盘
1976,11:19:35,24.76,64376,26,买盘
1977,11:19:38,24.76,2476,1,卖盘
1978,11:19:41,24.76,4952,2,卖盘
1979,11:19:46,24.78,2478,1,卖盘
1980,11:19:50,24.78,44604,18,卖盘
1981,11:19:52,24.79,54535,22,买盘
1982,11:19:56,24.78,14868,6,中性盘
1983,11:19:58,24.78,166026,67,买盘
1984,11:20:04,24.77,19816,8,卖盘
1985,11:20:07,24.77,27247,11,卖盘
1986,11:20:11,24.77,34678,14,卖盘
1987,11:20:13,24.77,4954,2,买盘
1988,11:20:22,24.78,59465,24,买盘
1989,11:20:26,24.78,4956,2,卖盘
1990,11:20:32,24.78,19824,8,卖盘
1991,11:20:35,24.78,17346,7,卖盘
1992,11:20:37,24.78,7434,3,卖盘
1993,11:20:40,24.78,7434,3,卖盘
1994,11:20:43,24.79,32227,13,买盘
1995,11:20:46,24.78,2478,1,卖盘
1996,11:20:50,24.79,27269,11,买盘
1997,11:20:53,24.79,4958,2,买盘
1998,11:20:58,24.79,12395,5,买盘
1999,11:21:01,24.79,7435,3,买盘
2000,11:21:04,24.78,14868,6,卖盘
2001,11:21:08,24.79,2479,1,买盘
2002,11:21:10,24.79,185922,75,买盘
2003,11:21:20,24.79,14874,6,买盘
2004,11:21:22,24.79,9916,4,卖盘
2005,11:21:25,24.8,2480,1,买盘
2006,11:21:31,24.8,151277,61,买盘
2007,11:21:35,24.8,143827,58,买盘
2008,11:21:37,24.8,47120,19,买盘
2009,11:21:40,24.8,2480,1,买盘
2010,11:21:43,24.8,7440,3,买盘
2011,11:21:47,24.8,4960,2,买盘
2012,11:21:53,24.79,9916,4,卖盘
2013,11:21:56,24.79,69412,28,卖盘
2014,11:22:02,24.79,14874,6,买盘
2015,11:22:04,24.78,4956,2,卖盘
2016,11:22:08,24.79,17352,7,买盘
2017,11:22:11,24.79,19831,8,买盘
2018,11:22:14,24.78,29736,12,卖盘
2019,11:22:16,24.78,47082,19,卖盘
2020,11:22:20,24.77,123850,50,卖盘
2021,11:22:26,24.77,76787,31,买盘
2022,11:22:29,24.76,39616,16,卖盘
2023,11:22:35,24.76,203032,82,卖盘
2024,11:22:40,24.75,29698,12,买盘
2025,11:22:46,24.76,14856,6,买盘
2026,11:22:55,24.75,113895,46,卖盘
2027,11:23:02,24.75,4950,2,卖盘
2028,11:23:04,24.75,61875,25,卖盘
2029,11:23:17,24.74,141051,57,卖盘
2030,11:23:28,24.75,2475,1,买盘
2031,11:23:35,24.73,27203,11,卖盘
2032,11:23:41,24.73,29676,12,买盘
2033,11:23:44,24.74,141014,57,买盘
2034,11:23:47,24.74,7422,3,卖盘
2035,11:23:55,24.76,71778,29,买盘
2036,11:23:58,24.76,99040,40,卖盘
2037,11:24:01,24.74,79169,32,卖盘
2038,11:24:04,24.76,61900,25,买盘
2039,11:24:07,24.76,4952,2,卖盘
2040,11:24:10,24.76,27236,11,卖盘
2041,11:24:13,24.76,24760,10,卖盘
2042,11:24:16,24.77,22293,9,买盘
2043,11:24:22,24.76,4952,2,卖盘
2044,11:24:34,24.77,9906,4,买盘
2045,11:24:37,24.76,49520,20,卖盘
2046,11:24:41,24.76,2476,1,卖盘
2047,11:24:49,24.76,47044,19,卖盘
2048,11:24:52,24.76,9907,4,卖盘
2049,11:24:55,24.76,302072,122,卖盘
2050,11:24:58,24.76,165892,67,卖盘
2051,11:25:05,24.76,37140,15,买盘
2052,11:25:07,24.75,123750,50,卖盘
2053,11:25:11,24.73,145931,59,卖盘
2054,11:25:16,24.74,51951,21,买盘
2055,11:25:22,24.72,4944,2,卖盘
2056,11:25:25,24.74,44532,18,买盘
2057,11:25:35,24.72,61800,25,卖盘
2058,11:25:37,24.73,27203,11,买盘
2059,11:25:41,24.73,9892,4,买盘
2060,11:25:52,24.72,2472,1,卖盘
2061,11:25:59,24.73,54406,22,买盘
2062,11:26:10,24.73,9892,4,卖盘
2063,11:26:20,24.73,71717,29,卖盘
2064,11:26:29,24.73,22257,9,卖盘
2065,11:26:32,24.74,19792,8,买盘
2066,11:26:35,24.74,37110,15,买盘
2067,11:26:41,24.74,2474,1,卖盘
2068,11:26:43,24.74,4948,2,买盘
2069,11:26:46,24.73,39568,16,卖盘
2070,11:26:49,24.73,7419,3,买盘
2071,11:26:53,24.73,2473,1,买盘
2072,11:27:01,24.72,12360,5,卖盘
2073,11:27:04,24.72,2472,1,卖盘
2074,11:27:07,24.72,93936,38,卖盘
2075,11:27:11,24.71,59304,24,卖盘
2076,11:27:20,24.72,29664,12,买盘
2077,11:27:25,24.71,4942,2,卖盘
2078,11:27:28,24.72,32136,13,买盘
2079,11:27:32,24.72,51912,21,卖盘
2080,11:27:34,24.72,4944,2,卖盘
2081,11:27:37,24.72,27192,11,买盘
2082,11:27:41,24.71,19775,8,卖盘
2083,11:27:43,24.72,12360,5,买盘
2084,11:27:47,24.72,2472,1,买盘
2085,11:27:49,24.71,29654,12,卖盘
2086,11:27:59,24.72,19776,8,买盘
2087,11:28:02,24.71,29652,12,卖盘
2088,11:28:07,24.71,32123,13,卖盘
2089,11:28:10,24.7,168022,68,卖盘
2090,11:28:14,24.71,2471,1,买盘
2091,11:28:19,24.7,51880,21,卖盘
2092,11:28:23,24.7,14820,6,卖盘
2093,11:28:26,24.7,49414,20,卖盘
2094,11:28:28,24.7,54346,22,卖盘
2095,11:28:31,24.7,29643,12,卖盘
2096,11:28:34,24.7,93865,38,卖盘
2097,11:28:37,24.7,402549,163,卖盘
2098,11:28:41,24.72,24713,10,买盘
2099,11:28:43,24.68,204916,83,卖盘
2100,11:28:46,24.68,14809,6,卖盘
2101,11:28:55,24.68,2468,1,卖盘
2102,11:28:59,24.68,91316,37,卖盘
2103,11:29:01,24.68,17276,7,卖盘
2104,11:29:04,24.69,9875,4,中性盘
2105,11:29:07,24.68,14810,6,卖盘
2106,11:29:19,24.69,9875,4,买盘
2107,11:29:22,24.69,7407,3,买盘
2108,11:29:28,24.69,29628,12,卖盘
2109,11:29:35,24.7,41984,17,买盘
2110,11:29:40,24.69,9876,4,卖盘
2111,11:29:43,24.69,17283,7,买盘
2112,11:29:46,24.69,4938,2,卖盘
2113,11:29:55,24.7,19760,8,卖盘
2114,11:29:58,24.7,2470,1,卖盘
2115,13:00:02,24.7,17290,7,卖盘
2116,13:00:05,24.71,279176,113,买盘
2117,13:00:08,24.74,182904,74,买盘
2118,13:00:11,24.73,279235,113,中性盘
2119,13:00:14,24.74,59376,24,买盘
2120,13:00:16,24.74,14847,6,卖盘
2121,13:00:20,24.74,2474,1,卖盘
2122,13:00:22,24.74,4948,2,卖盘
2123,13:00:25,24.74,39598,16,卖盘
2124,13:00:28,24.74,49482,20,卖盘
2125,13:00:32,24.75,27225,11,买盘
2126,13:00:34,24.74,44542,18,中性盘
2127,13:00:37,24.74,37119,15,卖盘
2128,13:00:41,24.75,29698,12,买盘
2129,13:00:46,24.77,4953,2,买盘
2130,13:00:50,24.77,14862,6,买盘
2131,13:00:52,24.77,27245,11,买盘
2132,13:00:55,24.76,42102,17,中性盘
2133,13:00:58,24.77,2477,1,卖盘
2134,13:01:01,24.77,24773,10,卖盘
2135,13:01:04,24.77,39635,16,卖盘
2136,13:01:08,24.78,121385,49,买盘
2137,13:01:13,24.8,146230,59,买盘
2138,13:01:17,24.79,39679,16,卖盘
2139,13:01:19,24.79,57034,23,卖盘
2140,13:01:22,24.79,71902,29,卖盘
2141,13:01:25,24.79,74391,30,卖盘
2142,13:01:28,24.79,76849,31,卖盘
2143,13:01:31,24.82,741349,299,买盘
2144,13:01:34,24.81,275550,111,卖盘
2145,13:01:37,24.81,12405,5,买盘
2146,13:01:40,24.82,253164,102,卖盘
2147,13:01:43,24.82,39710,16,中性盘
2148,13:01:46,24.82,19856,8,买盘
2149,13:01:55,24.8,17360,7,卖盘
2150,13:01:59,24.81,7441,3,买盘
2151,13:02:01,24.8,76880,31,卖盘
2152,13:02:10,24.8,14880,6,买盘
2153,13:02:14,24.78,156114,63,卖盘
2154,13:02:20,24.77,66882,27,卖盘
2155,13:02:22,24.73,155922,63,卖盘
2156,13:02:31,24.75,2475,1,买盘
2157,13:02:38,24.76,7428,3,买盘
2158,13:02:44,24.75,4950,2,买盘
2159,13:02:56,24.74,24740,10,卖盘
2160,13:02:58,24.74,4948,2,卖盘
2161,13:03:02,24.75,32175,13,买盘
2162,13:03:04,24.74,89076,36,卖盘
2163,13:03:07,24.74,4948,2,卖盘
2164,13:03:10,24.75,79187,32,买盘
2165,13:03:13,24.74,136035,55,买盘
2166,13:03:16,24.74,2474,1,买盘
2167,13:03:20,24.73,4946,2,卖盘
2168,13:03:22,24.74,27206,11,买盘
2169,13:03:29,24.73,29676,12,买盘
2170,13:03:38,24.72,17306,7,卖盘
2171,13:03:41,24.72,9889,4,卖盘
2172,13:03:44,24.72,2472,1,卖盘
2173,13:03:49,24.72,12360,5,卖盘
2174,13:03:52,24.72,12360,5,卖盘
2175,13:03:55,24.73,74171,30,买盘
2176,13:03:58,24.72,121139,49,卖盘
2177,13:04:02,24.72,12360,5,卖盘
2178,13:04:04,24.72,24720,10,卖盘
2179,13:04:08,24.71,2471,1,卖盘
2180,13:04:11,24.71,61775,25,卖盘
2181,13:04:13,24.71,138386,56,卖盘
2182,13:04:16,24.71,9884,4,卖盘
2183,13:04:19,24.71,101311,41,卖盘
2184,13:04:31,24.7,41990,17,卖盘
2185,13:04:35,24.7,9880,4,卖盘
2186,13:04:41,24.7,123500,50,卖盘
2187,13:04:43,24.71,200101,81,买盘
2188,13:04:46,24.72,59328,24,买盘
2189,13:04:55,24.74,54413,22,买盘
2190,13:04:58,24.73,93981,38,卖盘
2191,13:05:05,24.74,4948,2,买盘
2192,13:05:13,24.72,160746,65,卖盘
2193,13:05:16,24.73,49460,20,卖盘
2194,13:05:19,24.71,210058,85,卖盘
2195,13:05:22,24.74,247381,100,买盘
2196,13:05:25,24.71,19768,8,卖盘
2197,13:05:28,24.73,29668,12,买盘
2198,13:05:31,24.7,2470,1,卖盘
2199,13:05:38,24.73,96360,39,买盘
2200,13:05:40,24.7,19760,8,卖盘
2201,13:05:46,24.71,24710,10,卖盘
2202,13:05:55,24.73,46973,19,买盘
2203,13:06:02,24.74,4948,2,买盘
2204,13:06:05,24.74,9896,4,买盘
2205,13:06:07,24.75,103883,42,买盘
2206,13:06:11,24.75,12375,5,卖盘
2207,13:06:16,24.73,4947,2,卖盘
2208,13:06:19,24.73,7419,3,买盘
2209,13:06:22,24.77,376191,152,买盘
2210,13:06:25,24.77,24770,10,卖盘
2211,13:06:29,24.77,274947,111,卖盘
2212,13:06:34,24.8,188442,76,买盘
2213,13:06:40,24.81,44647,18,买盘
2214,13:06:43,24.81,9924,4,买盘
2215,13:06:47,24.82,66980,27,买盘
2216,13:06:49,24.83,198562,80,买盘
2217,13:06:55,24.81,69492,28,卖盘
2218,13:06:59,24.81,114127,46,卖盘
2219,13:07:01,24.81,76911,31,买盘
2220,13:07:04,24.83,27304,11,买盘
2221,13:07:07,24.81,12405,5,卖盘
2222,13:07:10,24.82,32266,13,买盘
2223,13:07:13,24.82,2482,1,卖盘
2224,13:07:17,24.82,76963,31,卖盘
2225,13:07:19,24.81,69484,28,卖盘
2226,13:07:23,24.83,59580,24,买盘
2227,13:07:26,24.83,191191,77,买盘
2228,13:07:31,24.83,129131,52,买盘
2229,13:07:34,24.83,121667,49,卖盘
2230,13:07:37,24.83,34762,14,卖盘
2231,13:07:40,24.82,29784,12,中性盘
2232,13:07:46,24.81,52101,21,卖盘
2233,13:07:50,24.82,34747,14,买盘
2234,13:07:52,24.81,9924,4,卖盘
2235,13:07:55,24.81,32265,13,卖盘
2236,13:07:58,24.81,69468,28,卖盘
2237,13:08:01,24.81,124052,50,卖盘
2238,13:08:07,24.8,39687,16,卖盘
2239,13:08:10,24.81,297602,120,买盘
2240,13:08:14,24.8,9920,4,中性盘
2241,13:08:20,24.78,2478,1,卖盘
2242,13:08:22,24.76,103992,42,卖盘
2243,13:08:25,24.76,2476,1,买盘
2244,13:08:28,24.75,141075,57,卖盘
2245,13:08:31,24.75,2475,1,买盘
2246,13:08:34,24.74,2474,1,卖盘
2247,13:08:43,24.74,66811,27,买盘
2248,13:08:46,24.75,66825,27,买盘
2249,13:08:56,24.74,14849,6,卖盘
2250,13:08:58,24.75,2475,1,买盘
2251,13:09:02,24.75,4950,2,买盘
2252,13:09:04,24.74,22268,9,卖盘
2253,13:09:07,24.74,34638,14,卖盘
2254,13:09:10,24.74,44534,18,卖盘
2255,13:09:13,24.74,17318,7,买盘
2256,13:09:16,24.73,9895,4,卖盘
2257,13:09:20,24.74,19788,8,买盘
2258,13:09:23,24.74,29688,12,买盘
2259,13:09:25,24.74,22266,9,卖盘
2260,13:09:31,24.75,7425,3,买盘
2261,13:09:35,24.74,17318,7,卖盘
2262,13:09:37,24.75,4950,2,买盘
2263,13:09:40,24.75,59394,24,买盘
2264,13:09:46,24.74,64326,26,卖盘
2265,13:09:49,24.74,42058,17,卖盘
2266,13:09:53,24.74,113804,46,卖盘
2267,13:09:56,24.74,126128,51,中性盘
2268,13:09:58,24.74,7422,3,买盘
2269,13:10:01,24.74,29688,12,买盘
2270,13:10:08,24.74,39578,16,买盘
2271,13:10:10,24.76,42079,17,买盘
2272,13:10:16,24.76,91612,37,卖盘
2273,13:10:19,24.78,19814,8,买盘
2274,13:10:22,24.78,7434,3,买盘
2275,13:10:25,24.76,54484,22,卖盘
2276,13:10:29,24.78,4956,2,买盘
2277,13:10:32,24.76,24760,10,卖盘
2278,13:10:34,24.78,4956,2,卖盘
2279,13:10:37,24.78,19824,8,卖盘
2280,13:10:40,24.79,4958,2,买盘
2281,13:10:46,24.79,4957,2,买盘
2282,13:10:49,24.78,42127,17,卖盘
2283,13:10:53,24.79,4958,2,买盘
2284,13:10:55,24.79,34695,14,买盘
2285,13:10:58,24.79,2479,1,卖盘
2286,13:11:07,24.8,12400,5,买盘
2287,13:11:10,24.8,2480,1,买盘
2288,13:11:13,24.79,17353,7,卖盘
2289,13:11:16,24.79,47101,19,卖盘
2290,13:11:20,24.78,133805,54,卖盘
2291,13:11:22,24.77,24770,10,卖盘
2292,13:11:26,24.74,126224,51,卖盘
2293,13:11:28,24.75,56925,23,买盘
2294,13:11:31,24.75,2475,1,卖盘
2295,13:11:34,24.74,84120,34,卖盘
2296,13:11:37,24.74,71746,29,卖盘
2297,13:11:41,24.74,32162,13,买盘
2298,13:11:43,24.74,12370,5,买盘
2299,13:11:49,24.73,76663,31,卖盘
2300,13:11:52,24.73,12365,5,买盘
2301,13:11:55,24.73,24730,10,买盘
2302,13:11:58,24.73,4946,2,买盘
2303,13:12:01,24.72,182930,74,卖盘
2304,13:12:08,24.72,4944,2,买盘
2305,13:12:10,24.71,111201,45,卖盘
2306,13:12:14,24.72,363356,147,买盘
2307,13:12:17,24.72,22248,9,卖盘
2308,13:12:22,24.73,4946,2,买盘
2309,13:12:25,24.74,188004,76,买盘
2310,13:12:29,24.74,103908,42,买盘
2311,13:12:31,24.73,2473,1,卖盘
2312,13:12:34,24.74,17314,7,买盘
2313,13:12:37,24.77,153519,62,买盘
2314,13:12:40,24.77,79295,32,卖盘
2315,13:12:46,24.77,104034,42,卖盘
2316,13:12:49,24.78,101577,41,买盘
2317,13:12:53,24.77,349287,141,卖盘
2318,13:12:55,24.77,37155,15,买盘
2319,13:12:58,24.78,84222,34,买盘
2320,13:13:01,24.79,57009,23,买盘
2321,13:13:05,24.89,3000386,1208,买盘
2322,13:13:07,24.91,1603492,644,买盘
2323,13:13:11,24.91,151940,61,买盘
2324,13:13:14,24.92,199360,80,买盘
2325,13:13:16,24.92,67268,27,买盘
2326,13:13:20,24.92,226766,91,买盘
2327,13:13:23,24.91,490721,197,卖盘
2328,13:13:26,24.91,59784,24,买盘
2329,13:13:28,24.91,127041,51,买盘
2330,13:13:32,24.9,114593,46,中性盘
2331,13:13:34,24.89,17410,7,中性盘
2332,13:13:37,24.9,131953,53,买盘
2333,13:13:41,24.9,64687,26,买盘
2334,13:13:44,24.9,191747,77,买盘
2335,13:13:46,24.9,107070,43,买盘
2336,13:13:50,24.88,106991,43,卖盘
2337,13:13:52,24.89,119435,48,买盘
2338,13:13:55,24.9,343536,138,买盘
2339,13:13:58,24.89,39817,16,中性盘
2340,13:14:02,24.89,84590,34,买盘
2341,13:14:04,24.88,250969,101,中性盘
2342,13:14:07,24.87,151592,61,买盘
2343,13:14:11,24.85,32315,13,中性盘
2344,13:14:13,24.86,49704,20,买盘
2345,13:14:16,24.86,106870,43,买盘
2346,13:14:20,24.85,77027,31,卖盘
2347,13:14:22,24.85,39760,16,买盘
2348,13:14:26,24.85,24850,10,买盘
2349,13:14:29,24.84,24840,10,买盘
2350,13:14:32,24.85,111812,45,买盘
2351,13:14:35,24.85,4970,2,卖盘
2352,13:14:37,24.85,54670,22,卖盘
2353,13:14:40,24.85,74550,30,卖盘
2354,13:14:46,24.86,2486,1,中性盘
2355,13:14:56,24.88,17409,7,买盘
2356,13:14:58,24.86,4974,2,卖盘
2357,13:15:01,24.86,27346,11,卖盘
2358,13:15:04,24.85,119342,48,卖盘
2359,13:15:08,24.85,106872,43,卖盘
2360,13:15:11,24.85,62126,25,卖盘
2361,13:15:14,24.86,181500,73,买盘
2362,13:15:16,24.86,79552,32,卖盘
2363,13:15:19,24.86,14916,6,买盘
2364,13:15:23,24.85,2485,1,卖盘
2365,13:15:25,24.87,2487,1,买盘
2366,13:15:29,24.87,57167,23,买盘
2367,13:15:31,24.85,22371,9,卖盘
2368,13:15:34,24.85,69594,28,中性盘
2369,13:15:37,24.85,24850,10,卖盘
2370,13:15:41,24.85,54690,22,卖盘
2371,13:15:43,24.85,29820,12,卖盘
2372,13:15:46,24.84,37268,15,卖盘
2373,13:15:49,24.84,59635,24,卖盘
2374,13:15:53,24.84,144110,58,买盘
2375,13:15:55,24.83,2483,1,卖盘
2376,13:15:58,24.83,32289,13,卖盘
2377,13:16:01,24.83,7449,3,卖盘
2378,13:16:05,24.84,74500,30,买盘
2379,13:16:08,24.84,7452,3,卖盘
2380,13:16:13,24.84,62103,25,卖盘
2381,13:16:16,24.85,29820,12,买盘
2382,13:16:20,24.85,193944,78,卖盘
2383,13:16:23,24.87,213733,86,买盘
2384,13:16:28,24.87,29853,12,卖盘
2385,13:16:32,24.88,44779,18,买盘
2386,13:16:35,24.87,104454,42,卖盘
2387,13:16:37,24.87,57204,23,卖盘
2388,13:16:41,24.88,191524,77,买盘
2389,13:16:43,24.88,42296,17,买盘
2390,13:16:46,24.88,101976,41,买盘
2391,13:16:49,24.87,17414,7,中性盘
2392,13:16:52,24.89,194127,78,买盘
2393,13:16:56,24.9,19919,8,买盘
2394,13:16:59,24.89,84631,34,卖盘
2395,13:17:02,24.85,308499,124,卖盘
2396,13:17:04,24.89,186470,75,买盘
2397,13:17:08,24.89,77137,31,买盘
2398,13:17:11,24.86,34814,14,卖盘
2399,13:17:13,24.89,181671,73,买盘
2400,13:17:17,24.86,7458,3,卖盘
2401,13:17:19,24.88,59712,24,买盘
2402,13:17:22,24.88,12440,5,买盘
2403,13:17:26,24.88,17414,7,买盘
2404,13:17:28,24.9,326048,131,买盘
2405,13:17:31,24.9,9956,4,买盘
2406,13:17:35,24.9,104580,42,买盘
2407,13:17:37,24.89,164330,66,卖盘
2408,13:17:40,24.9,308751,124,买盘
2409,13:17:43,24.9,156849,63,买盘
2410,13:17:46,24.89,57260,23,卖盘
2411,13:17:50,24.89,47291,19,卖盘
2412,13:17:53,24.9,181759,73,买盘
2413,13:17:55,24.89,62225,25,卖盘
2414,13:17:59,24.89,77154,31,买盘
2415,13:18:01,24.88,179130,72,卖盘
2416,13:18:04,24.89,263671,106,卖盘
2417,13:18:07,24.88,22400,9,中性盘
2418,13:18:10,24.88,29858,12,买盘
2419,13:18:14,24.85,72161,29,卖盘
2420,13:18:16,24.85,4970,2,卖盘
2421,13:18:19,24.88,14923,6,买盘
2422,13:18:22,24.85,9940,4,卖盘
2423,13:18:25,24.9,353507,142,买盘
2424,13:18:29,24.9,102089,41,买盘
2425,13:18:31,24.89,124484,50,卖盘
2426,13:18:34,24.9,286349,115,买盘
2427,13:18:37,24.9,679756,273,买盘
2428,13:18:41,24.91,199265,80,买盘
2429,13:18:43,24.91,79702,32,买盘
2430,13:18:47,24.92,34875,14,买盘
2431,13:18:49,24.92,47346,19,买盘
2432,13:18:52,24.92,89712,36,买盘
2433,13:18:56,24.93,104670,42,买盘
2434,13:18:59,24.93,858129,344,买盘
2435,13:19:01,24.95,172155,69,买盘
2436,13:19:04,24.96,29945,12,买盘
2437,13:19:08,24.96,154752,62,买盘
2438,13:19:10,24.96,112359,45,卖盘
2439,13:19:14,24.97,284696,114,买盘
2440,13:19:16,24.93,1192538,478,卖盘
2441,13:19:19,24.97,269591,108,买盘
2442,13:19:23,24.92,191904,77,卖盘
2443,13:19:25,24.93,134622,54,卖盘
2444,13:19:28,24.92,184435,74,卖盘
2445,13:19:31,24.92,32396,13,买盘
2446,13:19:34,24.92,271490,109,买盘
2447,13:19:38,24.91,22425,9,中性盘
2448,13:19:40,24.93,149522,60,买盘
2449,13:19:44,24.91,82193,33,卖盘
2450,13:19:46,24.91,94658,38,卖盘
2451,13:19:50,24.89,89660,36,卖盘
2452,13:19:52,24.92,77233,31,买盘
2453,13:19:55,24.89,57262,23,卖盘
2454,13:19:58,24.9,34858,14,买盘
2455,13:20:01,24.89,485370,195,卖盘
2456,13:20:05,24.89,141873,57,买盘
2457,13:20:08,24.9,42330,17,买盘
2458,13:20:11,24.9,24900,10,卖盘
2459,13:20:16,24.91,52299,21,买盘
2460,13:20:19,24.88,199140,80,卖盘
2461,13:20:22,24.88,72153,29,卖盘
2462,13:20:25,24.88,22392,9,买盘
2463,13:20:29,24.89,39815,16,买盘
2464,13:20:34,24.88,37332,15,卖盘
2465,13:20:38,24.89,37335,15,买盘
2466,13:20:41,24.88,109492,44,卖盘
2467,13:20:43,24.89,12445,5,买盘
2468,13:20:46,24.88,283687,114,卖盘
2469,13:20:49,24.87,208986,84,卖盘
2470,13:20:52,24.89,181671,73,买盘
2471,13:20:56,24.87,174189,70,卖盘
2472,13:20:59,24.87,12435,5,买盘
2473,13:21:04,24.87,4974,2,买盘
2474,13:21:08,24.86,2486,1,卖盘
2475,13:21:11,24.87,47244,19,买盘
2476,13:21:13,24.87,17409,7,买盘
2477,13:21:17,24.87,44764,18,买盘
2478,13:21:20,24.87,12435,5,买盘
2479,13:21:26,24.87,19896,8,买盘
2480,13:21:29,24.92,1078658,433,买盘
2481,13:21:31,24.86,24868,10,卖盘
2482,13:21:37,24.91,17432,7,买盘
2483,13:21:46,24.91,114586,46,买盘
2484,13:21:49,24.91,159403,64,买盘
2485,13:21:52,24.91,97149,39,卖盘
2486,13:21:56,24.92,54809,22,买盘
2487,13:21:59,24.92,12460,5,买盘
2488,13:22:02,24.92,313956,126,买盘
2489,13:22:07,24.91,635687,255,买盘
2490,13:22:10,24.91,72239,29,卖盘
2491,13:22:13,24.91,49831,20,中性盘
2492,13:22:17,24.91,92161,37,中性盘
2493,13:22:20,24.92,179422,72,买盘
2494,13:22:22,24.92,9968,4,卖盘
2495,13:22:25,24.93,59829,24,买盘
2496,13:22:29,24.93,216979,87,卖盘
2497,13:22:32,24.93,84766,34,卖盘
2498,13:22:35,24.95,57366,23,买盘
2499,13:22:38,24.95,34924,14,买盘
2500,13:22:41,24.94,17460,7,卖盘
2501,13:22:43,24.95,32435,13,买盘
2502,13:22:46,24.94,57372,23,卖盘
2503,13:22:49,24.94,324273,130,卖盘
2504,13:22:52,24.93,74798,30,卖盘
2505,13:22:56,24.94,119707,48,买盘
2506,13:22:58,24.93,24931,10,中性盘
2507,13:23:02,24.93,147080,59,买盘
2508,13:23:04,24.93,675538,271,买盘
2509,13:23:07,24.92,29904,12,中性盘
2510,13:23:10,24.93,37379,15,买盘
2511,13:23:13,24.93,57319,23,买盘
2512,13:23:16,24.93,29908,12,买盘
2513,13:23:19,24.93,44856,18,买盘
2514,13:23:22,24.93,4986,2,买盘
2515,13:23:26,24.93,104706,42,买盘
2516,13:23:29,24.92,39886,16,卖盘
2517,13:23:32,24.93,54826,22,买盘
2518,13:23:35,24.91,2491,1,卖盘
2519,13:23:37,24.92,79751,32,卖盘
2520,13:23:40,24.92,27412,11,买盘
2521,13:23:46,24.91,47346,19,卖盘
2522,13:23:50,24.91,114586,46,卖盘
2523,13:23:52,24.91,29889,12,买盘
2524,13:23:55,24.89,214114,86,卖盘
2525,13:23:59,24.91,27395,11,买盘
2526,13:24:02,24.89,126897,51,中性盘
2527,13:24:05,24.88,17421,7,卖盘
2528,13:24:08,24.89,2489,1,买盘
2529,13:24:10,24.9,89621,36,买盘
2530,13:24:16,24.89,32367,13,卖盘
2531,13:24:22,24.89,69717,28,卖盘
2532,13:24:29,24.9,32364,13,买盘
2533,13:24:31,24.9,12450,5,买盘
2534,13:24:35,24.89,37335,15,卖盘
2535,13:24:37,24.89,97054,39,卖盘
2536,13:24:41,24.9,44805,18,买盘
2537,13:24:43,24.89,14931,6,买盘
2538,13:24:49,24.9,44820,18,买盘
2539,13:24:52,24.88,24888,10,卖盘
2540,13:24:58,24.9,2490,1,买盘
2541,13:25:02,24.9,126965,51,买盘
2542,13:25:11,24.9,109560,44,买盘
2543,13:25:13,24.9,17430,7,卖盘
2544,13:25:16,24.9,19920,8,买盘
2545,13:25:23,24.9,82160,33,买盘
2546,13:25:26,24.9,7468,3,买盘
2547,13:25:32,24.89,14938,6,卖盘
2548,13:25:34,24.9,14940,6,买盘
2549,13:25:37,24.89,19912,8,卖盘
2550,13:25:40,24.89,2489,1,卖盘
2551,13:25:43,24.9,316207,127,买盘
2552,13:25:46,24.9,14940,6,卖盘
2553,13:25:50,24.91,84665,34,买盘
2554,13:25:52,24.9,119561,48,卖盘
2555,13:25:56,24.91,44833,18,中性盘
2556,13:25:58,24.91,4982,2,卖盘
2557,13:26:02,24.89,398415,160,卖盘
2558,13:26:05,24.89,14934,6,卖盘
2559,13:26:07,24.89,4978,2,买盘
2560,13:26:11,24.89,42313,17,买盘
2561,13:26:13,24.89,126981,51,买盘
2562,13:26:16,24.88,9953,4,卖盘
2563,13:26:20,24.89,9956,4,买盘
2564,13:26:22,24.89,92128,37,中性盘
2565,13:26:25,24.9,59739,24,买盘
2566,13:26:29,24.89,34838,14,买盘
2567,13:26:32,24.88,39817,16,卖盘
2568,13:26:34,24.88,17416,7,卖盘
2569,13:26:38,24.89,47292,19,买盘
2570,13:26:43,24.88,134380,54,卖盘
2571,13:26:49,24.88,44788,18,卖盘
2572,13:26:52,24.88,12440,5,卖盘
2573,13:26:55,24.89,114494,46,买盘
2574,13:26:59,24.9,32365,13,买盘
2575,13:27:02,24.89,2489,1,卖盘
2576,13:27:08,24.9,82168,33,买盘
2577,13:27:11,24.9,89640,36,买盘
2578,13:27:14,24.91,201775,81,买盘
2579,13:27:17,24.91,129583,52,卖盘
2580,13:27:19,24.91,176918,71,卖盘
2581,13:27:22,24.92,29893,12,买盘
2582,13:27:25,24.91,22419,9,卖盘
2583,13:27:28,24.9,199225,80,卖盘
2584,13:27:32,24.9,37350,15,买盘
2585,13:27:38,24.9,4980,2,卖盘
2586,13:27:41,24.9,2490,1,卖盘
2587,13:27:44,24.91,24908,10,买盘
2588,13:27:46,24.91,47329,19,买盘
2589,13:27:53,24.9,27390,11,卖盘
2590,13:27:56,24.9,17436,7,卖盘
2591,13:28:02,24.91,84673,34,买盘
2592,13:28:05,24.91,17436,7,买盘
2593,13:28:07,24.91,17437,7,买盘
2594,13:28:10,24.9,24900,10,卖盘
2595,13:28:13,24.91,14941,6,买盘
2596,13:28:16,24.91,249100,100,买盘
2597,13:28:19,24.9,12451,5,卖盘
2598,13:28:25,24.91,186825,75,买盘
2599,13:28:28,24.91,74730,30,买盘
2600,13:28:32,24.91,37360,15,买盘
2601,13:28:37,24.91,14946,6,买盘
2602,13:28:44,24.91,62273,25,买盘
2603,13:28:46,24.91,59778,24,买盘
2604,13:28:49,24.91,14946,6,卖盘
2605,13:28:52,24.92,44853,18,买盘
2606,13:28:56,24.92,132060,53,买盘
2607,13:28:58,24.92,77252,31,买盘
2608,13:29:02,24.91,184364,74,卖盘
2609,13:29:05,24.93,804920,323,买盘
2610,13:29:07,24.94,423854,170,买盘
2611,13:29:10,24.93,1674481,671,卖盘
2612,13:29:13,24.95,94804,38,卖盘
2613,13:29:16,24.95,97331,39,卖盘
2614,13:29:20,24.97,177206,71,买盘
2615,13:29:22,24.95,199664,80,卖盘
2616,13:29:25,24.95,24952,10,卖盘
2617,13:29:28,24.98,322229,129,买盘
2618,13:29:31,24.98,254790,102,买盘
2619,13:29:35,24.99,467226,187,买盘
2620,13:29:37,24.98,199858,80,卖盘
2621,13:29:40,24.99,417302,167,买盘
2622,13:29:43,25.0,122472,49,买盘
2623,13:29:46,25.0,589987,236,买盘
2624,13:29:50,25.0,1039577,416,买盘
2625,13:29:52,24.98,292400,117,中性盘
2626,13:29:56,24.99,327349,131,买盘
2627,13:29:58,24.99,719085,288,买盘
2628,13:30:02,24.99,102458,41,买盘
2629,13:30:04,24.99,402215,161,卖盘
2630,13:30:07,24.99,119930,48,买盘
2631,13:30:11,24.99,272476,109,卖盘
2632,13:30:13,24.99,97465,39,卖盘
2633,13:30:16,24.99,122429,49,买盘
2634,13:30:20,24.98,217392,87,卖盘
2635,13:30:22,24.99,192363,77,买盘
2636,13:30:26,24.99,1099744,440,卖盘
2637,13:30:29,25.0,324911,130,买盘
2638,13:30:31,24.99,212416,85,卖盘
2639,13:30:35,25.0,307415,123,买盘
2640,13:30:37,24.99,172438,69,中性盘
2641,13:30:41,24.99,384859,154,买盘
2642,13:30:43,25.0,184980,74,买盘
2643,13:30:46,24.99,277486,111,卖盘
2644,13:30:49,24.99,402450,161,卖盘
2645,13:30:53,25.0,137486,55,买盘
2646,13:30:56,24.98,834640,334,卖盘
2647,13:30:59,24.99,412388,165,买盘
2648,13:31:02,25.0,42489,17,买盘
2649,13:31:04,24.99,774987,310,卖盘
2650,13:31:07,24.99,27489,11,买盘
2651,13:31:10,24.98,424956,170,卖盘
2652,13:31:13,24.99,54978,22,中性盘
2653,13:31:16,25.0,59990,24,买盘
2654,13:31:19,25.0,112490,45,买盘
2655,13:31:22,25.0,17499,7,买盘
2656,13:31:26,25.0,62500,25,买盘
2657,13:31:29,24.99,57483,23,卖盘
2658,13:31:32,25.0,32500,13,买盘
2659,13:31:35,25.0,27496,11,买盘
2660,13:31:38,25.0,22500,9,买盘
2661,13:31:40,25.0,94980,38,买盘
2662,13:31:43,25.0,12500,5,买盘
2663,13:31:46,25.0,107496,43,买盘
2664,13:31:49,25.0,482343,193,买盘
2665,13:31:53,25.0,192441,77,买盘
2666,13:31:56,24.99,29988,12,买盘
2667,13:31:58,24.98,77443,31,卖盘
2668,13:32:02,24.99,34986,14,买盘
2669,13:32:05,24.98,29986,12,卖盘
2670,13:32:10,24.99,37484,15,买盘
2671,13:32:13,25.0,127468,51,买盘
2672,13:32:16,24.99,19996,8,卖盘
2673,13:32:20,24.99,62477,25,卖盘
2674,13:32:26,24.99,69994,28,卖盘
2675,13:32:28,25.0,132492,53,买盘
2676,13:32:31,24.99,212415,85,卖盘
2677,13:32:35,24.99,92482,37,卖盘
2678,13:32:37,25.0,104999,42,买盘
2679,13:32:40,25.0,302480,121,买盘
2680,13:32:43,25.0,824949,330,买盘
2681,13:32:46,25.01,370116,148,买盘
2682,13:32:50,25.01,40016,16,卖盘
2683,13:32:53,25.03,292763,117,买盘
2684,13:32:56,25.02,362857,145,卖盘
2685,13:32:59,25.05,105184,42,买盘
2686,13:33:02,25.04,22536,9,卖盘
2687,13:33:05,25.05,127755,51,买盘
2688,13:33:08,25.05,110220,44,买盘
2689,13:33:10,25.05,298095,119,买盘
2690,13:33:13,25.05,192875,77,买盘
2691,13:33:17,25.05,170333,68,买盘
2692,13:33:19,25.05,488389,195,买盘
2693,13:33:23,25.02,27535,11,卖盘
2694,13:33:25,25.03,951351,380,买盘
2695,13:33:29,25.03,82552,33,买盘
2696,13:33:31,25.01,157681,63,卖盘
2697,13:33:34,25.03,42541,17,买盘
2698,13:33:38,25.01,67577,27,卖盘
2699,13:33:41,25.03,30036,12,买盘
2700,13:33:43,25.03,15014,6,买盘
2701,13:33:46,25.03,77591,31,买盘
2702,13:33:49,25.01,50042,20,卖盘
2703,13:33:53,25.02,440214,176,中性盘
2704,13:33:55,25.0,17511,7,卖盘
2705,13:33:58,25.02,202625,81,买盘
2706,13:34:01,25.02,87552,35,卖盘
2707,13:34:04,25.02,45041,18,卖盘
2708,13:34:07,25.01,80035,32,卖盘
2709,13:34:10,25.02,47535,19,买盘
2710,13:34:13,24.99,1052404,421,卖盘
2711,13:34:16,24.98,104926,42,卖盘
2712,13:34:20,24.98,54953,22,卖盘
2713,13:34:23,24.95,199754,80,卖盘
2714,13:34:26,24.98,32458,13,买盘
2715,13:34:29,24.98,7493,3,买盘
2716,13:34:32,24.97,17481,7,卖盘
2717,13:34:35,24.97,12485,5,买盘
2718,13:34:38,24.97,64922,26,买盘
2719,13:34:40,24.97,17479,7,卖盘
2720,13:34:43,24.97,19976,8,卖盘
2721,13:34:46,24.98,47452,19,买盘
2722,13:34:50,24.97,676688,271,卖盘
2723,13:34:52,24.97,77440,31,卖盘
2724,13:34:56,24.97,14982,6,卖盘
2725,13:34:58,24.97,157311,63,卖盘
2726,13:35:01,24.97,82401,33,买盘
2727,13:35:04,24.96,19968,8,卖盘
2728,13:35:07,24.95,1099217,440,卖盘
2729,13:35:11,24.98,162273,65,买盘
2730,13:35:13,24.96,4992,2,买盘
2731,13:35:17,24.96,329371,132,买盘
2732,13:35:20,24.95,14972,6,买盘
2733,13:35:23,24.95,77357,31,卖盘
2734,13:35:26,24.95,12475,5,买盘
2735,13:35:29,24.95,22452,9,买盘
2736,13:35:32,24.95,97305,39,买盘
2737,13:35:35,24.95,34930,14,卖盘
2738,13:35:37,24.97,24960,10,买盘
2739,13:35:41,24.96,49920,20,卖盘
2740,13:35:43,24.95,39945,16,卖盘
2741,13:35:49,24.94,394184,158,卖盘
2742,13:35:53,24.93,129636,52,卖盘
2743,13:35:56,24.91,59803,24,卖盘
2744,13:35:59,24.94,24931,10,买盘
2745,13:36:01,24.92,12460,5,中性盘
2746,13:36:04,24.92,87190,35,买盘
2747,13:36:08,24.92,4983,2,买盘
2748,13:36:10,24.91,97149,39,卖盘
2749,13:36:13,24.91,39861,16,卖盘
2750,13:36:19,24.9,69740,28,卖盘
2751,13:36:22,24.91,32383,13,卖盘
2752,13:36:26,24.91,24912,10,卖盘
2753,13:36:29,24.91,47333,19,卖盘
2754,13:36:32,24.91,37360,15,买盘
2755,13:36:35,24.9,1115294,448,卖盘
2756,13:36:38,24.89,22398,9,买盘
2757,13:36:41,24.88,17416,7,卖盘
2758,13:36:44,24.88,49760,20,卖盘
2759,13:36:52,24.88,7464,3,卖盘
2760,13:36:56,24.88,22392,9,卖盘
2761,13:36:59,24.89,9956,4,买盘
2762,13:37:04,24.89,109475,44,买盘
2763,13:37:08,24.89,62218,25,买盘
2764,13:37:14,24.89,146812,59,买盘
2765,13:37:16,24.88,14928,6,卖盘
2766,13:37:20,24.88,14928,6,买盘
2767,13:37:22,24.87,12435,5,卖盘
2768,13:37:26,24.87,114423,46,卖盘
2769,13:37:29,24.86,69639,28,卖盘
2770,13:37:31,24.88,2488,1,买盘
2771,13:37:34,24.86,12430,5,卖盘
2772,13:37:40,24.87,186393,75,买盘
2773,13:37:44,24.86,119328,48,卖盘
2774,13:37:47,24.84,136678,55,卖盘
2775,13:37:56,24.83,17382,7,卖盘
2776,13:37:59,24.83,24834,10,卖盘
2777,13:38:01,24.83,32279,13,卖盘
2778,13:38:04,24.85,39730,16,买盘
2779,13:38:07,24.82,62082,25,卖盘
2780,13:38:10,24.83,12415,5,买盘
2781,13:38:13,24.82,32291,13,卖盘
2782,13:38:17,24.82,17379,7,卖盘
2783,13:38:20,24.85,22348,9,买盘
2784,13:38:23,24.84,9933,4,买盘
2785,13:38:26,24.83,52131,21,卖盘
2786,13:38:29,24.83,24836,10,卖盘
2787,13:38:34,24.84,19872,8,买盘
2788,13:38:38,24.83,9934,4,卖盘
2789,13:38:43,24.84,12420,5,卖盘
2790,13:38:47,24.84,47196,19,买盘
2791,13:38:49,24.83,49673,20,卖盘
2792,13:38:52,24.84,14905,6,中性盘
2793,13:38:55,24.85,17390,7,买盘
2794,13:38:59,24.85,29801,12,买盘
2795,13:39:02,24.8,1362545,549,卖盘
2796,13:39:04,24.79,498453,201,卖盘
2797,13:39:07,24.79,52059,21,卖盘
2798,13:39:11,24.79,4958,2,买盘
2799,13:39:14,24.79,54535,22,买盘
2800,13:39:17,24.79,19825,8,买盘
2801,13:39:20,24.79,19832,8,买盘
2802,13:39:22,24.76,289822,117,卖盘
2803,13:39:26,24.79,47076,19,买盘
2804,13:39:29,24.78,14868,6,卖盘
2805,13:39:31,24.78,2478,1,卖盘
2806,13:39:37,24.78,32215,13,卖盘
2807,13:39:40,24.77,14862,6,卖盘
2808,13:39:44,24.77,123877,50,卖盘
2809,13:39:47,24.76,34678,14,卖盘
2810,13:39:53,24.76,22284,9,卖盘
2811,13:39:56,24.76,9904,4,卖盘
2812,13:39:59,24.76,51999,21,卖盘
2813,13:40:02,24.76,7428,3,卖盘
2814,13:40:04,24.76,22287,9,卖盘
2815,13:40:07,24.77,9908,4,买盘
2816,13:40:11,24.76,51996,21,卖盘
2817,13:40:13,24.76,24760,10,买盘
2818,13:40:17,24.76,56948,23,买盘
2819,13:40:20,24.76,37140,15,中性盘
2820,13:40:22,24.76,7428,3,买盘
2821,13:40:26,24.76,29712,12,买盘
2822,13:40:28,24.77,2477,1,买盘
2823,13:40:31,24.77,29724,12,买盘
2824,13:40:35,24.76,4952,2,卖盘
2825,13:40:37,24.77,52017,21,买盘
2826,13:40:41,24.76,136203,55,卖盘
2827,13:40:44,24.77,42107,17,买盘
2828,13:40:47,24.76,14861,6,卖盘
2829,13:40:50,24.77,9908,4,中性盘
2830,13:40:53,24.76,354076,143,卖盘
2831,13:40:56,24.77,64413,26,买盘
2832,13:40:59,24.77,101561,41,中性盘
2833,13:41:02,24.77,89172,36,买盘
2834,13:41:08,24.78,7434,3,买盘
2835,13:41:10,24.76,148581,60,卖盘
2836,13:41:14,24.78,180842,73,买盘
2837,13:41:17,24.78,71825,29,买盘
2838,13:41:20,24.78,71861,29,中性盘
2839,13:41:23,24.78,29736,12,卖盘
2840,13:41:26,24.78,9912,4,卖盘
2841,13:41:28,24.78,17344,7,买盘
2842,13:41:31,24.78,37170,15,买盘
2843,13:41:37,24.78,14864,6,买盘
2844,13:41:41,24.78,7434,3,买盘
2845,13:41:44,24.78,19824,8,买盘
2846,13:41:46,24.78,66906,27,卖盘
2847,13:41:49,24.79,29741,12,买盘
2848,13:41:52,24.79,34706,14,买盘
2849,13:41:55,24.79,64454,26,卖盘
2850,13:41:58,24.79,27269,11,买盘
2851,13:42:02,24.77,440829,178,卖盘
2852,13:42:04,24.76,99032,40,卖盘
2853,13:42:08,24.77,49540,20,买盘
2854,13:42:14,24.76,106490,43,卖盘
2855,13:42:16,24.76,79240,32,卖盘
2856,13:42:19,24.76,44567,18,买盘
2857,13:42:26,24.75,14855,6,卖盘
2858,13:42:28,24.76,12380,5,买盘
2859,13:42:31,24.76,4952,2,买盘
2860,13:42:34,24.76,27235,11,买盘
2861,13:42:37,24.75,9902,4,卖盘
2862,13:42:40,24.76,4952,2,买盘
2863,13:42:44,24.76,44552,18,买盘
2864,13:42:47,24.76,9904,4,买盘
2865,13:42:49,24.76,44565,18,卖盘
2866,13:42:53,24.75,44552,18,卖盘
2867,13:42:56,24.75,34650,14,卖盘
2868,13:42:59,24.75,7425,3,卖盘
2869,13:43:02,24.75,287100,116,卖盘
2870,13:43:05,24.75,118765,48,买盘
2871,13:43:07,24.76,118826,48,买盘
2872,13:43:11,24.76,12380,5,买盘
2873,13:43:14,24.77,66857,27,买盘
2874,13:43:23,24.77,4953,2,买盘
2875,13:43:26,24.77,64402,26,买盘
2876,13:43:31,24.77,2477,1,卖盘
2877,13:43:34,24.77,255132,103,卖盘
2878,13:43:37,24.77,54494,22,买盘
2879,13:43:44,24.77,183296,74,买盘
2880,13:43:47,24.77,49527,20,买盘
2881,13:43:49,24.77,2477,1,买盘
2882,13:43:52,24.76,29722,12,卖盘
2883,13:43:58,24.77,34673,14,买盘
2884,13:44:01,24.76,49520,20,卖盘
2885,13:44:04,24.76,146120,59,卖盘
2886,13:44:08,24.76,2476,1,卖盘
2887,13:44:10,24.77,61925,25,买盘
2888,13:44:14,24.77,29724,12,卖盘
2889,13:44:17,24.77,2477,1,买盘
2890,13:44:19,24.77,2477,1,买盘
2891,13:44:22,24.76,2476,1,卖盘
2892,13:44:28,24.77,17339,7,买盘
2893,13:44:34,24.76,69370,28,卖盘
2894,13:44:55,24.77,106511,43,卖盘
2895,13:44:59,24.77,2477,1,买盘
2896,13:45:05,24.77,4954,2,卖盘
2897,13:45:08,24.79,4958,2,买盘
2898,13:45:10,24.79,7437,3,买盘
2899,13:45:13,24.77,12385,5,卖盘
2900,13:45:25,24.77,185795,75,卖盘
2901,13:45:28,24.79,49578,20,买盘
2902,13:45:31,24.79,9916,4,买盘
2903,13:45:35,24.79,14874,6,卖盘
2904,13:45:40,24.79,76843,31,卖盘
2905,13:45:43,24.79,7437,3,买盘
2906,13:45:47,24.78,29751,12,卖盘
2907,13:45:49,24.78,81774,33,卖盘
2908,13:45:52,24.77,7433,3,卖盘
2909,13:45:55,24.78,42126,17,买盘
2910,13:45:58,24.78,2478,1,买盘
2911,13:46:01,24.78,19824,8,卖盘
2912,13:46:04,24.78,32213,13,买盘
2913,13:46:10,24.78,47082,19,卖盘
2914,13:46:14,24.77,1434204,579,卖盘
2915,13:46:16,24.76,2476,1,卖盘
2916,13:46:20,24.77,138756,56,买盘
2917,13:46:23,24.78,66905,27,买盘
2918,13:46:25,24.78,9912,4,卖盘
2919,13:46:28,24.78,2478,1,卖盘
2920,13:46:38,24.79,7437,3,买盘
2921,13:46:40,24.79,76847,31,买盘
2922,13:46:44,24.8,74377,30,买盘
2923,13:46:46,24.79,7439,3,中性盘
2924,13:46:49,24.8,203347,82,买盘
2925,13:46:52,24.79,84286,34,中性盘
2926,13:46:59,24.79,17353,7,卖盘
2927,13:47:01,24.78,237982,96,卖盘
2928,13:47:04,24.79,29748,12,买盘
2929,13:47:10,24.78,245339,99,卖盘
2930,13:47:14,24.77,44600,18,卖盘
2931,13:47:17,24.77,408688,165,卖盘
2932,13:47:20,24.74,1564441,632,卖盘
2933,13:47:22,24.74,59380,24,中性盘
2934,13:47:26,24.74,69252,28,买盘
2935,13:47:29,24.74,24740,10,买盘
2936,13:47:32,24.73,202786,82,卖盘
2937,13:47:34,24.72,536479,217,卖盘
2938,13:47:38,24.72,42039,17,卖盘
2939,13:47:44,24.72,17310,7,卖盘
2940,13:47:47,24.72,51912,21,卖盘
2941,13:47:49,24.72,4944,2,卖盘
2942,13:47:52,24.72,9888,4,卖盘
2943,13:47:56,24.72,343608,139,卖盘
2944,13:47:59,24.72,4943,2,买盘
2945,13:48:01,24.72,190333,77,买盘
2946,13:48:04,24.72,39545,16,买盘
2947,13:48:07,24.71,81543,33,卖盘
2948,13:48:11,24.72,262027,106,买盘
2949,13:48:14,24.71,24716,10,卖盘
2950,13:48:16,24.71,9886,4,卖盘
2951,13:48:20,24.71,37068,15,卖盘
2952,13:48:22,24.71,32128,13,卖盘
2953,13:48:26,24.72,79074,32,买盘
2954,13:48:28,24.72,12357,5,买盘
2955,13:48:31,24.71,143320,58,卖盘
2956,13:48:34,24.72,64256,26,买盘
2957,13:48:38,24.72,4944,2,买盘
2958,13:48:41,24.71,249571,101,卖盘
2959,13:48:44,24.71,56833,23,买盘
2960,13:48:49,24.71,27181,11,买盘
2961,13:48:52,24.7,69168,28,卖盘
2962,13:48:56,24.71,224861,91,买盘
2963,13:48:58,24.71,4942,2,买盘
2964,13:49:02,24.7,12352,5,卖盘
2965,13:49:04,24.7,86480,35,卖盘
2966,13:49:08,24.71,2471,1,买盘
2967,13:49:11,24.71,402757,163,买盘
2968,13:49:14,24.71,12355,5,卖盘
2969,13:49:17,24.72,29664,12,买盘
2970,13:49:20,24.72,96408,39,买盘
2971,13:49:22,24.72,17304,7,卖盘
2972,13:49:26,24.72,2472,1,卖盘
2973,13:49:28,24.74,17316,7,买盘
2974,13:49:31,24.73,311509,126,中性盘
2975,13:49:35,24.74,348789,141,买盘
2976,13:49:37,24.72,321384,130,卖盘
2977,13:49:41,24.72,34608,14,买盘
2978,13:49:43,24.75,145996,59,买盘
2979,13:49:49,24.74,2474,1,买盘
2980,13:49:53,24.75,49485,20,买盘
2981,13:49:55,24.74,2474,1,中性盘
2982,13:50:01,24.74,12370,5,买盘
2983,13:50:04,24.74,64323,26,买盘
2984,13:50:07,24.74,7420,3,买盘
2985,13:50:10,24.74,56902,23,卖盘
2986,13:50:13,24.74,61850,25,卖盘
2987,13:50:16,24.74,17318,7,卖盘
2988,13:50:19,24.73,289540,117,卖盘
2989,13:50:22,24.72,51912,21,卖盘
2990,13:50:26,24.72,49440,20,卖盘
2991,13:50:28,24.72,150792,61,卖盘
2992,13:50:32,24.71,42024,17,卖盘
2993,13:50:35,24.71,1801361,729,卖盘
2994,13:50:37,24.71,61764,25,买盘
2995,13:50:40,24.7,59280,24,卖盘
2996,13:50:44,24.7,39520,16,卖盘
2997,13:50:49,24.71,19768,8,买盘
2998,13:50:52,24.7,296402,120,卖盘
2999,13:50:55,24.7,17290,7,卖盘
3000,13:50:59,24.71,29652,12,买盘
3001,13:51:01,24.71,69168,28,卖盘
3002,13:51:04,24.71,2471,1,卖盘
3003,13:51:07,24.71,2471,1,卖盘
3004,13:51:11,24.71,46950,19,卖盘
3005,13:51:14,24.71,64246,26,卖盘
3006,13:51:17,24.71,46952,19,卖盘
3007,13:51:25,24.71,24710,10,卖盘
3008,13:51:29,24.71,51891,21,卖盘
3009,13:51:32,24.71,39536,16,卖盘
3010,13:51:34,24.71,111195,45,卖盘
3011,13:51:37,24.71,46949,19,卖盘
3012,13:51:41,24.71,46949,19,卖盘
3013,13:51:43,24.71,2471,1,买盘
3014,13:51:46,24.71,59304,24,买盘
3015,13:51:49,24.71,64246,26,卖盘
3016,13:51:52,24.71,2471,1,买盘
3017,13:51:55,24.71,219919,89,买盘
3018,13:52:02,24.7,217400,88,卖盘
3019,13:52:04,24.7,39524,16,卖盘
3020,13:52:07,24.7,39520,16,卖盘
3021,13:52:11,24.77,1301173,526,买盘
3022,13:52:17,24.71,46951,19,卖盘
3023,13:52:19,24.75,32175,13,买盘
3024,13:52:22,24.74,98960,40,买盘
3025,13:52:26,24.75,44550,18,买盘
3026,13:52:29,24.75,202993,82,卖盘
3027,13:52:32,24.75,22275,9,卖盘
3028,13:52:34,24.75,71776,29,卖盘
3029,13:52:38,24.73,32137,13,买盘
3030,13:52:40,24.73,19784,8,买盘
3031,13:52:44,24.72,2472,1,卖盘
3032,13:52:46,24.73,4946,2,买盘
3033,13:52:50,24.72,2472,1,卖盘
3034,13:52:53,24.73,42036,17,买盘
3035,13:52:56,24.72,155748,63,卖盘
3036,13:52:58,24.72,37081,15,卖盘
3037,13:53:01,24.73,106348,43,买盘
3038,13:53:08,24.73,133564,54,卖盘
3039,13:53:10,24.73,9892,4,卖盘
3040,13:53:13,24.73,29676,12,卖盘
3041,13:53:16,24.74,155864,63,买盘
3042,13:53:22,24.75,131168,53,买盘
3043,13:53:29,24.75,29698,12,买盘
3044,13:53:32,24.75,9900,4,买盘
3045,13:53:34,24.74,4948,2,卖盘
3046,13:53:37,24.74,9898,4,卖盘
3047,13:53:43,24.75,4950,2,买盘
3048,13:53:47,24.75,2475,1,买盘
3049,13:53:50,24.75,12375,5,买盘
3050,13:53:52,24.75,2475,1,买盘
3051,13:53:56,24.75,22275,9,买盘
3052,13:53:58,24.75,37125,15,买盘
3053,13:54:02,24.75,12373,5,买盘
3054,13:54:04,24.75,121272,49,买盘
3055,13:54:07,24.76,217802,88,买盘
3056,13:54:11,24.77,49530,20,买盘
3057,13:54:16,24.76,24764,10,卖盘
3058,13:54:22,24.76,101603,41,卖盘
3059,13:54:25,24.76,69330,28,卖盘
3060,13:54:28,24.76,9904,4,卖盘
3061,13:54:31,24.76,2476,1,中性盘
3062,13:54:37,24.75,24750,10,卖盘
3063,13:54:40,24.75,138622,56,卖盘
3064,13:54:44,24.75,19800,8,买盘
3065,13:54:46,24.75,19796,8,买盘
3066,13:54:50,24.75,47024,19,买盘
3067,13:54:52,24.76,89113,36,买盘
3068,13:54:55,24.76,2476,1,卖盘
3069,13:54:59,24.75,9903,4,卖盘
3070,13:55:01,24.76,24760,10,买盘
3071,13:55:04,24.77,91625,37,买盘
3072,13:55:11,24.76,32181,13,卖盘
3073,13:55:14,24.77,22293,9,买盘
3074,13:55:16,24.76,2476,1,卖盘
3075,13:55:22,24.76,2476,1,卖盘
3076,13:55:28,24.77,56953,23,买盘
3077,13:55:31,24.76,9904,4,卖盘
3078,13:55:37,24.76,2476,1,卖盘
3079,13:55:40,24.76,138656,56,卖盘
3080,13:55:44,24.76,4952,2,买盘
3081,13:55:47,24.76,96561,39,买盘
3082,13:55:52,24.76,66852,27,买盘
3083,13:55:58,24.76,32187,13,买盘
3084,13:56:02,24.77,160948,65,买盘
3085,13:56:08,24.77,163482,66,买盘
3086,13:56:10,24.75,858966,347,卖盘
3087,13:56:13,24.75,42075,17,买盘
3088,13:56:16,24.74,76709,31,卖盘
3089,13:56:20,24.78,89140,36,买盘
3090,13:56:22,24.8,34664,14,买盘
3091,13:56:28,24.79,2479,1,中性盘
3092,13:56:31,24.79,2479,1,买盘
3093,13:56:34,24.79,2479,1,买盘
3094,13:56:37,24.77,14872,6,中性盘
3095,13:56:43,24.76,42093,17,卖盘
3096,13:56:46,24.76,24758,10,买盘
3097,13:56:49,24.76,39611,16,买盘
3098,13:56:53,24.75,89128,36,卖盘
3099,13:56:55,24.75,69312,28,卖盘
3100,13:56:58,24.76,49520,20,买盘
3101,13:57:01,24.76,22284,9,卖盘
3102,13:57:05,24.76,12380,5,卖盘
3103,13:57:08,24.76,19808,8,卖盘
3104,13:57:11,24.76,9904,4,买盘
3105,13:57:13,24.76,66851,27,买盘
3106,13:57:17,24.75,51987,21,卖盘
3107,13:57:19,24.75,146102,59,卖盘
3108,13:57:23,24.75,7425,3,卖盘
3109,13:57:25,24.75,2475,1,卖盘
3110,13:57:28,24.75,2475,1,卖盘
3111,13:57:31,24.75,22275,9,卖盘
3112,13:57:34,24.75,24750,10,卖盘
3113,13:57:37,24.76,84169,34,买盘
3114,13:57:40,24.76,19807,8,买盘
3115,13:57:44,24.74,12372,5,卖盘
3116,13:57:49,24.73,232529,94,卖盘
3117,13:57:53,24.73,2473,1,买盘
3118,13:57:55,24.73,140943,57,买盘
3119,13:57:58,24.72,163152,66,卖盘
3120,13:58:01,24.72,4944,2,买盘
3121,13:58:04,24.71,751221,304,卖盘
3122,13:58:07,24.71,123576,50,卖盘
3123,13:58:11,24.72,76632,31,买盘
3124,13:58:14,24.72,123612,50,卖盘
3125,13:58:16,24.71,44510,18,卖盘
3126,13:58:20,24.72,51911,21,中性盘
3127,13:58:22,24.71,96389,39,卖盘
3128,13:58:25,24.72,29664,12,中性盘
3129,13:58:28,24.72,2472,1,卖盘
3130,13:58:32,24.71,516474,209,卖盘
3131,13:58:34,24.72,121128,49,买盘
3132,13:58:37,24.73,195295,79,买盘
3133,13:58:40,24.73,79136,32,卖盘
3134,13:58:43,24.72,180456,73,卖盘
3135,13:58:46,24.72,86545,35,卖盘
3136,13:58:50,24.73,79125,32,买盘
3137,13:58:55,24.73,2473,1,卖盘
3138,13:58:58,24.73,314098,127,卖盘
3139,13:59:01,24.71,308937,125,卖盘
3140,13:59:05,24.71,34590,14,买盘
3141,13:59:07,24.71,291575,118,买盘
3142,13:59:10,24.72,108726,44,买盘
3143,13:59:13,24.71,24710,10,卖盘
3144,13:59:16,24.71,61787,25,卖盘
3145,13:59:19,24.71,59304,24,卖盘
3146,13:59:22,24.71,51891,21,卖盘
3147,13:59:25,24.71,2471,1,卖盘
3148,13:59:29,24.72,39547,16,买盘
3149,13:59:31,24.71,76601,31,卖盘
3150,13:59:34,24.71,29652,12,卖盘
3151,13:59:37,24.71,32121,13,卖盘
