,成交时间,成交价格,成交金额,成交量,性质
0,09:25:01,24.52,4026184,1642,买盘
1,09:30:01,24.8,412080,167,买盘
2,09:30:04,24.54,2967966,1207,卖盘
3,09:30:07,24.53,2235494,904,卖盘
4,09:30:10,24.58,1021195,414,中性盘
5,09:30:13,24.54,579703,236,卖盘
6,09:30:16,24.6,184682,75,中性盘
7,09:30:19,24.52,3505351,1428,卖盘
8,09:30:22,24.59,391164,159,中性盘
9,09:30:25,24.53,892037,363,卖盘
10,09:30:28,24.6,388357,158,买盘
11,09:30:31,24.58,523114,213,中性盘
12,09:30:34,24.57,545314,222,卖盘
13,09:30:37,24.54,641255,261,中性盘
14,09:30:40,24.53,530123,216,卖盘
15,09:30:43,24.53,1030840,420,卖盘
16,09:30:46,24.57,905390,369,买盘
17,09:30:49,24.53,385028,157,卖盘
18,09:30:52,24.52,1562168,637,卖盘
19,09:30:55,24.52,1297384,529,卖盘
20,09:30:58,24.51,1848386,754,卖盘
21,09:31:01,24.51,1284536,524,卖盘
22,09:31:04,24.5,850376,347,卖盘
23,09:31:07,24.49,1011731,413,卖盘
24,09:31:10,24.49,1103411,451,买盘
25,09:31:13,24.44,144272,59,中性盘
26,09:31:16,24.42,476430,195,卖盘
27,09:31:19,24.41,312446,128,卖盘
28,09:31:22,24.4,363656,149,卖盘
29,09:31:25,24.39,866168,355,卖盘
30,09:31:28,24.39,173193,71,买盘
31,09:31:31,24.34,694465,285,卖盘
32,09:31:34,24.34,977035,401,买盘
33,09:31:37,24.35,1548755,635,中性盘
34,09:31:40,24.35,526251,216,卖盘
35,09:31:43,24.44,1294901,531,买盘
36,09:31:46,24.44,332115,136,买盘
37,09:31:49,24.48,780567,319,买盘
38,09:31:52,24.49,1661532,679,买盘
39,09:31:55,24.5,372289,152,买盘
40,09:31:58,24.49,342924,140,买盘
41,09:32:01,24.5,431048,176,买盘
42,09:32:04,24.5,972348,397,卖盘
43,09:32:07,24.44,443017,181,卖盘
44,09:32:10,24.46,369387,151,中性盘
45,09:32:13,24.44,462250,189,卖盘
46,09:32:16,24.46,633202,259,买盘
47,09:32:19,24.48,560144,229,买盘
48,09:32:22,24.44,926105,379,卖盘
49,09:32:25,24.45,608795,249,买盘
50,09:32:28,24.45,608569,249,卖盘
51,09:32:31,24.43,222270,91,中性盘
52,09:32:34,24.41,246674,101,卖盘
53,09:32:37,24.41,425203,174,卖盘
54,09:32:40,24.41,454348,186,卖盘
55,09:32:43,24.43,481396,197,中性盘
56,09:32:46,24.43,381257,156,卖盘
57,09:32:49,24.43,205365,84,卖盘
58,09:32:52,24.43,276070,113,卖盘
59,09:32:55,24.43,461745,189,卖盘
60,09:32:58,24.43,307845,126,卖盘
61,09:33:01,24.48,129536,53,买盘
62,09:33:04,24.46,1224511,501,中性盘
63,09:33:07,24.45,215232,88,卖盘
64,09:33:10,24.45,349844,143,卖盘
65,09:33:13,24.44,662456,271,卖盘
66,09:33:16,24.46,195633,80,买盘
67,09:33:19,24.44,153998,63,卖盘
68,09:33:22,24.44,1977509,810,卖盘
69,09:33:25,24.41,229574,94,卖盘
70,09:33:28,24.41,470978,193,卖盘
71,09:33:31,24.4,197659,81,买盘
72,09:33:34,24.38,597284,245,卖盘
73,09:33:37,24.37,253492,104,卖盘
74,09:33:40,24.35,935726,384,卖盘
75,09:33:43,24.37,2114499,868,买盘
76,09:33:46,24.4,553250,227,买盘
77,09:33:49,24.4,621355,255,买盘
78,09:33:52,24.38,304889,125,中性盘
79,09:33:55,24.37,416775,171,卖盘
80,09:33:58,24.38,992067,407,中性盘
81,09:34:01,24.37,1104759,453,卖盘
82,09:34:04,24.43,1108206,454,买盘
83,09:34:07,24.39,522846,214,卖盘
84,09:34:10,24.43,742616,304,买盘
85,09:34:13,24.41,222170,91,中性盘
86,09:34:16,24.4,195212,80,卖盘
87,09:34:19,24.4,114703,47,卖盘
88,09:34:22,24.4,102466,42,买盘
89,09:34:25,24.44,2778281,1138,买盘
90,09:34:28,24.42,752876,308,卖盘
91,09:34:31,24.43,212641,87,卖盘
92,09:34:34,24.43,249155,102,卖盘
93,09:34:37,24.43,87944,36,买盘
94,09:34:40,24.44,525279,215,买盘
95,09:34:43,24.44,190597,78,买盘
96,09:34:46,24.41,437345,179,卖盘
97,09:34:49,24.44,324977,133,买盘
98,09:34:52,24.44,56216,23,卖盘
99,09:34:55,24.45,56222,23,中性盘
100,09:34:58,24.46,110063,45,买盘
101,09:35:01,24.46,2446,1,卖盘
102,09:35:04,24.46,151634,62,卖盘
103,09:35:07,24.45,136971,56,卖盘
104,09:35:10,24.43,388603,159,卖盘
105,09:35:13,24.43,688637,282,卖盘
106,09:35:16,24.37,5225403,2142,卖盘
107,09:35:19,24.4,587851,241,买盘
108,09:35:22,24.4,273282,112,卖盘
109,09:35:25,24.4,680781,279,卖盘
110,09:35:28,24.4,124459,51,卖盘
111,09:35:31,24.4,231797,95,卖盘
112,09:35:34,24.43,923006,378,买盘
113,09:35:37,24.43,1861301,761,卖盘
114,09:35:40,24.43,256792,105,卖盘
115,09:35:43,24.43,58632,24,卖盘
116,09:35:46,24.41,43954,18,卖盘
117,09:35:49,24.41,34176,14,卖盘
118,09:35:52,24.4,139134,57,卖盘
119,09:35:55,24.4,280589,115,卖盘
120,09:35:58,24.38,224400,92,卖盘
121,09:36:01,24.38,273128,112,卖盘
122,09:36:04,24.38,236514,97,卖盘
123,09:36:07,24.38,392449,161,卖盘
124,09:36:10,24.37,146220,60,卖盘
125,09:36:13,24.39,1213847,498,买盘
126,09:36:16,24.39,1134374,465,中性盘
127,09:36:19,24.38,465931,191,卖盘
128,09:36:22,24.4,82941,34,买盘
129,09:36:25,24.38,117041,48,卖盘
130,09:36:28,24.37,243765,100,卖盘
131,09:36:31,24.37,202305,83,卖盘
132,09:36:34,24.37,209603,86,卖盘
133,09:36:37,24.37,75528,31,买盘
134,09:36:40,24.36,155935,64,卖盘
135,09:36:43,24.37,1098673,451,买盘
136,09:36:46,24.35,438571,180,卖盘
137,09:36:49,24.35,265439,109,卖盘
138,09:36:52,24.36,1302903,535,买盘
139,09:36:55,24.36,487119,200,卖盘
140,09:36:58,24.35,365288,150,卖盘
141,09:37:01,24.43,2170773,890,买盘
142,09:37:04,24.43,532854,218,卖盘
143,09:37:07,24.4,515329,211,卖盘
144,09:37:10,24.44,300435,123,买盘
145,09:37:13,24.39,143875,59,买盘
146,09:37:16,24.37,131620,54,卖盘
147,09:37:19,24.36,70698,29,卖盘
148,09:37:22,24.39,38996,16,买盘
149,09:37:25,24.39,65836,27,买盘
150,09:37:28,24.38,117042,48,卖盘
151,09:37:31,24.43,1327144,544,买盘
152,09:37:34,24.37,576408,236,卖盘
153,09:37:37,24.41,121961,50,买盘
154,09:37:40,24.41,41470,17,买盘
155,09:37:43,24.42,143982,59,买盘
156,09:37:46,24.39,280659,115,卖盘
157,09:37:49,24.38,207386,85,卖盘
158,09:37:52,24.38,90255,37,卖盘
159,09:37:55,24.39,153585,63,买盘
160,09:37:58,24.38,163361,67,卖盘
161,09:38:01,24.39,141428,58,买盘
162,09:38:04,24.4,104904,43,买盘
163,09:38:07,24.4,100006,41,买盘
164,09:38:10,24.39,163424,67,卖盘
165,09:38:13,24.39,187824,77,卖盘
166,09:38:16,24.4,304893,125,买盘
167,09:38:19,24.4,200137,82,卖盘
168,09:38:22,24.4,546504,224,卖盘
169,09:38:25,24.42,195318,80,买盘
170,09:38:28,24.4,439109,180,卖盘
171,09:38:31,24.41,61024,25,买盘
172,09:38:34,24.4,56136,23,卖盘
173,09:38:37,24.41,124491,51,买盘
174,09:38:40,24.41,515051,211,卖盘
175,09:38:43,24.41,185537,76,卖盘
176,09:38:46,24.41,190398,78,买盘
177,09:38:49,24.39,546420,224,卖盘
178,09:38:52,24.4,336658,138,买盘
179,09:38:55,24.39,175605,72,卖盘
180,09:38:58,24.39,78065,32,买盘
181,09:39:01,24.38,12191,5,卖盘
182,09:39:04,24.4,346385,142,买盘
183,09:39:07,24.38,199902,82,卖盘
184,09:39:10,24.38,197439,81,买盘
185,09:39:13,24.38,158430,65,买盘
186,09:39:16,24.38,156000,64,买盘
187,09:39:19,24.38,292555,120,买盘
188,09:39:22,24.38,780153,320,买盘
189,09:39:25,24.38,1014300,416,卖盘
190,09:39:28,24.38,350985,144,买盘
191,09:39:31,24.39,163311,67,买盘
192,09:39:34,24.37,151135,62,卖盘
193,09:39:37,24.37,114562,47,卖盘
194,09:39:40,24.37,141346,58,买盘
195,09:39:43,24.38,221766,91,买盘
196,09:39:46,24.39,848696,348,买盘
197,09:39:49,24.42,1698690,696,买盘
198,09:39:52,24.41,920884,377,卖盘
199,09:39:55,24.45,75722,31,买盘
200,09:39:58,24.45,80592,33,买盘
201,09:40:01,24.45,166196,68,卖盘
202,09:40:04,24.46,44020,18,买盘
203,09:40:07,24.47,122356,50,买盘
204,09:40:10,24.5,2586858,1056,买盘
205,09:40:13,24.57,611044,249,买盘
206,09:40:16,24.65,644731,262,买盘
207,09:40:19,24.69,320833,130,买盘
208,09:40:22,24.66,160401,65,卖盘
209,09:40:25,24.66,347773,141,买盘
210,09:40:28,24.68,419250,170,买盘
211,09:40:31,24.71,135876,55,买盘
212,09:40:34,24.66,1073321,435,卖盘
213,09:40:37,24.65,172348,70,中性盘
214,09:40:40,24.64,110889,45,中性盘
215,09:40:43,24.63,150139,61,中性盘
216,09:40:46,24.57,587394,239,卖盘
217,09:40:49,24.6,36892,15,中性盘
218,09:40:52,24.57,159757,65,卖盘
219,09:40:55,24.58,164817,67,中性盘
220,09:40:58,24.6,172055,70,买盘
221,09:41:01,24.6,347046,141,买盘
222,09:41:04,24.64,91142,37,买盘
223,09:41:07,24.61,135486,55,卖盘
224,09:41:10,24.64,234053,95,卖盘
225,09:41:13,24.62,91165,37,中性盘
226,09:41:16,24.62,96034,39,卖盘
227,09:41:19,24.63,165014,67,买盘
228,09:41:22,24.64,303047,123,买盘
229,09:41:25,24.64,91186,37,买盘
230,09:41:28,24.63,150283,61,卖盘
231,09:41:31,24.65,423895,172,买盘
232,09:41:34,24.61,1580336,642,卖盘
233,09:41:37,24.58,238701,97,卖盘
234,09:41:40,24.63,98448,40,买盘
235,09:41:43,24.59,179619,73,卖盘
236,09:41:46,24.61,88583,36,买盘
237,09:41:49,24.59,147610,60,卖盘
238,09:41:52,24.59,44262,18,买盘
239,09:41:55,24.59,231093,94,买盘
240,09:41:58,24.58,44251,18,中性盘
241,09:42:01,24.59,277866,113,买盘
242,09:42:04,24.57,211328,86,卖盘
243,09:42:07,24.57,46686,19,买盘
244,09:42:10,24.56,71237,29,卖盘
245,09:42:13,24.55,105601,43,卖盘
246,09:42:16,24.55,213367,87,卖盘
247,09:42:19,24.53,41731,17,中性盘
248,09:42:22,24.52,44136,18,卖盘
249,09:42:25,24.51,325985,133,卖盘
250,09:42:28,24.5,2450,1,卖盘
251,09:42:31,24.5,95551,39,卖盘
252,09:42:34,24.48,115099,47,卖盘
253,09:42:37,24.49,53877,22,买盘
254,09:42:40,24.48,137116,56,卖盘
255,09:42:43,24.48,51412,21,卖盘
256,09:42:46,24.45,1027547,420,卖盘
257,09:42:49,24.47,17127,7,买盘
258,09:42:52,24.46,119849,49,卖盘
259,09:42:55,24.46,445275,182,买盘
260,09:42:58,24.47,472379,193,买盘
261,09:43:01,24.47,323334,132,卖盘
262,09:43:04,24.47,4894,2,中性盘
263,09:43:07,24.47,61183,25,卖盘
264,09:43:10,24.47,352280,144,卖盘
265,09:43:13,24.47,49000,20,卖盘
266,09:43:16,24.47,161523,66,卖盘
267,09:43:19,24.5,56300,23,中性盘
268,09:43:22,24.51,4901,2,买盘
269,09:43:25,24.51,19606,8,中性盘
270,09:43:28,24.51,156864,64,卖盘
271,09:43:31,24.52,83335,34,买盘
272,09:43:34,24.5,100446,41,卖盘
273,09:43:37,24.51,71071,29,买盘
274,09:43:40,24.52,41682,17,买盘
275,09:43:43,24.52,132406,54,买盘
276,09:43:46,24.51,61294,25,卖盘
277,09:43:49,24.51,446217,182,卖盘
278,09:43:52,24.51,98053,40,卖盘
279,09:43:55,24.53,853293,348,买盘
280,09:43:58,24.52,105496,43,卖盘
281,09:44:01,24.52,107894,44,卖盘
282,09:44:04,24.55,520296,212,买盘
283,09:44:07,24.55,164334,67,买盘
284,09:44:10,24.57,662628,270,买盘
285,09:44:13,24.51,794101,323,卖盘
286,09:44:16,24.57,36841,15,中性盘
287,09:44:19,24.51,324143,132,卖盘
288,09:44:22,24.57,304666,124,买盘
289,09:44:25,24.57,125392,51,卖盘
290,09:44:28,24.57,54036,22,中性盘
291,09:44:31,24.57,29504,12,买盘
292,09:44:34,24.57,117996,48,卖盘
293,09:44:37,24.57,152312,62,卖盘
294,09:44:40,24.57,284869,116,买盘
295,09:44:43,24.57,31932,13,卖盘
296,09:44:46,24.57,211200,86,买盘
297,09:44:49,24.56,44191,18,买盘
298,09:44:52,24.49,580738,237,卖盘
299,09:44:55,24.51,71068,29,买盘
300,09:44:58,24.51,117566,48,买盘
301,09:45:01,24.5,71054,29,买盘
302,09:45:04,24.53,2901601,1180,买盘
303,09:45:07,24.51,80888,33,卖盘
304,09:45:10,24.59,345515,141,买盘
305,09:45:13,24.58,58923,24,中性盘
306,09:45:16,24.56,110442,45,中性盘
307,09:45:19,24.57,27019,11,中性盘
308,09:45:22,24.58,54059,22,买盘
309,09:45:25,24.58,120442,49,卖盘
310,09:45:28,24.58,76176,31,买盘
311,09:45:31,24.58,49149,20,买盘
312,09:45:34,24.59,100792,41,买盘
313,09:45:37,24.61,157367,64,中性盘
314,09:45:40,24.61,371314,151,卖盘
315,09:45:43,24.61,86055,35,买盘
316,09:45:46,24.61,100798,41,买盘
317,09:45:49,24.58,39344,16,中性盘
318,09:45:52,24.56,41777,17,中性盘
319,09:45:55,24.56,49120,20,买盘
320,09:45:58,24.55,34371,14,卖盘
321,09:46:01,24.54,218448,89,卖盘
322,09:46:04,24.54,179103,73,中性盘
323,09:46:07,24.53,66230,27,买盘
324,09:46:10,24.53,213432,87,买盘
325,09:46:13,24.53,17171,7,买盘
326,09:46:16,24.53,80940,33,买盘
327,09:46:19,24.53,63773,26,买盘
328,09:46:22,24.53,71117,29,买盘
329,09:46:25,24.53,22077,9,买盘
330,09:46:28,24.52,176496,72,卖盘
331,09:46:31,24.52,218054,89,买盘
332,09:46:34,24.48,762615,311,卖盘
333,09:46:37,24.53,73550,30,买盘
334,09:46:40,24.53,389949,159,买盘
335,09:46:43,24.51,228029,93,卖盘
336,09:46:46,24.53,41708,17,卖盘
337,09:46:49,24.51,227972,93,卖盘
338,09:46:52,24.5,117638,48,卖盘
339,09:46:55,24.5,41661,17,卖盘
340,09:46:58,24.5,112675,46,买盘
341,09:47:01,24.48,88162,36,卖盘
342,09:47:04,24.49,90604,37,买盘
343,09:47:07,24.5,560968,229,买盘
344,09:47:10,24.5,311203,127,买盘
345,09:47:13,24.52,58817,24,中性盘
346,09:47:16,24.5,39200,16,卖盘
347,09:47:19,24.52,149492,61,买盘
348,09:47:22,24.48,467753,191,卖盘
349,09:47:25,24.5,110250,45,买盘
350,09:47:28,24.5,102870,42,卖盘
351,09:47:31,24.49,73470,30,中性盘
352,09:47:34,24.48,68565,28,卖盘
353,09:47:37,24.5,17145,7,买盘
354,09:47:40,24.5,122464,50,卖盘
355,09:47:43,24.49,29389,12,中性盘
356,09:47:46,24.48,1025757,419,卖盘
357,09:47:49,24.49,19589,8,买盘
358,09:47:52,24.48,325588,133,卖盘
359,09:47:55,24.48,115064,47,卖盘
360,09:47:58,24.48,171360,70,卖盘
361,09:48:01,24.48,63641,26,买盘
362,09:48:04,24.48,124799,51,买盘
363,09:48:07,24.47,337809,138,卖盘
364,09:48:10,24.49,112632,46,中性盘
365,09:48:13,24.49,533998,218,卖盘
366,09:48:16,24.5,80836,33,买盘
367,09:48:19,24.49,213068,87,卖盘
368,09:48:22,24.5,39194,16,买盘
369,09:48:25,24.48,257140,105,卖盘
370,09:48:28,24.49,48982,20,中性盘
371,09:48:31,24.48,83242,34,卖盘
372,09:48:34,24.48,85680,35,卖盘
373,09:48:37,24.48,44070,18,卖盘
374,09:48:40,24.49,17143,7,买盘
375,09:48:43,24.48,379440,155,卖盘
376,09:48:46,24.48,208080,85,买盘
377,09:48:49,24.48,193369,79,买盘
378,09:48:52,24.48,90576,37,卖盘
379,09:48:55,24.48,141984,58,卖盘
380,09:48:58,24.49,181217,74,买盘
381,09:49:01,24.51,409160,167,买盘
382,09:49:04,24.51,80895,33,卖盘
383,09:49:07,24.52,505162,206,买盘
384,09:49:10,24.52,370291,151,卖盘
385,09:49:13,24.52,2182218,890,卖盘
386,09:49:16,24.5,845437,345,卖盘
387,09:49:19,24.52,279441,114,买盘
388,09:49:22,24.52,254932,104,买盘
389,09:49:25,24.51,377579,154,卖盘
390,09:49:28,24.52,73560,30,买盘
391,09:49:31,24.5,95589,39,卖盘
392,09:49:34,24.5,29406,12,卖盘
393,09:49:37,24.51,259805,106,买盘
394,09:49:43,24.51,73530,30,卖盘
395,09:49:46,24.51,262260,107,卖盘
396,09:49:49,24.51,7353,3,买盘
397,09:49:52,24.5,19600,8,卖盘
398,09:49:55,24.5,269503,110,卖盘
399,09:49:58,24.46,2382037,973,卖盘
400,09:50:01,24.45,735973,301,卖盘
401,09:50:04,24.44,70876,29,卖盘
402,09:50:07,24.42,195446,80,卖盘
403,09:50:10,24.41,80578,33,卖盘
404,09:50:13,24.41,561523,230,卖盘
405,09:50:16,24.4,388052,159,卖盘
406,09:50:19,24.41,1264857,518,中性盘
407,09:50:22,24.43,1929023,790,买盘
408,09:50:25,24.47,203061,83,买盘
409,09:50:28,24.49,24485,10,中性盘
410,09:50:31,24.48,342788,140,卖盘
411,09:50:34,24.5,46514,19,买盘
412,09:50:37,24.5,53885,22,买盘
413,09:50:40,24.47,88092,36,卖盘
414,09:50:43,24.46,166389,68,卖盘
415,09:50:46,24.46,149206,61,卖盘
416,09:50:49,24.46,63593,26,买盘
417,09:50:52,24.47,22023,9,买盘
418,09:50:55,24.46,178590,73,卖盘
419,09:50:58,24.46,139440,57,卖盘
420,09:51:01,24.46,78272,32,卖盘
421,09:51:04,24.46,464766,190,卖盘
422,09:51:07,24.44,310536,127,卖盘
423,09:51:10,24.44,4888,2,卖盘
424,09:51:13,24.46,398624,163,买盘
425,09:51:16,24.49,839036,343,买盘
426,09:51:19,24.49,68576,28,卖盘
427,09:51:22,24.49,68572,28,卖盘
428,09:51:25,24.48,36728,15,卖盘
429,09:51:28,24.48,36734,15,卖盘
430,09:51:31,24.48,9792,4,买盘
431,09:51:34,24.48,78329,32,买盘
432,09:51:37,24.48,22032,9,卖盘
433,09:51:40,24.49,440652,180,买盘
434,09:51:43,24.48,327876,134,卖盘
435,09:51:46,24.48,31824,13,买盘
436,09:51:49,24.46,44034,18,卖盘
437,09:51:52,24.47,66058,27,中性盘
438,09:51:55,24.47,31808,13,买盘
439,09:51:58,24.48,274059,112,买盘
440,09:52:01,24.51,898871,367,买盘
441,09:52:04,24.51,152014,62,买盘
442,09:52:07,24.54,1037233,423,买盘
443,09:52:10,24.56,61382,25,买盘
444,09:52:13,24.57,63866,26,买盘
445,09:52:16,24.58,117944,48,买盘
446,09:52:19,24.57,98242,40,中性盘
447,09:52:22,24.58,211388,86,卖盘
448,09:52:25,24.59,63923,26,买盘
449,09:52:28,24.59,29506,12,买盘
450,09:52:31,24.59,31967,13,卖盘
451,09:52:34,24.59,39352,16,卖盘
452,09:52:37,24.6,130337,53,买盘
453,09:52:40,24.6,172190,70,买盘
454,09:52:43,24.6,22141,9,买盘
455,09:52:46,24.6,46740,19,卖盘
456,09:52:49,24.61,403749,164,买盘
457,09:52:52,24.62,39381,16,中性盘
458,09:52:55,24.61,248506,101,卖盘
459,09:52:58,24.65,1433723,582,买盘
460,09:53:01,24.66,64097,26,买盘
461,09:53:04,24.66,214534,87,买盘
462,09:53:07,24.67,268955,109,买盘
463,09:53:10,24.72,1129328,457,买盘
464,09:53:13,24.71,558800,226,卖盘
465,09:53:16,24.68,222221,90,卖盘
466,09:53:19,24.7,27162,11,买盘
467,09:53:22,24.7,167914,68,买盘
468,09:53:25,24.69,123487,50,中性盘
469,09:53:28,24.69,120946,49,卖盘
470,09:53:31,24.69,195039,79,买盘
471,09:53:34,24.68,269081,109,卖盘
472,09:53:37,24.7,49387,20,买盘
473,09:53:40,24.68,417294,169,卖盘
474,09:53:43,24.68,71581,29,卖盘
475,09:53:46,24.68,207343,84,卖盘
476,09:53:49,24.7,965384,391,买盘
477,09:53:52,24.71,165516,67,买盘
478,09:53:55,24.7,22239,9,卖盘
479,09:53:58,24.7,108754,44,卖盘
480,09:54:01,24.73,46964,19,买盘
481,09:54:04,24.72,229799,93,买盘
482,09:54:07,24.72,88982,36,卖盘
483,09:54:10,24.72,84056,34,中性盘
484,09:54:13,24.72,66736,27,买盘
485,09:54:16,24.74,657606,266,买盘
486,09:54:19,24.75,225288,91,买盘
487,09:54:22,24.77,282338,114,买盘
488,09:54:25,24.78,171020,69,买盘
489,09:54:28,24.8,116531,47,买盘
490,09:54:31,24.8,183511,74,买盘
491,09:54:34,24.8,1255199,506,买盘
492,09:54:37,24.8,300199,121,卖盘
493,09:54:40,24.8,545669,220,卖盘
494,09:54:43,24.8,947502,382,卖盘
495,09:54:46,24.81,339859,137,中性盘
496,09:54:49,24.82,317374,128,买盘
497,09:54:52,24.8,733813,296,中性盘
498,09:54:55,24.79,71891,29,中性盘
499,09:54:58,24.78,133858,54,买盘
500,09:55:01,24.77,324452,131,卖盘
501,09:55:04,24.77,32201,13,买盘
502,09:55:07,24.73,296908,120,卖盘
503,09:55:10,24.75,192899,78,买盘
504,09:55:13,24.72,200309,81,卖盘
505,09:55:16,24.71,304017,123,卖盘
506,09:55:19,24.7,180400,73,卖盘
507,09:55:22,24.69,51867,21,卖盘
508,09:55:25,24.7,185222,75,买盘
509,09:55:28,24.7,251880,102,卖盘
510,09:55:31,24.7,49400,20,卖盘
511,09:55:34,24.71,553468,224,买盘
512,09:55:37,24.72,378162,153,买盘
513,09:55:40,24.72,9888,4,卖盘
514,09:55:43,24.72,155736,63,卖盘
515,09:55:46,24.71,494231,200,卖盘
516,09:55:49,24.72,106231,43,买盘
517,09:55:52,24.69,153081,62,卖盘
518,09:55:55,24.7,106177,43,买盘
519,09:55:58,24.69,19747,8,买盘
520,09:56:01,24.69,160402,65,买盘
521,09:56:04,24.69,71583,29,买盘
522,09:56:07,24.66,41936,17,卖盘
523,09:56:10,24.65,61631,25,卖盘
524,09:56:13,24.65,4929,2,买盘
525,09:56:16,24.63,44343,18,卖盘
526,09:56:19,24.63,123139,50,买盘
527,09:56:22,24.61,7383,3,卖盘
528,09:56:25,24.61,19688,8,卖盘
529,09:56:28,24.63,96047,39,买盘
530,09:56:31,24.63,142851,58,买盘
531,09:56:34,24.62,36943,15,中性盘
532,09:56:37,24.63,76348,31,买盘
533,09:56:40,24.62,147741,60,卖盘
534,09:56:43,24.62,9848,4,卖盘
535,09:56:46,24.63,71411,29,买盘
536,09:56:49,24.65,46807,19,买盘
537,09:56:55,24.63,44347,18,卖盘
538,09:56:58,24.64,29560,12,买盘
539,09:57:01,24.63,32013,13,中性盘
540,09:57:04,24.64,14784,6,买盘
541,09:57:07,24.64,7392,3,买盘
542,09:57:10,24.69,98619,40,买盘
543,09:57:13,24.63,101027,41,卖盘
544,09:57:16,24.66,17262,7,中性盘
545,09:57:19,24.64,93638,38,卖盘
546,09:57:22,24.64,325658,132,买盘
547,09:57:25,24.64,78868,32,卖盘
548,09:57:28,24.64,41894,17,卖盘
549,09:57:31,24.64,221858,90,卖盘
550,09:57:34,24.64,615522,250,买盘
551,09:57:37,24.63,24624,10,中性盘
552,09:57:40,24.6,164892,67,卖盘
553,09:57:43,24.6,29520,12,卖盘
554,09:57:46,24.6,95964,39,卖盘
555,09:57:49,24.59,120502,49,卖盘
556,09:57:52,24.59,54098,22,买盘
557,09:57:55,24.57,277774,113,卖盘
558,09:57:58,24.58,749669,305,买盘
559,09:58:01,24.63,541008,220,买盘
560,09:58:04,24.64,49268,20,买盘
561,09:58:07,24.64,32031,13,买盘
562,09:58:10,24.62,219279,89,卖盘
563,09:58:13,24.63,56635,23,中性盘
564,09:58:16,24.64,36955,15,买盘
565,09:58:19,24.64,46802,19,买盘
566,09:58:22,24.65,9857,4,买盘
567,09:58:25,24.65,22181,9,买盘
568,09:58:28,24.64,34497,14,卖盘
569,09:58:31,24.65,19724,8,卖盘
570,09:58:34,24.66,106098,43,买盘
571,09:58:37,24.66,160278,65,买盘
572,09:58:40,24.66,44388,18,买盘
573,09:58:43,24.67,34535,14,买盘
574,09:58:49,24.67,83893,34,卖盘
575,09:58:52,24.66,64127,26,卖盘
576,09:58:55,24.67,401976,163,买盘
577,09:58:58,24.64,290858,118,卖盘
578,09:59:01,24.64,746150,303,中性盘
579,09:59:04,24.6,258334,105,卖盘
580,09:59:07,24.6,24601,10,卖盘
581,09:59:10,24.62,944498,383,买盘
582,09:59:13,24.63,17238,7,买盘
583,09:59:16,24.59,7380,3,卖盘
584,09:59:19,24.6,592648,241,卖盘
585,09:59:22,24.6,39360,16,买盘
586,09:59:25,24.59,88554,36,卖盘
587,09:59:28,24.59,22132,9,卖盘
588,09:59:31,24.6,4919,2,买盘
589,09:59:34,24.59,103281,42,卖盘
590,09:59:37,24.59,435288,177,卖盘
591,09:59:40,24.59,27046,11,买盘
592,09:59:43,24.59,81118,33,买盘
593,09:59:46,24.58,277891,113,卖盘
594,09:59:49,24.57,7371,3,卖盘
595,09:59:52,24.56,4912,2,卖盘
596,09:59:55,24.57,58968,24,买盘
597,09:59:58,24.56,66314,27,卖盘
598,10:00:01,24.55,159656,65,卖盘
599,10:00:04,24.55,36825,15,卖盘
600,10:00:07,24.52,183983,75,卖盘
601,10:00:10,24.53,22091,9,中性盘
602,10:00:13,24.54,2454,1,卖盘
603,10:00:16,24.54,26996,11,卖盘
604,10:00:19,24.54,53989,22,卖盘
605,10:00:22,24.55,14726,6,买盘
606,10:00:25,24.55,603902,246,买盘
607,10:00:28,24.54,162018,66,卖盘
608,10:00:31,24.53,29447,12,卖盘
609,10:00:34,24.55,9820,4,卖盘
610,10:00:37,24.56,44200,18,买盘
611,10:00:40,24.54,2454,1,卖盘
612,10:00:43,24.54,31911,13,卖盘
613,10:00:46,24.54,46626,19,买盘
614,10:00:49,24.54,34345,14,买盘
615,10:00:52,24.54,26992,11,买盘
616,10:00:55,24.54,66232,27,买盘
617,10:00:58,24.54,39257,16,买盘
618,10:01:01,24.54,68710,28,买盘
619,10:01:04,24.54,31892,13,卖盘
620,10:01:07,24.54,29448,12,买盘
621,10:01:10,24.55,201185,82,买盘
622,10:01:13,24.54,39264,16,卖盘
623,10:01:16,24.54,98160,40,买盘
624,10:01:19,24.54,53988,22,买盘
625,10:01:22,24.53,29438,12,卖盘
626,10:01:25,24.53,14723,6,卖盘
627,10:01:28,24.53,24530,10,卖盘
628,10:01:31,24.53,19624,8,卖盘
629,10:01:34,24.53,201086,82,卖盘
630,10:01:37,24.53,41701,17,卖盘
631,10:01:40,24.53,164336,67,买盘
632,10:01:43,24.52,105441,43,卖盘
633,10:01:46,24.52,78435,32,买盘
634,10:01:49,24.51,22066,9,卖盘
635,10:01:52,24.51,58844,24,卖盘
636,10:01:55,24.51,198531,81,卖盘
637,10:01:58,24.51,29412,12,卖盘
638,10:02:01,24.51,68628,28,卖盘
639,10:02:04,24.52,90688,37,买盘
640,10:02:07,24.51,151986,62,卖盘
641,10:02:10,24.52,22067,9,买盘
642,10:02:13,24.52,134841,55,买盘
643,10:02:16,24.52,17164,7,买盘
644,10:02:19,24.53,220681,90,买盘
645,10:02:22,24.53,125061,51,买盘
646,10:02:25,24.52,51497,21,卖盘
647,10:02:28,24.53,14718,6,卖盘
648,10:02:31,24.53,41714,17,卖盘
649,10:02:34,24.54,100614,41,买盘
650,10:02:37,24.53,41717,17,卖盘
651,10:02:40,24.54,110430,45,买盘
652,10:02:46,24.54,103068,42,卖盘
653,10:02:49,24.54,404778,165,中性盘
654,10:02:52,24.53,201192,82,卖盘
655,10:02:58,24.52,132413,54,卖盘
656,10:03:01,24.53,66205,27,买盘
657,10:03:04,24.52,31868,13,中性盘
658,10:03:07,24.5,500026,204,卖盘
659,10:03:10,24.51,100459,41,买盘
660,10:03:13,24.5,53914,22,卖盘
661,10:03:16,24.5,144559,59,卖盘
662,10:03:19,24.5,161703,66,卖盘
663,10:03:22,24.51,220529,90,买盘
664,10:03:25,24.5,85759,35,卖盘
665,10:03:28,24.51,73502,30,买盘
666,10:03:31,24.5,80850,33,卖盘
667,10:03:34,24.51,98008,40,买盘
668,10:03:37,24.51,107832,44,买盘
669,10:03:40,24.51,75970,31,中性盘
670,10:03:43,24.51,237662,97,卖盘
671,10:03:46,24.51,127429,52,买盘
672,10:03:49,24.51,90674,37,买盘
673,10:03:52,24.5,186229,76,卖盘
674,10:03:55,24.5,264636,108,卖盘
675,10:03:58,24.5,230358,94,卖盘
676,10:04:01,24.51,154370,63,买盘
677,10:04:04,24.5,39200,16,卖盘
678,10:04:07,24.5,9798,4,买盘
679,10:04:10,24.51,78407,32,买盘
680,10:04:13,24.52,125008,51,买盘
681,10:04:16,24.51,117649,48,卖盘
682,10:04:19,24.52,176520,72,买盘
683,10:04:22,24.52,93151,38,卖盘
684,10:04:25,24.51,127484,52,卖盘
685,10:04:28,24.53,127538,52,买盘
686,10:04:31,24.54,31892,13,买盘
687,10:04:34,24.54,19631,8,买盘
688,10:04:37,24.54,108019,44,买盘
689,10:04:40,24.56,22100,9,买盘
690,10:04:43,24.55,142390,58,卖盘
691,10:04:46,24.56,63856,26,买盘
692,10:04:49,24.56,110520,45,买盘
693,10:04:52,24.56,58944,24,买盘
694,10:04:55,24.56,71222,29,买盘
695,10:04:58,24.55,179232,73,卖盘
696,10:05:01,24.57,49122,20,买盘
697,10:05:04,24.56,9824,4,卖盘
698,10:05:07,24.56,29472,12,卖盘
699,10:05:10,24.56,203909,83,卖盘
700,10:05:13,24.57,117908,48,买盘
701,10:05:16,24.57,279947,114,买盘
702,10:05:19,24.56,12278,5,中性盘
703,10:05:22,24.56,66312,27,卖盘
704,10:05:25,24.55,245598,100,卖盘
705,10:05:28,24.56,267675,109,买盘
706,10:05:31,24.56,39296,16,卖盘
707,10:05:34,24.56,19653,8,卖盘
708,10:05:37,24.59,223590,91,买盘
709,10:05:40,24.56,71256,29,卖盘
710,10:05:43,24.58,4916,2,中性盘
711,10:05:46,24.58,44238,18,买盘
712,10:05:49,24.57,34401,14,卖盘
713,10:05:52,24.57,63897,26,卖盘
714,10:05:55,24.57,81081,33,卖盘
715,10:05:58,24.57,125317,51,卖盘
716,10:06:01,24.57,24570,10,买盘
717,10:06:04,24.56,174378,71,卖盘
718,10:06:07,24.57,184202,75,买盘
719,10:06:10,24.55,194022,79,卖盘
720,10:06:13,24.53,83433,34,卖盘
721,10:06:16,24.55,93249,38,买盘
722,10:06:19,24.53,24530,10,卖盘
723,10:06:22,24.53,80915,33,卖盘
724,10:06:25,24.51,117734,48,卖盘
725,10:06:28,24.51,71082,29,卖盘
726,10:06:31,24.52,122551,50,买盘
727,10:06:34,24.5,507324,207,卖盘
728,10:06:37,24.5,80879,33,卖盘
729,10:06:40,24.51,7353,3,买盘
730,10:06:43,24.5,264607,108,卖盘
731,10:06:46,24.5,193569,79,卖盘
732,10:06:49,24.49,139618,57,卖盘
733,10:06:52,24.49,93065,38,卖盘
734,10:06:55,24.49,29388,12,卖盘
735,10:06:58,24.47,705075,288,卖盘
736,10:07:01,24.47,134626,55,卖盘
737,10:07:04,24.47,102775,42,卖盘
738,10:07:07,24.48,48940,20,买盘
739,10:07:10,24.47,78300,32,卖盘
740,10:07:13,24.46,149222,61,卖盘
741,10:07:16,24.47,173704,71,买盘
742,10:07:19,24.46,278948,114,卖盘
743,10:07:22,24.45,305741,125,卖盘
744,10:07:25,24.46,26904,11,买盘
745,10:07:28,24.44,266506,109,卖盘
746,10:07:31,24.44,124646,51,卖盘
747,10:07:34,24.44,151509,62,卖盘
748,10:07:37,24.42,200353,82,卖盘
749,10:07:40,24.43,87934,36,买盘
750,10:07:43,24.42,19537,8,卖盘
751,10:07:46,24.43,95260,39,买盘
752,10:07:49,24.41,227077,93,卖盘
753,10:07:52,24.42,70814,29,买盘
754,10:07:55,24.41,256299,105,卖盘
755,10:07:58,24.43,439540,180,买盘
756,10:08:01,24.44,513156,210,买盘
757,10:08:04,24.44,61100,25,中性盘
758,10:08:07,24.44,173534,71,卖盘
759,10:08:10,24.45,22005,9,买盘
760,10:08:13,24.44,332437,136,卖盘
761,10:08:16,24.46,29351,12,买盘
762,10:08:19,24.46,51366,21,卖盘
763,10:08:22,24.45,122278,50,卖盘
764,10:08:25,24.46,31792,13,买盘
765,10:08:28,24.45,95338,39,卖盘
766,10:08:31,24.44,278750,114,卖盘
767,10:08:34,24.45,4890,2,买盘
768,10:08:40,24.44,9776,4,卖盘
769,10:08:43,24.44,68435,28,卖盘
770,10:08:46,24.44,549823,225,卖盘
771,10:08:49,24.44,90427,37,中性盘
772,10:08:52,24.42,175899,72,卖盘
773,10:08:55,24.43,114765,47,买盘
774,10:08:58,24.41,310050,127,卖盘
775,10:09:01,24.4,361360,148,卖盘
776,10:09:04,24.41,939441,385,买盘
777,10:09:07,24.41,373389,153,买盘
778,10:09:10,24.41,720059,295,买盘
779,10:09:13,24.41,153820,63,卖盘
780,10:09:16,24.41,31733,13,卖盘
781,10:09:19,24.42,383356,157,买盘
782,10:09:22,24.42,261334,107,卖盘
783,10:09:25,24.42,31750,13,卖盘
784,10:09:28,24.43,21981,9,中性盘
785,10:09:31,24.44,237068,97,买盘
786,10:09:34,24.45,34219,14,买盘
787,10:09:37,24.44,14666,6,卖盘
788,10:09:40,24.45,56227,23,买盘
789,10:09:43,24.45,12225,5,买盘
790,10:09:46,24.45,63550,26,买盘
791,10:09:49,24.45,100242,41,买盘
792,10:09:52,24.44,83100,34,卖盘
793,10:09:55,24.45,440098,180,买盘
794,10:09:58,24.46,34236,14,买盘
795,10:10:01,24.45,525862,215,卖盘
796,10:10:04,24.47,29362,12,买盘
797,10:10:07,24.47,26917,11,卖盘
798,10:10:10,24.46,88094,36,卖盘
799,10:10:13,24.48,48957,20,买盘
800,10:10:16,24.47,51388,21,卖盘
801,10:10:19,24.47,75870,31,卖盘
802,10:10:22,24.47,88107,36,卖盘
803,10:10:25,24.47,26926,11,卖盘
804,10:10:28,24.48,75873,31,买盘
805,10:10:31,24.49,225327,92,买盘
806,10:10:34,24.5,132300,54,中性盘
807,10:10:37,24.5,4900,2,卖盘
808,10:10:43,24.51,358004,146,买盘
809,10:10:46,24.51,188687,77,买盘
810,10:10:49,24.51,73510,30,买盘
811,10:10:52,24.5,75956,31,卖盘
812,10:10:55,24.51,9802,4,买盘
813,10:10:58,24.5,757321,309,卖盘
814,10:11:01,24.5,301428,123,卖盘
815,10:11:04,24.5,46550,19,卖盘
816,10:11:07,24.51,17154,7,中性盘
817,10:11:10,24.5,12250,5,中性盘
818,10:11:13,24.48,14689,6,卖盘
819,10:11:16,24.48,14688,6,卖盘
820,10:11:19,24.49,237476,97,买盘
821,10:11:22,24.48,56308,23,中性盘
822,10:11:25,24.47,31820,13,卖盘
823,10:11:28,24.47,2447,1,卖盘
824,10:11:31,24.47,105227,43,卖盘
825,10:11:34,24.48,323079,132,买盘
826,10:11:37,24.5,193514,79,买盘
827,10:11:40,24.5,53905,22,卖盘
828,10:11:43,24.51,17157,7,买盘
829,10:11:46,24.5,98016,40,卖盘
830,10:11:52,24.52,112742,46,买盘
831,10:11:55,24.52,12258,5,买盘
832,10:11:58,24.51,17149,7,买盘
833,10:12:01,24.49,41634,17,卖盘
834,10:12:04,24.49,134663,55,买盘
835,10:12:07,24.48,29384,12,卖盘
836,10:12:10,24.48,48960,20,卖盘
837,10:12:13,24.49,58776,24,买盘
838,10:12:16,24.49,53893,22,卖盘
839,10:12:19,24.5,7349,3,中性盘
840,10:12:22,24.49,107791,44,卖盘
841,10:12:25,24.49,22042,9,卖盘
842,10:12:28,24.49,4898,2,买盘
843,10:12:31,24.48,73455,30,卖盘
844,10:12:34,24.48,14688,6,买盘
845,10:12:37,24.47,386786,158,卖盘
846,10:12:40,24.48,92989,38,买盘
847,10:12:43,24.47,41602,17,卖盘
848,10:12:46,24.47,4894,2,买盘
849,10:12:49,24.47,41584,17,买盘
850,10:12:52,24.49,1805297,738,买盘
851,10:12:55,24.47,90545,37,卖盘
852,10:12:58,24.52,271937,111,买盘
853,10:13:01,24.5,98070,40,卖盘
854,10:13:04,24.52,39236,16,买盘
855,10:13:07,24.54,51534,21,买盘
856,10:13:10,24.54,407276,166,中性盘
857,10:13:13,24.52,174097,71,卖盘
858,10:13:16,24.54,22081,9,买盘
859,10:13:19,24.51,9804,4,卖盘
860,10:13:25,24.49,73502,30,卖盘
861,10:13:28,24.49,24490,10,卖盘
862,10:13:31,24.5,12250,5,买盘
863,10:13:34,24.51,117610,48,买盘
864,10:13:37,24.52,120155,49,买盘
865,10:13:40,24.51,245193,100,卖盘
866,10:13:43,24.52,193768,79,中性盘
867,10:13:46,24.51,4902,2,卖盘
868,10:13:49,24.51,29412,12,卖盘
869,10:13:52,24.51,68638,28,卖盘
870,10:13:55,24.51,26961,11,卖盘
871,10:14:01,24.51,102937,42,买盘
872,10:14:04,24.5,12250,5,卖盘
873,10:14:07,24.5,75953,31,卖盘
874,10:14:13,24.49,61230,25,卖盘
875,10:14:16,24.49,9796,4,卖盘
876,10:14:19,24.5,2450,1,买盘
877,10:14:22,24.49,127378,52,卖盘
878,10:14:25,24.49,2449,1,卖盘
879,10:14:28,24.49,80818,33,卖盘
880,10:14:31,24.49,2449,1,卖盘
881,10:14:34,24.49,31837,13,卖盘
882,10:14:37,24.49,12245,5,卖盘
883,10:14:40,24.49,2449,1,买盘
884,10:14:43,24.48,51415,21,卖盘
885,10:14:46,24.49,61208,25,买盘
886,10:14:49,24.48,247263,101,卖盘
887,10:14:52,24.48,41616,17,卖盘
888,10:14:55,24.48,17136,7,卖盘
889,10:14:58,24.48,4896,2,中性盘
890,10:15:01,24.48,110169,45,买盘
891,10:15:04,24.48,7342,3,中性盘
892,10:15:07,24.48,154187,63,买盘
893,10:15:10,24.48,56304,23,卖盘
894,10:15:13,24.48,12240,5,卖盘
895,10:15:16,24.49,48980,20,买盘
896,10:15:19,24.52,193616,79,买盘
897,10:15:22,24.54,22078,9,买盘
898,10:15:25,24.55,100630,41,买盘
899,10:15:28,24.53,63804,26,卖盘
900,10:15:31,24.55,39280,16,买盘
901,10:15:34,24.55,44189,18,卖盘
902,10:15:37,24.55,41758,17,中性盘
903,10:15:40,24.54,137375,56,卖盘
904,10:15:43,24.55,34387,14,买盘
905,10:15:46,24.55,34368,14,买盘
906,10:15:49,24.55,19640,8,买盘
907,10:15:52,24.55,24550,10,买盘
908,10:15:55,24.54,78532,32,买盘
909,10:15:58,24.53,157004,64,卖盘
910,10:16:01,24.52,36788,15,卖盘
911,10:16:04,24.54,29454,12,买盘
912,10:16:07,24.54,2454,1,卖盘
913,10:16:10,24.55,105565,43,买盘
914,10:16:16,24.56,14731,6,买盘
915,10:16:22,24.56,17193,7,买盘
916,10:16:31,24.55,132624,54,卖盘
917,10:16:34,24.55,162035,66,卖盘
918,10:16:37,24.55,22103,9,中性盘
919,10:16:40,24.55,78560,32,卖盘
920,10:16:43,24.55,29466,12,中性盘
921,10:16:46,24.54,12270,5,卖盘
922,10:16:49,24.54,12270,5,买盘
923,10:16:52,24.54,49080,20,买盘
924,10:16:55,24.53,44154,18,卖盘
925,10:17:01,24.53,78481,32,买盘
926,10:17:04,24.51,26971,11,卖盘
927,10:17:07,24.51,68628,28,卖盘
928,10:17:10,24.5,259708,106,卖盘
929,10:17:13,24.5,9800,4,买盘
930,10:17:16,24.49,102880,42,卖盘
931,10:17:19,24.48,63685,26,卖盘
932,10:17:22,24.49,4898,2,买盘
933,10:17:25,24.49,36732,15,买盘
934,10:17:31,24.48,63648,26,卖盘
935,10:17:34,24.49,29381,12,买盘
936,10:17:37,24.48,19584,8,卖盘
937,10:17:40,24.48,44064,18,买盘
938,10:17:43,24.48,24471,10,买盘
939,10:17:46,24.48,7344,3,买盘
940,10:17:49,24.48,48970,20,卖盘
941,10:17:52,24.48,80759,33,买盘
942,10:17:55,24.48,51405,21,买盘
943,10:17:58,24.46,163890,67,卖盘
944,10:18:01,24.46,12230,5,卖盘
945,10:18:04,24.46,36690,15,卖盘
946,10:18:07,24.46,63610,26,卖盘
947,10:18:10,24.46,122309,50,卖盘
948,10:18:13,24.46,46474,19,卖盘
949,10:18:16,24.46,17122,7,卖盘
950,10:18:19,24.46,68488,28,卖盘
951,10:18:22,24.46,127175,52,买盘
952,10:18:25,24.45,100245,41,卖盘
953,10:18:28,24.46,14676,6,买盘
954,10:18:31,24.45,31785,13,卖盘
955,10:18:34,24.45,92910,38,卖盘
956,10:18:37,24.45,139366,57,卖盘
957,10:18:40,24.45,36679,15,卖盘
958,10:18:43,24.44,202931,83,卖盘
959,10:18:46,24.45,9780,4,买盘
960,10:18:49,24.45,2445,1,买盘
961,10:18:52,24.44,75764,31,卖盘
962,10:18:55,24.44,17108,7,卖盘
963,10:18:58,24.44,29329,12,卖盘
964,10:19:01,24.45,109983,45,买盘
965,10:19:04,24.44,68418,28,卖盘
966,10:19:07,24.45,75795,31,买盘
967,10:19:10,24.45,34230,14,买盘
968,10:19:13,24.44,17109,7,卖盘
969,10:19:16,24.44,63566,26,卖盘
970,10:19:19,24.44,2444,1,卖盘
971,10:19:22,24.45,4890,2,买盘
972,10:19:25,24.45,39115,16,买盘
973,10:19:28,24.44,21996,9,卖盘
974,10:19:31,24.45,17114,7,买盘
975,10:19:34,24.45,95323,39,买盘
976,10:19:37,24.45,36661,15,买盘
977,10:19:40,24.45,48900,20,买盘
978,10:19:43,24.43,359282,147,卖盘
979,10:19:46,24.44,39108,16,卖盘
980,10:19:49,24.43,48865,20,卖盘
981,10:19:52,24.43,14663,6,卖盘
982,10:19:55,24.43,17107,7,卖盘
983,10:19:58,24.44,17102,7,中性盘
984,10:20:01,24.44,58646,24,买盘
985,10:20:04,24.44,56212,23,买盘
986,10:20:07,24.43,87948,36,卖盘
987,10:20:10,24.43,256521,105,卖盘
988,10:20:13,24.43,166126,68,卖盘
989,10:20:16,24.42,129431,53,卖盘
990,10:20:19,24.43,21987,9,买盘
991,10:20:22,24.44,941056,385,买盘
992,10:20:25,24.45,129585,53,中性盘
993,10:20:28,24.45,102691,42,卖盘
994,10:20:31,24.46,303520,124,买盘
995,10:20:34,24.46,26914,11,卖盘
996,10:20:40,24.48,7344,3,中性盘
997,10:20:43,24.48,7344,3,卖盘
998,10:20:46,24.49,102846,42,买盘
999,10:20:49,24.48,105264,43,卖盘
1000,10:20:52,24.48,4896,2,买盘
1001,10:20:55,24.48,31824,13,买盘
1002,10:20:58,24.47,46493,19,卖盘
1003,10:21:01,24.47,36707,15,卖盘
1004,10:21:04,24.48,58738,24,买盘
1005,10:21:07,24.47,44046,18,买盘
1006,10:21:10,24.47,2447,1,买盘
1007,10:21:13,24.48,7342,3,买盘
1008,10:21:16,24.47,14682,6,中性盘
1009,10:21:19,24.47,14682,6,卖盘
1010,10:21:22,24.48,46506,19,买盘
1011,10:21:28,24.46,29362,12,卖盘
1012,10:21:34,24.47,117426,48,中性盘
1013,10:21:37,24.47,19572,8,买盘
1014,10:21:40,24.45,46465,19,卖盘
1015,10:21:43,24.45,48900,20,卖盘
1016,10:21:46,24.44,75766,31,卖盘
1017,10:21:49,24.44,153972,63,卖盘
1018,10:21:52,24.44,410594,168,卖盘
1019,10:21:55,24.44,117312,48,卖盘
1020,10:21:58,24.43,21995,9,卖盘
1021,10:22:01,24.43,24436,10,卖盘
1022,10:22:04,24.43,97720,40,卖盘
1023,10:22:07,24.43,39098,16,卖盘
1024,10:22:10,24.42,75711,31,卖盘
1025,10:22:13,24.42,19536,8,卖盘
1026,10:22:16,24.42,256422,105,卖盘
1027,10:22:19,24.42,151404,62,卖盘
1028,10:22:22,24.42,249184,102,卖盘
1029,10:22:25,24.42,173382,71,卖盘
1030,10:22:28,24.42,85470,35,卖盘
1031,10:22:31,24.42,95246,39,卖盘
1032,10:22:34,24.42,31748,13,卖盘
1033,10:22:37,24.41,53720,22,卖盘
1034,10:22:43,24.42,151405,62,卖盘
1035,10:22:46,24.41,75673,31,卖盘
1036,10:22:49,24.44,48866,20,买盘
1037,10:22:52,24.42,34188,14,卖盘
1038,10:22:55,24.42,21986,9,中性盘
1039,10:22:58,24.42,53722,22,卖盘
1040,10:23:01,24.42,41504,17,卖盘
1041,10:23:04,24.43,307699,126,卖盘
1042,10:23:07,24.43,139147,57,中性盘
1043,10:23:10,24.44,19547,8,买盘
1044,10:23:13,24.44,63538,26,买盘
1045,10:23:16,24.43,70852,29,卖盘
1046,10:23:19,24.44,131927,54,买盘
1047,10:23:22,24.44,273688,112,买盘
1048,10:23:25,24.43,2443,1,卖盘
1049,10:23:28,24.43,310313,127,卖盘
1050,10:23:31,24.43,2443,1,卖盘
1051,10:23:34,24.44,315250,129,买盘
1052,10:23:37,24.43,361553,148,卖盘
1053,10:23:40,24.43,78169,32,买盘
1054,10:23:43,24.43,258869,106,买盘
1055,10:23:46,24.43,2443,1,中性盘
1056,10:23:49,24.42,217471,89,卖盘
1057,10:23:52,24.44,17102,7,中性盘
1058,10:23:55,24.48,259376,106,买盘
1059,10:23:58,24.43,24436,10,卖盘
1060,10:24:04,24.44,4888,2,卖盘
1061,10:24:07,24.44,166144,68,卖盘
1062,10:24:10,24.45,48911,20,买盘
1063,10:24:13,24.47,159028,65,买盘
1064,10:24:16,24.46,14672,6,中性盘
1065,10:24:22,24.44,48889,20,卖盘
1066,10:24:25,24.45,24453,10,卖盘
1067,10:24:31,24.45,2445,1,卖盘
1068,10:24:37,24.46,34234,14,买盘
1069,10:24:40,24.46,12230,5,卖盘
1070,10:24:43,24.46,44032,18,卖盘
1071,10:24:46,24.46,12230,5,卖盘
1072,10:24:49,24.47,73408,30,买盘
1073,10:24:52,24.47,2447,1,卖盘
1074,10:24:55,24.46,2446,1,卖盘
1075,10:24:58,24.47,9785,4,买盘
1076,10:25:01,24.47,26911,11,买盘
1077,10:25:04,24.46,19570,8,卖盘
1078,10:25:07,24.46,168799,69,卖盘
1079,10:25:16,24.46,66042,27,卖盘
1080,10:25:19,24.46,7338,3,买盘
1081,10:25:22,24.46,36685,15,买盘
1082,10:25:25,24.45,34230,14,卖盘
1083,10:25:31,24.45,26895,11,买盘
1084,10:25:34,24.47,95421,39,买盘
1085,10:25:37,24.48,957232,391,买盘
1086,10:25:40,24.5,34300,14,买盘
1087,10:25:43,24.5,2450,1,买盘
1088,10:25:46,24.48,181276,74,卖盘
1089,10:25:49,24.48,51420,21,卖盘
1090,10:25:52,24.5,102896,42,买盘
1091,10:25:55,24.5,19600,8,卖盘
1092,10:25:58,24.51,9801,4,买盘
1093,10:26:01,24.51,93128,38,买盘
1094,10:26:04,24.48,1214495,496,卖盘
1095,10:26:07,24.48,73438,30,买盘
1096,10:26:13,24.46,36692,15,卖盘
1097,10:26:16,24.48,4896,2,卖盘
1098,10:26:19,24.49,19592,8,买盘
1099,10:26:22,24.48,24480,10,卖盘
1100,10:26:25,24.48,4896,2,买盘
1101,10:26:31,24.46,4892,2,卖盘
1102,10:26:34,24.48,4896,2,买盘
1103,10:26:37,24.48,7344,3,买盘
1104,10:26:40,24.46,31810,13,卖盘
1105,10:26:43,24.46,48932,20,卖盘
1106,10:26:46,24.48,4896,2,买盘
1107,10:26:49,24.48,41590,17,买盘
1108,10:26:52,24.48,9788,4,买盘
1109,10:26:55,24.48,14688,6,买盘
1110,10:26:58,24.46,22022,9,卖盘
1111,10:27:01,24.48,232461,95,买盘
1112,10:27:04,24.46,56277,23,卖盘
1113,10:27:07,24.47,2447,1,中性盘
1114,10:27:10,24.48,115059,47,买盘
1115,10:27:13,24.48,12240,5,卖盘
1116,10:27:16,24.5,134746,55,买盘
1117,10:27:19,24.53,90718,37,买盘
1118,10:27:22,24.54,51504,21,买盘
1119,10:27:25,24.54,58885,24,买盘
1120,10:27:28,24.54,254838,104,买盘
1121,10:27:31,24.54,78524,32,买盘
1122,10:27:34,24.54,58917,24,卖盘
1123,10:27:40,24.57,125219,51,买盘
1124,10:27:43,24.57,41759,17,买盘
1125,10:27:46,24.56,4912,2,中性盘
1126,10:27:49,24.55,117850,48,卖盘
1127,10:27:52,24.54,24540,10,卖盘
1128,10:27:55,24.54,58899,24,卖盘
1129,10:27:58,24.52,191275,78,卖盘
1130,10:28:01,24.52,36779,15,买盘
1131,10:28:04,24.52,36779,15,买盘
1132,10:28:07,24.5,22053,9,卖盘
1133,10:28:10,24.5,49003,20,卖盘
1134,10:28:13,24.51,31863,13,买盘
1135,10:28:16,24.5,85775,35,卖盘
1136,10:28:19,24.51,127452,52,买盘
1137,10:28:22,24.52,112787,46,买盘
1138,10:28:25,24.55,402397,164,买盘
1139,10:28:28,24.55,108010,44,买盘
1140,10:28:31,24.56,68745,28,买盘
1141,10:28:34,24.56,51561,21,买盘
1142,10:28:40,24.59,63926,26,买盘
1143,10:28:43,24.59,7377,3,买盘
1144,10:28:46,24.58,2458,1,中性盘
1145,10:28:49,24.58,115533,47,卖盘
1146,10:28:52,24.58,250702,102,买盘
1147,10:28:55,24.59,243420,99,买盘
1148,10:28:58,24.6,12296,5,买盘
1149,10:29:01,24.61,246034,100,买盘
1150,10:29:04,24.62,757465,308,买盘
1151,10:29:07,24.62,4924,2,买盘
1152,10:29:10,24.63,187117,76,买盘
1153,10:29:13,24.63,145320,59,卖盘
1154,10:29:16,24.64,56659,23,买盘
1155,10:29:19,24.63,83756,34,卖盘
1156,10:29:22,24.63,34485,14,卖盘
1157,10:29:25,24.62,157627,64,卖盘
1158,10:29:28,24.64,401757,163,买盘
1159,10:29:31,24.6,29545,12,卖盘
1160,10:29:34,24.61,17227,7,中性盘
1161,10:29:43,24.6,19676,8,中性盘
1162,10:29:46,24.6,24598,10,中性盘
1163,10:29:49,24.59,66408,27,卖盘
1164,10:29:52,24.59,100823,41,卖盘
1165,10:29:55,24.6,125496,51,买盘
1166,10:29:58,24.59,34426,14,卖盘
1167,10:30:01,24.58,27046,11,卖盘
1168,10:30:04,24.58,41790,17,卖盘
1169,10:30:07,24.57,17204,7,卖盘
1170,10:30:10,24.57,24570,10,卖盘
1171,10:30:16,24.57,51597,21,买盘
1172,10:30:19,24.57,368803,150,买盘
1173,10:30:22,24.6,469946,191,买盘
1174,10:30:25,24.6,14760,6,卖盘
1175,10:30:31,24.58,73772,30,卖盘
1176,10:30:34,24.6,9840,4,买盘
1177,10:30:37,24.6,68884,28,买盘
1178,10:30:40,24.59,285494,116,卖盘
1179,10:30:43,24.61,46759,19,中性盘
1180,10:30:46,24.63,32014,13,买盘
1181,10:30:49,24.62,7386,3,中性盘
1182,10:30:52,24.63,278306,113,买盘
1183,10:30:55,24.62,100972,41,卖盘
1184,10:30:58,24.63,36945,15,卖盘
1185,10:31:01,24.63,9852,4,卖盘
1186,10:31:04,24.62,113267,46,卖盘
1187,10:31:07,24.62,59088,24,卖盘
1188,10:31:10,24.62,78784,32,卖盘
1189,10:31:13,24.62,110790,45,买盘
1190,10:31:16,24.61,95979,39,卖盘
1191,10:31:19,24.62,2462,1,买盘
1192,10:31:22,24.61,243696,99,卖盘
1193,10:31:25,24.61,29532,12,卖盘
1194,10:31:28,24.61,9844,4,买盘
1195,10:31:31,24.6,2460,1,卖盘
1196,10:31:34,24.61,2461,1,买盘
1197,10:31:37,24.61,83668,34,买盘
1198,10:31:40,24.6,2460,1,卖盘
1199,10:31:43,24.6,17219,7,买盘
1200,10:31:46,24.6,24596,10,卖盘
1201,10:31:52,24.59,76235,31,卖盘
1202,10:31:55,24.59,56561,23,卖盘
1203,10:31:58,24.59,7377,3,买盘
1204,10:32:01,24.58,27038,11,卖盘
1205,10:32:07,24.57,51616,21,卖盘
1206,10:32:10,24.57,127781,52,卖盘
1207,10:32:13,24.59,17201,7,买盘
1208,10:32:16,24.57,17199,7,卖盘
1209,10:32:19,24.57,9828,4,卖盘
1210,10:32:22,24.57,95823,39,卖盘
1211,10:32:25,24.56,46664,19,卖盘
1212,10:32:28,24.56,81048,33,卖盘
1213,10:32:31,24.56,14736,6,卖盘
1214,10:32:34,24.56,14736,6,买盘
1215,10:32:37,24.55,7365,3,卖盘
1216,10:32:43,24.55,34370,14,卖盘
1217,10:32:49,24.55,41737,17,卖盘
1218,10:32:58,24.55,27005,11,买盘
1219,10:33:01,24.55,2455,1,卖盘
1220,10:33:04,24.55,27005,11,卖盘
1221,10:33:07,24.56,49117,20,买盘
1222,10:33:10,24.56,19648,8,买盘
1223,10:33:13,24.55,142444,58,卖盘
1224,10:33:16,24.56,14738,6,中性盘
1225,10:33:19,24.57,61410,25,买盘
1226,10:33:25,24.57,98280,40,买盘
1227,10:33:28,24.57,44226,18,买盘
1228,10:33:31,24.57,14742,6,买盘
1229,10:33:34,24.59,176932,72,买盘
1230,10:33:37,24.59,31967,13,买盘
1231,10:33:40,24.59,24590,10,卖盘
1232,10:33:43,24.59,7377,3,卖盘
1233,10:33:46,24.6,135270,55,买盘
1234,10:33:49,24.59,78720,32,卖盘
1235,10:33:52,24.59,201637,82,买盘
1236,10:33:55,24.59,4918,2,买盘
1237,10:33:58,24.59,4918,2,买盘
1238,10:34:01,24.59,7377,3,卖盘
1239,10:34:04,24.6,86072,35,买盘
1240,10:34:07,24.6,88559,36,买盘
1241,10:34:10,24.63,905892,368,买盘
1242,10:34:13,24.65,1798125,730,买盘
1243,10:34:16,24.66,69048,28,买盘
1244,10:34:19,24.66,49320,20,买盘
1245,10:34:22,24.65,249065,101,卖盘
1246,10:34:25,24.66,54252,22,买盘
1247,10:34:28,24.66,172620,70,买盘
1248,10:34:31,24.66,41921,17,买盘
1249,10:34:34,24.65,32049,13,卖盘
1250,10:34:37,24.67,246700,100,买盘
1251,10:34:40,24.68,19740,8,买盘
1252,10:34:43,24.68,244420,99,买盘
1253,10:34:46,24.7,74090,30,买盘
1254,10:34:49,24.74,296544,120,买盘
1255,10:34:52,24.75,170775,69,买盘
1256,10:34:55,24.75,49510,20,卖盘
1257,10:34:58,24.75,91587,37,卖盘
1258,10:35:01,24.76,89125,36,买盘
1259,10:35:04,24.75,136097,55,买盘
1260,10:35:07,24.72,126127,51,卖盘
1261,10:35:10,24.72,29664,12,买盘
1262,10:35:13,24.7,83982,34,卖盘
1263,10:35:16,24.7,232217,94,卖盘
1264,10:35:19,24.7,244515,99,卖盘
1265,10:35:22,24.68,212524,86,卖盘
1266,10:35:25,24.7,400185,162,买盘
1267,10:35:28,24.7,165502,67,卖盘
1268,10:35:31,24.75,1902461,769,买盘
1269,10:35:34,24.76,81685,33,中性盘
1270,10:35:37,24.75,22285,9,卖盘
1271,10:35:40,24.78,111476,45,买盘
1272,10:35:43,24.77,108989,44,卖盘
1273,10:35:46,24.78,111502,45,买盘
1274,10:35:49,24.77,108988,44,卖盘
1275,10:35:52,24.77,39643,16,卖盘
1276,10:35:55,24.77,56975,23,卖盘
1277,10:35:58,24.77,148620,60,买盘
1278,10:36:01,24.77,274901,111,买盘
1279,10:36:04,24.76,210498,85,卖盘
1280,10:36:07,24.76,517590,209,卖盘
1281,10:36:10,24.76,822204,332,卖盘
1282,10:36:13,24.76,428377,173,卖盘
1283,10:36:16,24.79,1454223,587,买盘
1284,10:36:19,24.82,1562492,630,买盘
1285,10:36:22,24.8,511207,206,卖盘
1286,10:36:25,24.88,2145439,863,买盘
1287,10:36:28,24.9,846526,340,买盘
1288,10:36:31,24.9,132028,53,卖盘
1289,10:36:34,24.9,259118,104,卖盘
1290,10:36:37,24.9,430855,173,卖盘
1291,10:36:40,24.91,520382,209,买盘
1292,10:36:43,24.91,1538967,618,买盘
1293,10:36:46,24.91,796998,320,卖盘
1294,10:36:49,24.91,231591,93,卖盘
1295,10:36:52,24.92,261538,105,买盘
1296,10:36:55,24.91,500518,201,买盘
1297,10:36:58,24.9,301229,121,买盘
1298,10:37:01,24.87,119492,48,中性盘
1299,10:37:04,24.89,403328,162,买盘
1300,10:37:07,24.85,101958,41,中性盘
1301,10:37:10,24.85,193954,78,买盘
1302,10:37:13,24.84,161523,65,卖盘
1303,10:37:16,24.84,124169,50,买盘
1304,10:37:19,24.83,114199,46,中性盘
1305,10:37:22,24.8,277946,112,卖盘
1306,10:37:25,24.8,47120,19,买盘
1307,10:37:28,24.78,19838,8,卖盘
1308,10:37:31,24.79,52052,21,买盘
1309,10:37:34,24.79,37190,15,卖盘
1310,10:37:37,24.79,91743,37,卖盘
1311,10:37:40,24.81,133907,54,买盘
1312,10:37:43,24.81,651899,263,买盘
1313,10:37:46,24.81,91793,37,买盘
1314,10:37:49,24.81,57089,23,卖盘
1315,10:37:52,24.81,62031,25,卖盘
1316,10:37:55,24.8,96747,39,卖盘
1317,10:37:58,24.79,52075,21,卖盘
1318,10:38:01,24.83,404596,163,买盘
1319,10:38:04,24.82,138881,56,中性盘
1320,10:38:07,24.8,124035,50,中性盘
1321,10:38:10,24.82,171279,69,买盘
1322,10:38:13,24.82,151333,61,买盘
1323,10:38:16,24.82,17372,7,买盘
1324,10:38:19,24.82,158816,64,买盘
1325,10:38:22,24.82,270391,109,买盘
1326,10:38:25,24.8,342269,138,卖盘
1327,10:38:28,24.76,735693,297,卖盘
1328,10:38:31,24.75,836551,338,卖盘
1329,10:38:34,24.7,32123,13,卖盘
1330,10:38:37,24.69,106247,43,卖盘
1331,10:38:40,24.69,88900,36,卖盘
1332,10:38:43,24.69,34563,14,买盘
1333,10:38:46,24.68,88882,36,卖盘
1334,10:38:49,24.69,118512,48,买盘
1335,10:38:52,24.69,39504,16,卖盘
1336,10:38:55,24.69,41989,17,买盘
1337,10:38:58,24.7,29655,12,中性盘
1338,10:39:01,24.7,2470,1,卖盘
1339,10:39:04,24.7,44460,18,卖盘
1340,10:39:07,24.73,328489,133,买盘
1341,10:39:10,24.68,214738,87,卖盘
1342,10:39:13,24.68,39488,16,买盘
1343,10:39:16,24.69,81458,33,买盘
1344,10:39:19,24.69,130814,53,买盘
1345,10:39:22,24.66,143201,58,卖盘
1346,10:39:25,24.7,37050,15,买盘
1347,10:39:28,24.69,91379,37,卖盘
1348,10:39:31,24.68,231997,94,卖盘
1349,10:39:34,24.66,74023,30,卖盘
1350,10:39:40,24.68,46864,19,买盘
1351,10:39:43,24.65,318150,129,卖盘
1352,10:39:46,24.66,9864,4,买盘
1353,10:39:49,24.66,24658,10,买盘
1354,10:39:52,24.66,54252,22,中性盘
1355,10:39:55,24.66,9863,4,中性盘
1356,10:39:58,24.67,19734,8,买盘
1357,10:40:01,24.67,14802,6,买盘
1358,10:40:04,24.65,295805,120,卖盘
1359,10:40:07,24.64,34496,14,卖盘
1360,10:40:10,24.63,61596,25,卖盘
1361,10:40:13,24.63,9852,4,卖盘
1362,10:40:16,24.62,100980,41,卖盘
1363,10:40:19,24.62,135456,55,卖盘
1364,10:40:22,24.63,12313,5,买盘
1365,10:40:25,24.62,51706,21,卖盘
1366,10:40:28,24.63,29555,12,卖盘
1367,10:40:31,24.63,51723,21,卖盘
1368,10:40:34,24.63,19706,8,卖盘
1369,10:40:40,24.64,17246,7,买盘
1370,10:40:43,24.63,36945,15,卖盘
1371,10:40:46,24.63,189651,77,卖盘
1372,10:40:49,24.64,101026,41,买盘
1373,10:40:55,24.65,69022,28,买盘
1374,10:40:58,24.66,527429,214,买盘
1375,10:41:01,24.66,73974,30,买盘
1376,10:41:04,24.65,93646,38,卖盘
1377,10:41:07,24.65,7395,3,买盘
1378,10:41:10,24.64,14785,6,卖盘
1379,10:41:13,24.64,2464,1,买盘
1380,10:41:16,24.64,64056,26,买盘
1381,10:41:19,24.64,41879,17,买盘
1382,10:41:22,24.63,194537,79,卖盘
1383,10:41:25,24.62,41854,17,卖盘
1384,10:41:28,24.61,78753,32,卖盘
1385,10:41:31,24.6,592867,241,卖盘
1386,10:41:34,24.59,7379,3,卖盘
1387,10:41:37,24.58,78681,32,卖盘
1388,10:41:43,24.58,4916,2,卖盘
1389,10:41:46,24.57,127784,52,卖盘
1390,10:41:49,24.59,12295,5,买盘
1391,10:41:52,24.59,12295,5,买盘
1392,10:41:55,24.58,34416,14,卖盘
1393,10:41:58,24.59,36885,15,买盘
1394,10:42:01,24.58,34414,14,卖盘
1395,10:42:04,24.59,4918,2,卖盘
1396,10:42:07,24.6,309958,126,买盘
1397,10:42:10,24.6,440340,179,卖盘
1398,10:42:13,24.6,51660,21,买盘
1399,10:42:16,24.6,1030643,419,买盘
1400,10:42:19,24.59,105737,43,中性盘
1401,10:42:22,24.59,7376,3,买盘
1402,10:42:25,24.6,223766,91,买盘
1403,10:42:31,24.6,39360,16,买盘
1404,10:42:34,24.6,7380,3,卖盘
1405,10:42:37,24.6,19680,8,卖盘
1406,10:42:40,24.61,24608,10,买盘
1407,10:42:43,24.61,34454,14,买盘
1408,10:42:46,24.61,9844,4,买盘
1409,10:42:49,24.61,169806,69,买盘
1410,10:42:52,24.61,12305,5,买盘
1411,10:42:55,24.61,4922,2,买盘
1412,10:42:58,24.61,2461,1,买盘
1413,10:43:04,24.61,7383,3,买盘
1414,10:43:07,24.61,9844,4,买盘
1415,10:43:10,24.61,41824,17,买盘
1416,10:43:13,24.61,4922,2,买盘
1417,10:43:16,24.6,63971,26,卖盘
1418,10:43:19,24.61,61525,25,买盘
1419,10:43:22,24.61,17227,7,卖盘
1420,10:43:28,24.62,17234,7,买盘
1421,10:43:34,24.61,51681,21,卖盘
1422,10:43:37,24.61,12305,5,卖盘
1423,10:43:40,24.61,31993,13,买盘
1424,10:43:43,24.61,12305,5,买盘
1425,10:43:46,24.61,17227,7,买盘
1426,10:43:49,24.61,332115,135,买盘
1427,10:43:52,24.61,41837,17,买盘
1428,10:43:55,24.61,295320,120,卖盘
1429,10:43:58,24.62,2462,1,买盘
1430,10:44:01,24.62,27082,11,买盘
1431,10:44:04,24.61,54156,22,卖盘
1432,10:44:07,24.62,22158,9,买盘
1433,10:44:10,24.62,66457,27,买盘
1434,10:44:13,24.62,4924,2,买盘
1435,10:44:16,24.62,64012,26,买盘
1436,10:44:22,24.63,4926,2,买盘
1437,10:44:28,24.63,103446,42,买盘
1438,10:44:31,24.63,9853,4,卖盘
1439,10:44:34,24.64,24640,10,买盘
1440,10:44:37,24.65,123203,50,买盘
1441,10:44:40,24.64,7392,3,买盘
1442,10:44:43,24.64,744693,302,买盘
1443,10:44:46,24.65,68986,28,买盘
1444,10:44:49,24.65,27113,11,买盘
1445,10:44:52,24.65,24650,10,卖盘
1446,10:44:55,24.65,14790,6,买盘
1447,10:44:58,24.64,39424,16,卖盘
1448,10:45:01,24.63,4927,2,卖盘
1449,10:45:04,24.63,4926,2,卖盘
1450,10:45:07,24.63,32031,13,卖盘
1451,10:45:10,24.63,14780,6,卖盘
1452,10:45:13,24.64,17248,7,买盘
1453,10:45:16,24.64,34496,14,买盘
1454,10:45:19,24.64,39424,16,买盘
1455,10:45:22,24.63,19710,8,卖盘
1456,10:45:25,24.63,46799,19,卖盘
1457,10:45:28,24.64,2464,1,买盘
1458,10:45:31,24.64,105952,43,买盘
1459,10:45:34,24.63,24638,10,卖盘
1460,10:45:37,24.64,34492,14,买盘
1461,10:45:40,24.63,7389,3,卖盘
1462,10:45:43,24.64,7392,3,买盘
1463,10:45:46,24.64,29559,12,买盘
1464,10:45:49,24.63,22174,9,卖盘
1465,10:45:52,24.63,197040,80,卖盘
1466,10:45:55,24.62,2462,1,卖盘
1467,10:45:58,24.62,337298,137,卖盘
1468,10:46:01,24.61,4922,2,卖盘
1469,10:46:04,24.62,27076,11,买盘
1470,10:46:07,24.62,29539,12,买盘
1471,10:46:10,24.61,9844,4,卖盘
1472,10:46:13,24.63,135431,55,买盘
1473,10:46:16,24.63,108372,44,买盘
1474,10:46:19,24.64,56682,23,中性盘
1475,10:46:22,24.64,22179,9,卖盘
1476,10:46:25,24.68,123313,50,买盘
1477,10:46:28,24.65,4930,2,卖盘
1478,10:46:31,24.64,29582,12,卖盘
1479,10:46:34,24.67,2467,1,中性盘
1480,10:46:37,24.68,17275,7,买盘
1481,10:46:40,24.67,27137,11,买盘
1482,10:46:43,24.67,103652,42,卖盘
1483,10:46:46,24.68,12337,5,中性盘
1484,10:46:49,24.68,118464,48,卖盘
1485,10:46:52,24.67,148006,60,卖盘
1486,10:46:58,24.69,1071411,434,买盘
1487,10:47:01,24.69,167892,68,卖盘
1488,10:47:04,24.67,14802,6,卖盘
1489,10:47:07,24.68,69094,28,买盘
1490,10:47:10,24.68,4936,2,买盘
1491,10:47:13,24.68,59232,24,卖盘
1492,10:47:16,24.72,49411,20,买盘
1493,10:47:25,24.7,59270,24,买盘
1494,10:47:28,24.7,54340,22,卖盘
1495,10:47:31,24.7,318564,129,卖盘
1496,10:47:34,24.65,78941,32,卖盘
1497,10:47:46,24.65,2465,1,卖盘
1498,10:47:49,24.67,268691,109,买盘
1499,10:47:52,24.68,64093,26,买盘
1500,10:47:55,24.68,37010,15,买盘
1501,10:47:58,24.7,51863,21,买盘
1502,10:48:10,24.7,49396,20,买盘
1503,10:48:13,24.68,24680,10,卖盘
1504,10:48:22,24.68,83913,34,卖盘
1505,10:48:25,24.67,24680,10,卖盘
1506,10:48:28,24.68,4936,2,中性盘
1507,10:48:31,24.66,27131,11,卖盘
1508,10:48:34,24.66,7398,3,卖盘
1509,10:48:37,24.65,271252,110,卖盘
1510,10:48:40,24.65,24650,10,卖盘
1511,10:48:43,24.65,2465,1,卖盘
1512,10:48:46,24.65,27115,11,卖盘
1513,10:48:52,24.65,39440,16,卖盘
1514,10:48:55,24.65,192296,78,卖盘
1515,10:48:58,24.65,278563,113,买盘
1516,10:49:01,24.65,51765,21,买盘
1517,10:49:04,24.67,229273,93,买盘
1518,10:49:07,24.67,14796,6,买盘
1519,10:49:10,24.66,4932,2,买盘
1520,10:49:19,24.66,56718,23,买盘
1521,10:49:25,24.66,4932,2,买盘
1522,10:49:28,24.65,73959,30,卖盘
1523,10:49:31,24.65,2465,1,卖盘
1524,10:49:37,24.65,22185,9,卖盘
1525,10:49:40,24.66,22194,9,卖盘
1526,10:49:43,24.66,27126,11,卖盘
1527,10:49:49,24.67,12335,5,买盘
1528,10:49:55,24.67,66605,27,买盘
1529,10:50:04,24.69,236954,96,买盘
1530,10:50:07,24.69,32097,13,卖盘
1531,10:50:10,24.7,91390,37,买盘
1532,10:50:13,24.7,2470,1,卖盘
1533,10:50:16,24.73,54387,22,买盘
1534,10:50:22,24.72,126157,51,卖盘
1535,10:50:25,24.74,12370,5,买盘
1536,10:50:28,24.74,19789,8,买盘
1537,10:50:31,24.74,79174,32,买盘
1538,10:50:37,24.75,2475,1,卖盘
1539,10:50:40,24.76,188174,76,买盘
1540,10:50:43,24.75,240385,97,买盘
1541,10:50:46,24.74,96489,39,卖盘
1542,10:50:49,24.75,32207,13,卖盘
1543,10:50:52,24.75,34655,14,卖盘
1544,10:50:55,24.75,24750,10,卖盘
1545,10:50:58,24.74,22266,9,卖盘
1546,10:51:01,24.74,267202,108,卖盘
1547,10:51:04,24.74,47003,19,卖盘
1548,10:51:10,24.72,4944,2,卖盘
1549,10:51:13,24.74,46988,19,买盘
1550,10:51:16,24.72,2472,1,卖盘
1551,10:51:19,24.73,84051,34,买盘
1552,10:51:22,24.72,32145,13,卖盘
1553,10:51:25,24.72,34608,14,卖盘
1554,10:51:28,24.7,12350,5,卖盘
1555,10:51:31,24.7,7410,3,买盘
1556,10:51:34,24.71,41985,17,中性盘
1557,10:51:37,24.7,93832,38,卖盘
1558,10:51:43,24.7,29640,12,买盘
1559,10:51:46,24.7,46930,19,买盘
1560,10:51:49,24.7,14820,6,卖盘
1561,10:51:52,24.7,19760,8,买盘
1562,10:51:55,24.69,74070,30,卖盘
1563,10:51:58,24.69,69154,28,卖盘
1564,10:52:01,24.69,29628,12,卖盘
1565,10:52:04,24.67,9870,4,卖盘
1566,10:52:10,24.67,44406,18,卖盘
1567,10:52:13,24.67,2467,1,买盘
1568,10:52:16,24.66,41922,17,卖盘
1569,10:52:19,24.67,39468,16,买盘
1570,10:52:25,24.66,19728,8,卖盘
1571,10:52:28,24.67,69076,28,买盘
1572,10:52:31,24.66,29592,12,卖盘
1573,10:52:34,24.66,81389,33,卖盘
1574,10:52:40,24.66,51786,21,卖盘
1575,10:52:43,24.68,189963,77,买盘
1576,10:52:46,24.68,41956,17,买盘
1577,10:52:52,24.68,19741,8,买盘
1578,10:52:55,24.67,17274,7,卖盘
1579,10:52:58,24.68,66631,27,买盘
1580,10:53:04,24.68,2468,1,卖盘
1581,10:53:07,24.68,14808,6,卖盘
1582,10:53:10,24.68,2468,1,卖盘
1583,10:53:13,24.68,2468,1,卖盘
1584,10:53:19,24.68,4936,2,卖盘
1585,10:53:25,24.68,32084,13,卖盘
1586,10:53:28,24.68,2468,1,买盘
1587,10:53:31,24.68,4935,2,买盘
1588,10:53:37,24.67,46873,19,卖盘
1589,10:53:46,24.67,17269,7,买盘
1590,10:53:49,24.66,110970,45,卖盘
1591,10:53:52,24.66,4932,2,卖盘
1592,10:53:55,24.66,9864,4,卖盘
1593,10:53:58,24.67,32071,13,买盘
1594,10:54:04,24.67,46875,19,卖盘
1595,10:54:10,24.67,98665,40,买盘
1596,10:54:13,24.66,27133,11,卖盘
1597,10:54:16,24.66,113463,46,卖盘
1598,10:54:22,24.66,4932,2,卖盘
1599,10:54:25,24.66,88776,36,卖盘
1600,10:54:28,24.66,56718,23,买盘
1601,10:54:31,24.65,115855,47,卖盘
1602,10:54:34,24.65,4930,2,卖盘
1603,10:54:40,24.64,17250,7,卖盘
1604,10:54:43,24.64,19713,8,卖盘
1605,10:54:46,24.64,24640,10,卖盘
1606,10:54:49,24.65,41899,17,买盘
1607,10:55:01,24.65,41904,17,买盘
1608,10:55:04,24.64,14785,6,卖盘
1609,10:55:07,24.64,17248,7,卖盘
1610,10:55:10,24.67,727317,295,买盘
1611,10:55:13,24.66,24665,10,中性盘
1612,10:55:16,24.68,98713,40,买盘
1613,10:55:19,24.68,24680,10,买盘
1614,10:55:22,24.67,4934,2,卖盘
1615,10:55:28,24.68,27142,11,买盘
1616,10:55:31,24.68,9872,4,买盘
1617,10:55:34,24.68,12344,5,卖盘
1618,10:55:37,24.68,61723,25,卖盘
1619,10:55:40,24.7,44460,18,买盘
1620,10:55:46,24.69,2469,1,卖盘
1621,10:55:52,24.69,116031,47,卖盘
1622,10:55:55,24.71,205051,83,买盘
1623,10:55:58,24.71,12355,5,卖盘
1624,10:56:04,24.71,140888,57,卖盘
1625,10:56:07,24.71,2471,1,买盘
1626,10:56:10,24.71,195209,79,买盘
1627,10:56:13,24.71,175566,71,卖盘
1628,10:56:16,24.71,12355,5,卖盘
1629,10:56:19,24.72,2472,1,中性盘
1630,10:56:22,24.71,27185,11,卖盘
1631,10:56:25,24.71,24710,10,卖盘
1632,10:56:28,24.74,44526,18,买盘
1633,10:56:34,24.73,4946,2,中性盘
1634,10:56:37,24.73,7419,3,买盘
1635,10:56:40,24.71,9890,4,卖盘
1636,10:56:49,24.71,108724,44,买盘
1637,10:56:52,24.7,98830,40,卖盘
1638,10:56:55,24.72,17303,7,买盘
1639,10:56:58,24.71,22239,9,中性盘
1640,10:57:04,24.71,49410,20,买盘
1641,10:57:07,24.7,12350,5,卖盘
1642,10:57:10,24.68,323453,131,卖盘
1643,10:57:16,24.67,9869,4,卖盘
1644,10:57:19,24.67,7401,3,卖盘
1645,10:57:22,24.66,431702,175,卖盘
1646,10:57:25,24.65,29580,12,卖盘
1647,10:57:28,24.65,103629,42,卖盘
1648,10:57:31,24.67,24658,10,中性盘
1649,10:57:34,24.65,751326,305,卖盘
1650,10:57:37,24.65,22185,9,卖盘
1651,10:57:40,24.65,7395,3,卖盘
1652,10:57:43,24.65,14790,6,卖盘
1653,10:57:49,24.66,36990,15,卖盘
1654,10:57:52,24.66,39456,16,卖盘
1655,10:57:55,24.66,61650,25,卖盘
1656,10:57:58,24.66,14796,6,买盘
1657,10:58:04,24.65,14790,6,卖盘
1658,10:58:07,24.65,19720,8,卖盘
1659,10:58:10,24.65,32045,13,卖盘
1660,10:58:13,24.65,170124,69,卖盘
1661,10:58:16,24.65,17255,7,买盘
1662,10:58:22,24.68,24662,10,买盘
1663,10:58:25,24.65,24650,10,买盘
1664,10:58:31,24.65,24650,10,卖盘
1665,10:58:34,24.65,7395,3,卖盘
1666,10:58:37,24.65,12325,5,卖盘
1667,10:58:40,24.65,22185,9,卖盘
1668,10:58:43,24.65,17255,7,卖盘
1669,10:58:46,24.64,4928,2,卖盘
1670,10:58:49,24.65,12319,5,买盘
1671,10:58:52,24.62,36930,15,卖盘
1672,10:58:55,24.61,14768,6,卖盘
1673,10:59:01,24.6,738188,300,卖盘
1674,10:59:04,24.63,4926,2,中性盘
1675,10:59:07,24.61,125627,51,卖盘
1676,10:59:10,24.65,56678,23,买盘
1677,10:59:16,24.65,421492,171,买盘
1678,10:59:19,24.65,46840,19,卖盘
1679,10:59:22,24.66,83816,34,买盘
1680,10:59:28,24.67,12335,5,买盘
1681,10:59:31,24.66,29592,12,卖盘
1682,10:59:34,24.66,46859,19,卖盘
1683,10:59:37,24.66,2466,1,卖盘
1684,10:59:40,24.66,27126,11,卖盘
1685,10:59:43,24.66,22195,9,卖盘
1686,10:59:46,24.72,1120917,454,买盘
1687,10:59:49,24.74,116267,47,买盘
1688,10:59:52,24.72,44511,18,卖盘
1689,10:59:55,24.72,64272,26,卖盘
1690,10:59:58,24.72,145848,59,买盘
1691,11:00:01,24.75,138577,56,买盘
1692,11:00:04,24.75,106491,43,买盘
1693,11:00:07,24.75,32175,13,卖盘
1694,11:00:10,24.74,29698,12,卖盘
1695,11:00:13,24.74,131150,53,卖盘
1696,11:00:16,24.72,27196,11,卖盘
1697,11:00:25,24.71,29663,12,卖盘
1698,11:00:28,24.71,79073,32,卖盘
1699,11:00:31,24.71,4942,2,卖盘
1700,11:00:34,24.7,2470,1,卖盘
1701,11:00:37,24.69,7407,3,卖盘
1702,11:00:40,24.7,4939,2,买盘
1703,11:00:43,24.68,118452,48,卖盘
1704,11:00:46,24.68,81444,33,卖盘
1705,11:00:49,24.69,66638,27,买盘
1706,11:00:52,24.67,32079,13,卖盘
1707,11:00:58,24.67,71558,29,卖盘
1708,11:01:01,24.67,34538,14,卖盘
1709,11:01:04,24.66,12330,5,卖盘
1710,11:01:07,24.67,24666,10,买盘
1711,11:01:13,24.66,69066,28,卖盘
1712,11:01:22,24.66,2466,1,卖盘
1713,11:01:25,24.66,128232,52,卖盘
1714,11:01:28,24.66,9864,4,买盘
1715,11:01:31,24.63,108485,44,卖盘
1716,11:01:46,24.65,73945,30,买盘
1717,11:01:49,24.65,108460,44,买盘
1718,11:01:52,24.64,7392,3,卖盘
1719,11:01:55,24.64,17248,7,买盘
1720,11:01:58,24.65,308014,125,买盘
1721,11:02:01,24.66,579480,235,买盘
1722,11:02:04,24.68,27141,11,买盘
1723,11:02:07,24.7,182706,74,买盘
1724,11:02:10,24.72,91426,37,买盘
1725,11:02:13,24.72,4944,2,买盘
1726,11:02:19,24.7,2470,1,卖盘
1727,11:02:22,24.7,32110,13,卖盘
1728,11:02:25,24.7,9882,4,卖盘
1729,11:02:28,24.7,150762,61,卖盘
1730,11:02:31,24.72,41984,17,买盘
1731,11:02:34,24.72,51912,21,卖盘
1732,11:02:37,24.72,427656,173,卖盘
1733,11:02:40,24.72,29664,12,买盘
1734,11:02:43,24.7,54340,22,卖盘
1735,11:02:46,24.7,74100,30,买盘
1736,11:02:49,24.7,54338,22,买盘
1737,11:02:52,24.7,37047,15,买盘
1738,11:02:55,24.7,254410,103,买盘
1739,11:02:58,24.7,24685,10,买盘
1740,11:03:01,24.7,165479,67,买盘
1741,11:03:04,24.68,24681,10,卖盘
1742,11:03:07,24.69,34569,14,中性盘
1743,11:03:13,24.7,150669,61,买盘
1744,11:03:16,24.7,24700,10,卖盘
1745,11:03:19,24.7,7410,3,卖盘
1746,11:03:22,24.71,19766,8,买盘
1747,11:03:25,24.71,44478,18,买盘
1748,11:03:28,24.7,9881,4,卖盘
1749,11:03:31,24.71,24710,10,买盘
1750,11:03:34,24.7,106210,43,卖盘
1751,11:03:37,24.7,9880,4,买盘
1752,11:03:43,24.67,37015,15,卖盘
1753,11:03:46,24.7,246996,100,买盘
1754,11:03:49,24.67,29604,12,卖盘
1755,11:03:52,24.67,12335,5,买盘
1756,11:03:55,24.67,4934,2,买盘
1757,11:03:58,24.67,22203,9,买盘
1758,11:04:01,24.67,12335,5,卖盘
1759,11:04:04,24.68,27168,11,买盘
1760,11:04:10,24.68,12342,5,卖盘
1761,11:04:16,24.68,34552,14,卖盘
1762,11:04:22,24.68,12340,5,卖盘
1763,11:04:25,24.68,4936,2,卖盘
1764,11:04:31,24.69,9876,4,买盘
1765,11:04:37,24.69,106168,43,卖盘
1766,11:04:40,24.69,86415,35,卖盘
1767,11:04:46,24.68,24680,10,卖盘
1768,11:04:49,24.68,14808,6,卖盘
1769,11:04:52,24.68,24680,10,买盘
1770,11:04:55,24.68,2468,1,买盘
1771,11:04:58,24.68,125868,51,买盘
1772,11:05:01,24.7,647039,262,买盘
1773,11:05:04,24.72,951377,385,买盘
1774,11:05:07,24.71,14830,6,卖盘
1775,11:05:10,24.73,19781,8,买盘
1776,11:05:13,24.72,9888,4,卖盘
1777,11:05:16,24.73,32149,13,买盘
1778,11:05:19,24.73,19784,8,卖盘
1779,11:05:22,24.74,4948,2,买盘
1780,11:05:25,24.74,27213,11,买盘
1781,11:05:28,24.73,27202,11,卖盘
1782,11:05:31,24.73,27203,11,买盘
1783,11:05:34,24.73,123649,50,买盘
1784,11:05:40,24.73,121198,49,买盘
1785,11:05:43,24.74,7422,3,买盘
1786,11:05:46,24.74,19787,8,买盘
1787,11:05:52,24.74,210290,85,买盘
1788,11:05:55,24.74,17318,7,买盘
1789,11:05:58,24.74,44530,18,买盘
1790,11:06:01,24.74,69252,28,买盘
1791,11:06:04,24.74,12370,5,卖盘
1792,11:06:16,24.73,12365,5,卖盘
1793,11:06:19,24.74,19785,8,买盘
1794,11:06:22,24.73,249773,101,卖盘
1795,11:06:25,24.73,126123,51,卖盘
1796,11:06:28,24.73,24730,10,买盘
1797,11:06:31,24.72,9888,4,卖盘
1798,11:06:34,24.73,27195,11,买盘
1799,11:06:37,24.72,17304,7,卖盘
1800,11:06:40,24.72,224952,91,卖盘
1801,11:06:43,24.72,98880,40,卖盘
1802,11:06:46,24.72,195289,79,卖盘
1803,11:06:49,24.72,145848,59,卖盘
1804,11:06:52,24.72,42024,17,卖盘
1805,11:06:55,24.7,298986,121,卖盘
1806,11:06:58,24.7,46930,19,卖盘
1807,11:07:01,24.7,570571,231,卖盘
1808,11:07:04,24.68,2468,1,卖盘
1809,11:07:10,24.68,32084,13,卖盘
1810,11:07:13,24.67,4934,2,卖盘
1811,11:07:16,24.66,32070,13,卖盘
1812,11:07:25,24.66,76446,31,卖盘
1813,11:07:28,24.66,49317,20,中性盘
1814,11:07:31,24.66,12330,5,买盘
1815,11:07:34,24.66,27126,11,买盘
1816,11:07:37,24.65,17255,7,卖盘
1817,11:07:40,24.65,54232,22,卖盘
1818,11:07:46,24.66,39456,16,买盘
1819,11:07:49,24.65,32047,13,卖盘
1820,11:07:52,24.65,24650,10,卖盘
1821,11:07:55,24.66,46849,19,买盘
1822,11:07:58,24.65,29585,12,卖盘
1823,11:08:01,24.66,12330,5,卖盘
1824,11:08:04,24.66,24660,10,买盘
1825,11:08:07,24.67,32061,13,买盘
1826,11:08:10,24.66,34524,14,卖盘
1827,11:08:13,24.67,61674,25,买盘
1828,11:08:16,24.67,7401,3,卖盘
1829,11:08:19,24.67,27137,11,卖盘
1830,11:08:22,24.67,2467,1,卖盘
1831,11:08:28,24.67,14802,6,卖盘
1832,11:08:34,24.67,22207,9,卖盘
1833,11:08:37,24.67,22203,9,卖盘
1834,11:08:43,24.68,7404,3,买盘
1835,11:08:46,24.67,2467,1,卖盘
1836,11:08:49,24.67,17269,7,买盘
1837,11:08:58,24.66,2466,1,卖盘
1838,11:09:04,24.66,24660,10,卖盘
1839,11:09:10,24.66,91242,37,卖盘
1840,11:09:16,24.66,29592,12,卖盘
1841,11:09:25,24.66,64124,26,卖盘
1842,11:09:28,24.67,155418,63,买盘
1843,11:09:31,24.68,4936,2,买盘
1844,11:09:40,24.68,49360,20,买盘
1845,11:09:43,24.68,7404,3,卖盘
1846,11:09:52,24.66,350263,142,卖盘
1847,11:09:55,24.66,27126,11,买盘
1848,11:09:58,24.7,333152,135,买盘
1849,11:10:01,24.7,113620,46,卖盘
1850,11:10:04,24.71,86485,35,买盘
1851,11:10:07,24.72,140900,57,买盘
1852,11:10:10,24.74,309159,125,买盘
1853,11:10:13,24.74,1127342,456,买盘
1854,11:10:16,24.73,14838,6,中性盘
1855,11:10:19,24.73,4946,2,买盘
1856,11:10:22,24.73,49465,20,买盘
1857,11:10:25,24.73,4946,2,卖盘
1858,11:10:31,24.78,863918,349,买盘
1859,11:10:34,24.73,22260,9,卖盘
1860,11:10:37,24.73,51933,21,买盘
1861,11:10:40,24.74,22266,9,卖盘
1862,11:10:46,24.74,7422,3,买盘
1863,11:10:49,24.74,22266,9,买盘
1864,11:10:52,24.74,61850,25,买盘
1865,11:10:55,24.76,17331,7,买盘
1866,11:10:58,24.74,14850,6,卖盘
1867,11:11:04,24.76,76750,31,买盘
1868,11:11:07,24.76,19808,8,卖盘
1869,11:11:10,24.76,19808,8,卖盘
1870,11:11:13,24.78,188304,76,买盘
1871,11:11:16,24.76,84244,34,卖盘
1872,11:11:19,24.76,275114,111,买盘
1873,11:11:22,24.77,14862,6,中性盘
1874,11:11:28,24.78,64410,26,买盘
1875,11:11:31,24.77,9908,4,中性盘
1876,11:11:34,24.77,47063,19,买盘
1877,11:11:37,24.78,2478,1,买盘
1878,11:11:40,24.78,29727,12,买盘
1879,11:11:43,24.77,19816,8,卖盘
1880,11:11:46,24.77,86693,35,买盘
1881,11:11:49,24.77,24762,10,买盘
1882,11:11:52,24.77,12385,5,买盘
1883,11:11:55,24.76,126297,51,卖盘
1884,11:11:58,24.76,4952,2,买盘
1885,11:12:04,24.75,34656,14,卖盘
1886,11:12:07,24.74,232555,94,卖盘
1887,11:12:10,24.73,4946,2,卖盘
1888,11:12:13,24.72,150890,61,卖盘
1889,11:12:16,24.72,9888,4,卖盘
1890,11:12:19,24.72,4944,2,卖盘
1891,11:12:22,24.72,59328,24,买盘
1892,11:12:25,24.72,2472,1,中性盘
1893,11:12:28,24.72,12358,5,买盘
1894,11:12:31,24.73,37095,15,买盘
1895,11:12:34,24.72,19779,8,卖盘
1896,11:12:37,24.72,32137,13,卖盘
1897,11:12:40,24.73,76663,31,买盘
1898,11:12:46,24.73,66771,27,卖盘
1899,11:12:49,24.73,44514,18,卖盘
1900,11:12:55,24.73,4946,2,买盘
1901,11:12:58,24.72,4944,2,卖盘
1902,11:13:04,24.72,103824,42,卖盘
1903,11:13:10,24.72,27192,11,卖盘
1904,11:13:16,24.72,24721,10,卖盘
1905,11:13:19,24.72,44500,18,卖盘
1906,11:13:25,24.72,7416,3,买盘
1907,11:13:28,24.73,432763,175,买盘
1908,11:13:31,24.74,14839,6,买盘
1909,11:13:34,24.74,44532,18,买盘
1910,11:13:40,24.74,24740,10,买盘
1911,11:13:43,24.74,2474,1,买盘
1912,11:13:46,24.74,19790,8,买盘
1913,11:13:49,24.73,27204,11,卖盘
1914,11:13:52,24.73,61828,25,卖盘
1915,11:13:55,24.73,175612,71,卖盘
1916,11:14:01,24.73,9892,4,卖盘
1917,11:14:04,24.73,2473,1,中性盘
1918,11:14:07,24.73,4946,2,买盘
1919,11:14:16,24.73,29676,12,买盘
1920,11:14:22,24.73,12365,5,卖盘
1921,11:14:25,24.73,4946,2,卖盘
1922,11:14:31,24.74,34636,14,买盘
1923,11:14:34,24.74,69268,28,买盘
1924,11:14:37,24.74,69272,28,买盘
1925,11:14:40,24.74,2474,1,买盘
1926,11:14:43,24.73,2473,1,卖盘
1927,11:14:49,24.74,14839,6,买盘
1928,11:14:52,24.73,19784,8,卖盘
1929,11:14:58,24.74,116266,47,买盘
1930,11:15:01,24.74,2474,1,买盘
1931,11:15:04,24.73,9892,4,卖盘
1932,11:15:07,24.74,37110,15,买盘
1933,11:15:10,24.73,61825,25,卖盘
1934,11:15:13,24.74,24740,10,买盘
1935,11:15:16,24.73,22257,9,卖盘
1936,11:15:22,24.73,140962,57,卖盘
1937,11:15:25,24.74,69264,28,买盘
1938,11:15:28,24.74,74210,30,买盘
1939,11:15:31,24.73,4946,2,卖盘
1940,11:15:34,24.73,27213,11,卖盘
1941,11:15:37,24.73,32149,13,卖盘
1942,11:15:40,24.73,7419,3,卖盘
1943,11:15:43,24.73,76639,31,买盘
1944,11:15:46,24.73,61825,25,卖盘
1945,11:15:49,24.73,34617,14,买盘
1946,11:15:58,24.72,22248,9,卖盘
1947,11:16:01,24.72,22248,9,卖盘
1948,11:16:04,24.72,19776,8,卖盘
1949,11:16:10,24.72,22248,9,买盘
1950,11:16:13,24.71,14827,6,卖盘
1951,11:16:16,24.7,412566,167,卖盘
1952,11:16:19,24.7,4940,2,买盘
1953,11:16:22,24.69,17283,7,卖盘
1954,11:16:25,24.69,4938,2,买盘
1955,11:16:37,24.68,24680,10,卖盘
1956,11:16:46,24.68,19744,8,卖盘
1957,11:16:55,24.69,51848,21,买盘
1958,11:16:58,24.68,12338,5,卖盘
1959,11:17:04,24.68,93778,38,买盘
1960,11:17:07,24.69,29628,12,买盘
1961,11:17:13,24.68,14810,6,卖盘
1962,11:17:16,24.68,32091,13,卖盘
1963,11:17:22,24.68,76508,31,卖盘
1964,11:17:25,24.68,32084,13,卖盘
1965,11:17:28,24.68,24680,10,卖盘
1966,11:17:34,24.68,22212,9,卖盘
1967,11:17:37,24.68,29614,12,买盘
1968,11:17:43,24.67,69079,28,卖盘
1969,11:17:49,24.66,88782,36,卖盘
1970,11:17:55,24.67,4934,2,买盘
1971,11:18:01,24.67,19736,8,买盘
1972,11:18:04,24.67,49321,20,买盘
1973,11:18:07,24.67,4934,2,买盘
1974,11:18:16,24.67,14803,6,卖盘
1975,11:18:19,24.66,9867,4,卖盘
1976,11:18:22,24.67,591799,240,买盘
1977,11:18:25,24.66,4932,2,中性盘
1978,11:18:28,24.64,507716,206,卖盘
1979,11:18:31,24.66,96134,39,买盘
1980,11:18:34,24.65,29578,12,中性盘
1981,11:18:37,24.64,290752,118,卖盘
1982,11:18:43,24.62,325082,132,卖盘
1983,11:18:46,24.65,108390,44,买盘
1984,11:18:49,24.65,22178,9,买盘
1985,11:18:52,24.64,39424,16,卖盘
1986,11:18:55,24.64,4928,2,卖盘
1987,11:19:01,24.64,9856,4,卖盘
1988,11:19:04,24.63,24635,10,卖盘
1989,11:19:07,24.63,44339,18,卖盘
1990,11:19:10,24.63,100983,41,卖盘
1991,11:19:13,24.63,9852,4,卖盘
1992,11:19:16,24.65,32045,13,买盘
1993,11:19:25,24.64,128077,52,买盘
1994,11:19:34,24.64,14784,6,卖盘
1995,11:19:37,24.64,88728,36,卖盘
1996,11:19:43,24.64,24644,10,卖盘
1997,11:19:46,24.64,2464,1,卖盘
1998,11:19:52,24.64,64072,26,卖盘
1999,11:19:58,24.66,7398,3,买盘
2000,11:20:01,24.66,4932,2,买盘
2001,11:20:04,24.67,19736,8,买盘
2002,11:20:07,24.67,4934,2,买盘
2003,11:20:10,24.64,4928,2,卖盘
2004,11:20:13,24.64,41894,17,卖盘
2005,11:20:19,24.63,2463,1,卖盘
2006,11:20:25,24.63,32019,13,卖盘
2007,11:20:28,24.62,4924,2,卖盘
2008,11:20:31,24.62,39392,16,卖盘
2009,11:20:34,24.62,501975,204,卖盘
2010,11:20:37,24.62,24620,10,卖盘
2011,11:20:40,24.6,248460,101,卖盘
2012,11:20:43,24.59,4918,2,卖盘
2013,11:20:49,24.59,29508,12,卖盘
2014,11:20:52,24.59,31969,13,卖盘
2015,11:20:55,24.6,29512,12,买盘
2016,11:20:58,24.6,9840,4,买盘
2017,11:21:01,24.59,39345,16,卖盘
2018,11:21:04,24.59,7377,3,卖盘
2019,11:21:07,24.59,9836,4,买盘
2020,11:21:10,24.59,31967,13,买盘
2021,11:21:13,24.59,36879,15,卖盘
2022,11:21:16,24.59,22131,9,卖盘
2023,11:21:22,24.58,24589,10,卖盘
2024,11:21:25,24.58,329374,134,卖盘
2025,11:21:28,24.58,14749,6,卖盘
2026,11:21:31,24.59,2459,1,买盘
2027,11:21:34,24.6,2070692,843,买盘
2028,11:21:40,24.62,41848,17,买盘
2029,11:21:43,24.62,12310,5,卖盘
2030,11:21:46,24.64,9853,4,买盘
2031,11:21:49,24.63,32041,13,卖盘
2032,11:21:52,24.63,24630,10,卖盘
2033,11:21:55,24.63,27093,11,买盘
2034,11:21:58,24.63,1021020,415,买盘
2035,11:22:01,24.6,270875,110,卖盘
2036,11:22:04,24.59,73780,30,卖盘
2037,11:22:10,24.59,19673,8,卖盘
2038,11:22:13,24.6,14760,6,买盘
2039,11:22:16,24.59,17213,7,卖盘
2040,11:22:19,24.58,211378,86,卖盘
2041,11:22:22,24.58,9831,4,买盘
2042,11:22:28,24.57,17199,7,买盘
2043,11:22:31,24.57,12282,5,卖盘
2044,11:22:40,24.56,122842,50,卖盘
2045,11:22:43,24.56,2456,1,卖盘
2046,11:22:46,24.56,14738,6,卖盘
2047,11:22:49,24.56,88416,36,卖盘
2048,11:22:55,24.56,130168,53,卖盘
2049,11:22:58,24.56,73680,30,买盘
2050,11:23:01,24.56,223529,91,买盘
2051,11:23:04,24.57,41785,17,中性盘
2052,11:23:19,24.58,9832,4,买盘
2053,11:23:25,24.6,1109370,451,买盘
2054,11:23:28,24.63,2463,1,买盘
2055,11:23:31,24.6,223893,91,卖盘
2056,11:23:34,24.6,607620,247,买盘
2057,11:23:37,24.6,172200,70,买盘
2058,11:23:43,24.63,2463,1,中性盘
2059,11:23:46,24.64,19703,8,买盘
2060,11:23:49,24.65,22177,9,买盘
2061,11:23:55,24.64,2464,1,中性盘
2062,11:23:58,24.61,2461,1,卖盘
2063,11:24:01,24.61,31997,13,卖盘
2064,11:24:04,24.64,12320,5,买盘
2065,11:24:10,24.64,64061,26,买盘
2066,11:24:13,24.59,452618,184,卖盘
2067,11:24:16,24.59,2459,1,买盘
2068,11:24:22,24.58,61453,25,卖盘
2069,11:24:25,24.58,2458,1,买盘
2070,11:24:31,24.58,22122,9,买盘
2071,11:24:37,24.57,144971,59,卖盘
2072,11:24:40,24.58,29504,12,中性盘
2073,11:24:43,24.61,538525,219,买盘
2074,11:24:55,24.6,17227,7,卖盘
2075,11:24:58,24.6,7380,3,卖盘
2076,11:25:01,24.61,452821,184,买盘
2077,11:25:07,24.6,2460,1,买盘
2078,11:25:16,24.58,2458,1,卖盘
2079,11:25:19,24.6,14760,6,买盘
2080,11:25:25,24.58,7374,3,卖盘
2081,11:25:28,24.6,17220,7,买盘
2082,11:25:31,24.59,2459,1,中性盘
2083,11:25:34,24.6,9840,4,买盘
2084,11:25:37,24.58,122910,50,卖盘
2085,11:25:46,24.58,7374,3,卖盘
2086,11:25:52,24.59,31968,13,卖盘
2087,11:25:55,24.6,24600,10,买盘
2088,11:26:01,24.6,9840,4,买盘
2089,11:26:04,24.6,9840,4,买盘
2090,11:26:16,24.55,1006795,410,卖盘
2091,11:26:22,24.59,2459,1,买盘
2092,11:26:25,24.58,14749,6,卖盘
2093,11:26:34,24.58,51615,21,买盘
2094,11:26:37,24.58,4916,2,买盘
2095,11:26:40,24.56,3225952,1316,卖盘
2096,11:26:43,24.56,34388,14,中性盘
2097,11:26:46,24.57,2457,1,卖盘
2098,11:26:49,24.56,17192,7,买盘
2099,11:26:52,24.56,36840,15,卖盘
2100,11:26:58,24.57,120390,49,买盘
2101,11:27:01,24.56,12284,5,卖盘
2102,11:27:04,24.56,24560,10,卖盘
2103,11:27:07,24.57,24570,10,买盘
2104,11:27:10,24.57,17199,7,买盘
2105,11:27:13,24.56,41762,17,卖盘
2106,11:27:16,24.57,24570,10,中性盘
2107,11:27:19,24.56,24560,10,卖盘
2108,11:27:22,24.58,172008,70,买盘
2109,11:27:34,24.57,19656,8,卖盘
2110,11:27:37,24.56,27032,11,卖盘
2111,11:27:40,24.56,4912,2,卖盘
2112,11:27:43,24.57,2457,1,买盘
2113,11:27:46,24.56,85964,35,卖盘
2114,11:27:49,24.57,39300,16,买盘
2115,11:27:52,24.56,36852,15,卖盘
2116,11:27:58,24.56,41752,17,卖盘
2117,11:28:01,24.58,147390,60,买盘
2118,11:28:04,24.57,2457,1,中性盘
2119,11:28:13,24.56,41760,17,卖盘
2120,11:28:16,24.57,22113,9,买盘
2121,11:28:25,24.57,9827,4,中性盘
2122,11:28:28,24.57,4914,2,买盘
2123,11:28:31,24.59,14748,6,买盘
2124,11:28:34,24.56,29472,12,卖盘
2125,11:28:37,24.56,19656,8,卖盘
2126,11:28:43,24.56,14740,6,卖盘
2127,11:28:46,24.56,4912,2,卖盘
2128,11:28:52,24.57,4914,2,中性盘
2129,11:28:55,24.56,4912,2,卖盘
2130,11:29:04,24.56,17192,7,卖盘
2131,11:29:07,24.56,2456,1,卖盘
2132,11:29:10,24.58,2458,1,买盘
2133,11:29:16,24.58,9829,4,买盘
2134,11:29:19,24.58,169534,69,买盘
2135,11:29:25,24.56,85985,35,卖盘
2136,11:29:28,24.57,4915,2,中性盘
2137,11:29:31,24.57,4914,2,卖盘
2138,11:29:34,24.56,51589,21,卖盘
2139,11:29:37,24.58,2458,1,买盘
2140,11:29:40,24.56,2456,1,卖盘
2141,11:29:43,24.58,17206,7,买盘
2142,11:29:46,24.56,176836,72,卖盘
2143,11:29:49,24.58,2458,1,买盘
2144,11:29:55,24.57,12285,5,卖盘
2145,11:29:58,24.56,68768,28,卖盘
2146,11:30:01,24.56,9824,4,买盘
2147,13:00:01,24.56,115476,47,买盘
2148,13:00:04,24.56,218584,89,卖盘
2149,13:00:07,24.56,147362,60,卖盘
2150,13:00:10,24.56,361228,147,卖盘
2151,13:00:16,24.56,2456,1,卖盘
2152,13:00:19,24.56,130168,53,卖盘
2153,13:00:22,24.56,29472,12,卖盘
2154,13:00:25,24.59,95901,39,买盘
2155,13:00:28,24.59,4917,2,买盘
2156,13:00:31,24.57,9828,4,卖盘
2157,13:00:34,24.59,297539,121,买盘
2158,13:00:37,24.57,31963,13,卖盘
2159,13:00:40,24.59,9836,4,买盘
2160,13:00:43,24.57,2457,1,卖盘
2161,13:00:49,24.57,2457,1,卖盘
2162,13:00:52,24.57,4914,2,卖盘
2163,13:00:58,24.57,31941,13,卖盘
2164,13:01:01,24.56,2456,1,卖盘
2165,13:01:04,24.56,12280,5,卖盘
2166,13:01:07,24.56,61406,25,卖盘
2167,13:01:10,24.55,9823,4,卖盘
2168,13:01:13,24.56,51576,21,买盘
2169,13:01:16,24.55,88380,36,卖盘
2170,13:01:19,24.55,9820,4,卖盘
2171,13:01:22,24.55,12275,5,卖盘
2172,13:01:25,24.56,19648,8,买盘
2173,13:01:28,24.55,34370,14,卖盘
2174,13:01:31,24.55,14730,6,卖盘
2175,13:01:34,24.55,49100,20,卖盘
2176,13:01:37,24.55,27005,11,买盘
2177,13:01:40,24.55,54007,22,买盘
2178,13:01:43,24.55,22098,9,卖盘
2179,13:01:46,24.55,7365,3,卖盘
2180,13:01:49,24.56,14733,6,买盘
2181,13:01:52,24.55,46645,19,卖盘
2182,13:01:55,24.55,2455,1,卖盘
2183,13:01:58,24.55,2455,1,买盘
2184,13:02:01,24.55,51535,21,买盘
2185,13:02:04,24.54,49090,20,卖盘
2186,13:02:07,24.54,29448,12,买盘
2187,13:02:10,24.53,31889,13,卖盘
2188,13:02:13,24.54,4908,2,买盘
2189,13:02:16,24.53,93214,38,卖盘
2190,13:02:19,24.53,14718,6,卖盘
2191,13:02:22,24.53,83402,34,卖盘
2192,13:02:28,24.51,112782,46,卖盘
2193,13:02:31,24.52,19616,8,买盘
2194,13:02:34,24.52,26962,11,买盘
2195,13:02:37,24.51,31863,13,卖盘
2196,13:02:40,24.51,12255,5,卖盘
2197,13:02:43,24.51,7353,3,卖盘
2198,13:02:46,24.51,85785,35,卖盘
2199,13:02:49,24.51,19608,8,卖盘
2200,13:02:52,24.51,9804,4,卖盘
2201,13:02:55,24.51,2451,1,卖盘
2202,13:02:58,24.51,169119,69,卖盘
2203,13:03:01,24.51,56373,23,卖盘
2204,13:03:04,24.51,22059,9,卖盘
2205,13:03:07,24.51,235296,96,卖盘
2206,13:03:10,24.5,17152,7,卖盘
2207,13:03:13,24.5,39213,16,卖盘
2208,13:03:16,24.5,26950,11,卖盘
2209,13:03:19,24.5,41652,17,卖盘
2210,13:03:22,24.5,1271552,519,卖盘
2211,13:03:25,24.5,316037,129,卖盘
2212,13:03:28,24.5,49000,20,卖盘
2213,13:03:31,24.5,63700,26,卖盘
2214,13:03:37,24.5,117561,48,买盘
2215,13:03:40,24.48,22043,9,卖盘
2216,13:03:43,24.49,9796,4,中性盘
2217,13:03:46,24.48,26936,11,卖盘
2218,13:03:49,24.48,208109,85,卖盘
2219,13:03:52,24.48,36720,15,买盘
2220,13:03:55,24.49,7347,3,买盘
2221,13:03:58,24.49,24490,10,卖盘
2222,13:04:04,24.49,4898,2,卖盘
2223,13:04:07,24.52,593102,242,买盘
2224,13:04:10,24.52,117664,48,买盘
2225,13:04:13,24.52,29424,12,买盘
2226,13:04:16,24.52,31866,13,买盘
2227,13:04:19,24.51,267264,109,卖盘
2228,13:04:22,24.52,26972,11,买盘
2229,13:04:25,24.51,7353,3,卖盘
2230,13:04:28,24.51,68630,28,卖盘
2231,13:04:31,24.51,14706,6,买盘
2232,13:04:34,24.52,14712,6,买盘
2233,13:04:37,24.52,63729,26,买盘
2234,13:04:40,24.51,26961,11,卖盘
2235,13:04:43,24.51,2451,1,买盘
2236,13:04:46,24.51,19608,8,买盘
2237,13:04:49,24.51,9804,4,卖盘
2238,13:04:52,24.51,9804,4,买盘
2239,13:04:58,24.51,4902,2,买盘
2240,13:05:01,24.51,4902,2,买盘
2241,13:05:04,24.51,36752,15,买盘
2242,13:05:07,24.51,26961,11,买盘
2243,13:05:10,24.49,129836,53,卖盘
2244,13:05:13,24.5,22047,9,买盘
2245,13:05:19,24.49,61260,25,卖盘
2246,13:05:22,24.49,58771,24,买盘
2247,13:05:25,24.49,51429,21,卖盘
2248,13:05:28,24.48,100372,41,卖盘
2249,13:05:34,24.49,34284,14,买盘
2250,13:05:37,24.5,58761,24,买盘
2251,13:05:40,24.48,36725,15,卖盘
2252,13:05:43,24.5,124945,51,买盘
2253,13:05:46,24.5,105350,43,卖盘
2254,13:05:49,24.49,12245,5,卖盘
2255,13:05:52,24.49,14694,6,卖盘
2256,13:05:55,24.49,2449,1,买盘
2257,13:05:58,24.48,68544,28,卖盘
2258,13:06:01,24.48,171371,70,卖盘
2259,13:06:07,24.47,2447,1,卖盘
2260,13:06:10,24.47,31811,13,卖盘
2261,13:06:13,24.47,70963,29,卖盘
2262,13:06:16,24.47,26917,11,卖盘
2263,13:06:22,24.46,141874,58,卖盘
2264,13:06:25,24.46,31798,13,卖盘
2265,13:06:28,24.47,137007,56,买盘
2266,13:06:31,24.45,215207,88,卖盘
2267,13:06:34,24.45,41579,17,卖盘
2268,13:06:37,24.45,635714,260,卖盘
2269,13:06:40,24.45,359269,147,卖盘
2270,13:06:43,24.45,2445,1,买盘
2271,13:06:46,24.43,161302,66,卖盘
2272,13:06:49,24.45,2445,1,卖盘
2273,13:06:52,24.45,48900,20,卖盘
2274,13:06:55,24.45,46455,19,卖盘
2275,13:06:58,24.45,61125,25,卖盘
2276,13:07:01,24.45,29338,12,买盘
2277,13:07:04,24.45,9782,4,卖盘
2278,13:07:07,24.46,36684,15,买盘
2279,13:07:10,24.46,134526,55,买盘
2280,13:07:13,24.45,41572,17,卖盘
2281,13:07:19,24.47,2447,1,买盘
2282,13:07:22,24.46,26906,11,卖盘
2283,13:07:25,24.46,2446,1,买盘
2284,13:07:28,24.46,4892,2,买盘
2285,13:07:31,24.46,88030,36,买盘
2286,13:07:34,24.45,83142,34,卖盘
2287,13:07:40,24.45,2445,1,卖盘
2288,13:07:43,24.46,2446,1,买盘
2289,13:07:46,24.45,4890,2,卖盘
2290,13:07:49,24.45,2445,1,卖盘
2291,13:07:52,24.45,195600,80,卖盘
2292,13:07:55,24.44,26894,11,卖盘
2293,13:07:58,24.44,4888,2,卖盘
2294,13:08:01,24.45,124655,51,买盘
2295,13:08:04,24.44,68432,28,卖盘
2296,13:08:07,24.43,156367,64,卖盘
2297,13:08:10,24.43,39090,16,卖盘
2298,13:08:13,24.43,14662,6,卖盘
2299,13:08:16,24.43,217427,89,卖盘
2300,13:08:19,24.43,19551,8,卖盘
2301,13:08:22,24.43,124608,51,卖盘
2302,13:08:25,24.43,14658,6,卖盘
2303,13:08:31,24.45,21999,9,买盘
2304,13:08:34,24.43,19550,8,卖盘
2305,13:08:37,24.45,4890,2,买盘
2306,13:08:40,24.44,83109,34,卖盘
2307,13:08:43,24.44,43992,18,买盘
2308,13:08:46,24.44,21996,9,买盘
2309,13:08:49,24.43,141704,58,卖盘
2310,13:08:52,24.43,266293,109,卖盘
2311,13:08:55,24.43,796457,326,卖盘
2312,13:08:58,24.43,70847,29,买盘
2313,13:09:01,24.43,29316,12,买盘
2314,13:09:04,24.43,85505,35,买盘
2315,13:09:07,24.44,12219,5,买盘
2316,13:09:10,24.44,14659,6,买盘
2317,13:09:13,24.45,12224,5,买盘
2318,13:09:19,24.45,46455,19,买盘
2319,13:09:22,24.44,19559,8,卖盘
2320,13:09:25,24.44,56226,23,卖盘
2321,13:09:28,24.45,4890,2,买盘
2322,13:09:31,24.45,58680,24,买盘
2323,13:09:34,24.45,2445,1,买盘
2324,13:09:37,24.45,17115,7,买盘
2325,13:09:40,24.45,51342,21,买盘
2326,13:09:43,24.45,29340,12,买盘
2327,13:09:46,24.45,24450,10,买盘
2328,13:09:49,24.45,29340,12,买盘
2329,13:09:52,24.45,29340,12,买盘
2330,13:09:55,24.45,97794,40,买盘
2331,13:09:58,24.44,202911,83,卖盘
2332,13:10:01,24.45,70902,29,买盘
2333,13:10:04,24.44,351950,144,卖盘
2334,13:10:07,24.44,58656,24,买盘
2335,13:10:10,24.44,63544,26,买盘
2336,13:10:16,24.45,48896,20,买盘
2337,13:10:19,24.45,139365,57,买盘
2338,13:10:22,24.45,48900,20,买盘
2339,13:10:25,24.45,44010,18,买盘
2340,13:10:28,24.46,29352,12,买盘
2341,13:10:31,24.45,158930,65,卖盘
2342,13:10:34,24.45,9782,4,卖盘
2343,13:10:37,24.46,24460,10,买盘
2344,13:10:40,24.45,144266,59,卖盘
2345,13:10:43,24.45,151597,62,卖盘
2346,13:10:46,24.46,34244,14,买盘
2347,13:10:52,24.46,9784,4,卖盘
2348,13:10:58,24.46,29357,12,卖盘
2349,13:11:01,24.47,129681,53,买盘
2350,13:11:07,24.48,68534,28,买盘
2351,13:11:10,24.48,4896,2,中性盘
2352,13:11:13,24.48,239904,98,卖盘
2353,13:11:16,24.48,26928,11,买盘
2354,13:11:19,24.48,61200,25,买盘
2355,13:11:22,24.43,3001765,1228,卖盘
2356,13:11:25,24.47,85541,35,买盘
2357,13:11:28,24.43,2443,1,中性盘
2358,13:11:34,24.44,68428,28,买盘
2359,13:11:37,24.43,185786,76,卖盘
2360,13:11:40,24.43,95278,39,卖盘
2361,13:11:43,24.43,139252,57,卖盘
2362,13:11:46,24.43,26874,11,卖盘
2363,13:11:49,24.43,95303,39,卖盘
2364,13:11:52,24.43,53751,22,卖盘
2365,13:11:55,24.43,31759,13,卖盘
2366,13:11:58,24.43,36645,15,卖盘
2367,13:12:01,24.44,68432,28,买盘
2368,13:12:04,24.43,63524,26,卖盘
2369,13:12:07,24.43,2443,1,买盘
2370,13:12:10,24.43,26873,11,买盘
2371,13:12:13,24.43,63518,26,卖盘
2372,13:12:16,24.43,36645,15,卖盘
2373,13:12:19,24.43,29317,12,卖盘
2374,13:12:22,24.44,87970,36,买盘
2375,13:12:25,24.44,39104,16,买盘
2376,13:12:31,24.44,92862,38,买盘
2377,13:12:34,24.44,109980,45,卖盘
2378,13:12:37,24.44,43992,18,卖盘
2379,13:12:40,24.45,7335,3,买盘
2380,13:12:43,24.44,7332,3,卖盘
2381,13:12:46,24.44,241979,99,卖盘
2382,13:12:49,24.44,1099800,450,卖盘
2383,13:12:52,24.44,212556,87,买盘
2384,13:12:55,24.43,4886,2,卖盘
2385,13:12:58,24.44,26877,11,买盘
2386,13:13:01,24.44,29327,12,买盘
2387,13:13:04,24.44,324957,133,买盘
2388,13:13:07,24.43,537301,220,买盘
2389,13:13:10,24.43,46423,19,卖盘
2390,13:13:13,24.42,124577,51,买盘
2391,13:13:16,24.42,39072,16,买盘
2392,13:13:19,24.43,681060,279,买盘
2393,13:13:22,24.41,1228086,503,卖盘
2394,13:13:28,24.4,170800,70,卖盘
2395,13:13:31,24.41,41482,17,买盘
2396,13:13:34,24.41,39046,16,买盘
2397,13:13:37,24.4,29282,12,卖盘
2398,13:13:43,24.4,141520,58,卖盘
2399,13:13:46,24.4,300132,123,卖盘
2400,13:13:49,24.4,9760,4,卖盘
2401,13:13:52,24.4,78105,32,卖盘
2402,13:13:55,24.4,112253,46,卖盘
2403,13:13:58,24.4,29284,12,卖盘
2404,13:14:01,24.36,4713882,1933,卖盘
2405,13:14:04,24.35,937482,385,卖盘
2406,13:14:07,24.35,297083,122,卖盘
2407,13:14:10,24.36,160736,66,买盘
2408,13:14:13,24.35,270313,111,卖盘
2409,13:14:16,24.36,124196,51,买盘
2410,13:14:19,24.35,197270,81,卖盘
2411,13:14:22,24.35,34099,14,卖盘
2412,13:14:25,24.35,645299,265,卖盘
2413,13:14:28,24.35,613649,252,卖盘
2414,13:14:31,24.35,70615,29,买盘
2415,13:14:34,24.34,160663,66,卖盘
2416,13:14:37,24.34,440577,181,卖盘
2417,13:14:40,24.34,38948,16,卖盘
2418,13:14:43,24.34,177672,73,卖盘
2419,13:14:46,24.34,77888,32,卖盘
2420,13:14:49,24.34,121690,50,买盘
2421,13:14:52,24.33,111948,46,卖盘
2422,13:14:55,24.34,382062,157,买盘
2423,13:14:58,24.3,2852746,1173,卖盘
2424,13:15:01,24.3,498156,205,卖盘
2425,13:15:04,24.3,1015756,418,卖盘
2426,13:15:07,24.28,279330,115,卖盘
2427,13:15:10,24.3,1263310,520,买盘
2428,13:15:13,24.3,60734,25,买盘
2429,13:15:16,24.31,333030,137,买盘
2430,13:15:19,24.33,343025,141,买盘
2431,13:15:22,24.33,102168,42,买盘
2432,13:15:25,24.33,17031,7,买盘
2433,13:15:28,24.33,428184,176,买盘
2434,13:15:31,24.33,109485,45,买盘
2435,13:15:34,24.32,53516,22,卖盘
2436,13:15:37,24.33,150826,62,买盘
2437,13:15:40,24.31,367256,151,卖盘
2438,13:15:43,24.32,119168,49,买盘
2439,13:15:46,24.33,170299,70,买盘
2440,13:15:49,24.33,184883,76,买盘
2441,13:15:52,24.33,63266,26,中性盘
2442,13:15:55,24.33,24330,10,卖盘
2443,13:15:58,24.34,53543,22,买盘
2444,13:16:01,24.35,80346,33,买盘
2445,13:16:04,24.36,104746,43,买盘
2446,13:16:07,24.34,109553,45,卖盘
2447,13:16:10,24.37,14612,6,买盘
2448,13:16:13,24.37,17059,7,买盘
2449,13:16:16,24.37,38992,16,买盘
2450,13:16:19,24.37,65799,27,买盘
2451,13:16:25,24.37,41440,17,卖盘
2452,13:16:28,24.38,99922,41,中性盘
2453,13:16:31,24.37,46311,19,卖盘
2454,13:16:34,24.37,73110,30,卖盘
2455,13:16:37,24.38,43874,18,买盘
2456,13:16:40,24.37,214428,88,卖盘
2457,13:16:43,24.37,31681,13,卖盘
2458,13:16:46,24.37,46303,19,买盘
2459,13:16:52,24.37,26801,11,买盘
2460,13:16:55,24.36,9744,4,卖盘
2461,13:16:58,24.36,173077,71,卖盘
2462,13:17:01,24.36,119364,49,卖盘
2463,13:17:04,24.36,138868,57,中性盘
2464,13:17:07,24.37,90169,37,买盘
2465,13:17:10,24.36,321732,132,卖盘
2466,13:17:13,24.37,19496,8,中性盘
2467,13:17:16,24.37,243636,100,卖盘
2468,13:17:19,24.36,2436,1,卖盘
2469,13:17:22,24.37,124284,51,买盘
2470,13:17:25,24.38,233901,96,买盘
2471,13:17:28,24.36,26797,11,卖盘
2472,13:17:31,24.37,38993,16,买盘
2473,13:17:34,24.38,4876,2,买盘
2474,13:17:40,24.37,24374,10,卖盘
2475,13:17:43,24.38,12190,5,买盘
2476,13:17:46,24.37,34126,14,卖盘
2477,13:17:49,24.38,7314,3,买盘
2478,13:17:52,24.38,192556,79,卖盘
2479,13:17:55,24.39,9753,4,买盘
2480,13:17:58,24.38,21942,9,卖盘
2481,13:18:01,24.37,151144,62,卖盘
2482,13:18:04,24.38,2438,1,买盘
2483,13:18:07,24.38,17066,7,买盘
2484,13:18:10,24.37,14622,6,卖盘
2485,13:18:13,24.38,53634,22,买盘
2486,13:18:16,24.37,4874,2,卖盘
2487,13:18:19,24.38,12190,5,买盘
2488,13:18:22,24.38,63388,26,买盘
2489,13:18:25,24.37,121883,50,卖盘
2490,13:18:28,24.38,21940,9,买盘
2491,13:18:31,24.37,24370,10,卖盘
2492,13:18:34,24.37,314366,129,卖盘
2493,13:18:37,24.36,9744,4,卖盘
2494,13:18:40,24.36,7308,3,卖盘
2495,13:18:43,24.36,56028,23,卖盘
2496,13:18:46,24.35,759820,312,卖盘
2497,13:18:49,24.35,17045,7,卖盘
2498,13:18:52,24.35,94965,39,卖盘
2499,13:18:55,24.34,377311,155,卖盘
2500,13:18:58,24.35,9740,4,中性盘
2501,13:19:01,24.35,77919,32,买盘
2502,13:19:04,24.34,51114,21,卖盘
2503,13:19:07,24.33,65704,27,卖盘
2504,13:19:10,24.34,2434,1,买盘
2505,13:19:13,24.34,275042,113,买盘
2506,13:19:16,24.35,160654,66,买盘
2507,13:19:19,24.35,177716,73,买盘
2508,13:19:22,24.35,43814,18,买盘
2509,13:19:28,24.35,56005,23,卖盘
2510,13:19:34,24.35,102239,42,买盘
2511,13:19:37,24.33,386884,159,卖盘
2512,13:19:40,24.33,678805,279,买盘
2513,13:19:43,24.32,131332,54,卖盘
2514,13:19:46,24.33,97320,40,买盘
2515,13:19:49,24.33,153258,63,买盘
2516,13:19:52,24.32,21895,9,卖盘
2517,13:19:55,24.31,824150,339,卖盘
2518,13:19:58,24.32,235866,97,买盘
2519,13:20:01,24.32,48646,20,卖盘
2520,13:20:04,24.32,311356,128,卖盘
2521,13:20:07,24.33,73010,30,卖盘
2522,13:20:10,24.34,445469,183,买盘
2523,13:20:13,24.35,36515,15,买盘
2524,13:20:16,24.38,226467,93,买盘
2525,13:20:19,24.38,80451,33,买盘
2526,13:20:22,24.39,277962,114,买盘
2527,13:20:28,24.4,29279,12,买盘
2528,13:20:31,24.4,9760,4,买盘
2529,13:20:34,24.4,21960,9,买盘
2530,13:20:37,24.4,24397,10,买盘
2531,13:20:40,24.4,4880,2,卖盘
2532,13:20:43,24.41,139099,57,买盘
2533,13:20:46,24.4,39040,16,卖盘
2534,13:20:49,24.4,165935,68,买盘
2535,13:20:52,24.4,17080,7,买盘
2536,13:20:55,24.4,2440,1,卖盘
2537,13:20:58,24.4,19516,8,买盘
2538,13:21:01,24.4,60984,25,买盘
2539,13:21:04,24.39,21954,9,卖盘
2540,13:21:07,24.39,19512,8,卖盘
2541,13:21:10,24.38,175587,72,卖盘
2542,13:21:13,24.38,26817,11,买盘
2543,13:21:16,24.37,7311,3,卖盘
2544,13:21:22,24.37,41429,17,卖盘
2545,13:21:25,24.36,7310,3,卖盘
2546,13:21:28,24.36,36540,15,卖盘
2547,13:21:34,24.36,4872,2,卖盘
2548,13:21:37,24.36,36540,15,卖盘
2549,13:21:40,24.35,85256,35,卖盘
2550,13:21:43,24.36,14616,6,买盘
2551,13:21:46,24.36,12180,5,买盘
2552,13:21:49,24.35,24350,10,卖盘
2553,13:21:52,24.35,17045,7,卖盘
2554,13:21:55,24.35,82790,34,卖盘
2555,13:21:58,24.35,2435,1,卖盘
2556,13:22:01,24.36,29227,12,买盘
2557,13:22:04,24.36,77943,32,买盘
2558,13:22:07,24.37,348229,143,买盘
2559,13:22:10,24.36,90146,37,卖盘
2560,13:22:13,24.36,34108,14,卖盘
2561,13:22:16,24.37,85279,35,买盘
2562,13:22:19,24.36,58464,24,卖盘
2563,13:22:22,24.37,2437,1,买盘
2564,13:22:25,24.38,321942,132,买盘
2565,13:22:28,24.38,29257,12,卖盘
2566,13:22:31,24.38,19504,8,卖盘
2567,13:22:34,24.38,12190,5,卖盘
2568,13:22:40,24.38,17066,7,卖盘
2569,13:22:43,24.38,14628,6,买盘
2570,13:22:46,24.37,68242,28,卖盘
2571,13:22:49,24.38,26818,11,买盘
2572,13:22:52,24.37,31691,13,卖盘
2573,13:22:55,24.38,51198,21,买盘
2574,13:22:58,24.37,107240,44,卖盘
2575,13:23:01,24.38,138966,57,买盘
2576,13:23:04,24.38,92674,38,卖盘
2577,13:23:07,24.39,43887,18,买盘
2578,13:23:10,24.38,46326,19,卖盘
2579,13:23:13,24.39,39024,16,买盘
2580,13:23:16,24.39,19512,8,卖盘
2581,13:23:19,24.4,165920,68,买盘
2582,13:23:22,24.39,51235,21,卖盘
2583,13:23:31,24.4,9760,4,卖盘
2584,13:23:37,24.4,2440,1,买盘
2585,13:23:40,24.4,2440,1,买盘
2586,13:23:43,24.39,41470,17,卖盘
2587,13:23:46,24.4,24400,10,买盘
2588,13:23:49,24.39,126828,52,卖盘
2589,13:23:52,24.38,9752,4,卖盘
2590,13:23:55,24.38,2438,1,卖盘
2591,13:23:58,24.39,9756,4,买盘
2592,13:24:04,24.38,58524,24,卖盘
2593,13:24:07,24.38,273073,112,卖盘
2594,13:24:10,24.39,4878,2,中性盘
2595,13:24:13,24.39,2439,1,卖盘
2596,13:24:16,24.39,7317,3,卖盘
2597,13:24:19,24.39,39024,16,卖盘
2598,13:24:22,24.39,7317,3,卖盘
2599,13:24:25,24.39,41463,17,买盘
2600,13:24:28,24.38,134115,55,卖盘
2601,13:24:31,24.39,29267,12,中性盘
2602,13:24:37,24.38,21946,9,卖盘
2603,13:24:40,24.39,39018,16,买盘
2604,13:24:43,24.39,238988,98,买盘
2605,13:24:46,24.39,4878,2,卖盘
2606,13:24:49,24.39,129267,53,卖盘
2607,13:24:52,24.38,17072,7,卖盘
2608,13:24:58,24.39,48775,20,买盘
2609,13:25:01,24.39,2439,1,买盘
2610,13:25:04,24.39,4878,2,买盘
2611,13:25:07,24.39,9756,4,买盘
2612,13:25:10,24.4,597753,245,买盘
2613,13:25:13,24.42,78120,32,买盘
2614,13:25:22,24.42,56166,23,买盘
2615,13:25:25,24.42,41514,17,卖盘
2616,13:25:28,24.43,53733,22,买盘
2617,13:25:31,24.42,17096,7,卖盘
2618,13:25:34,24.44,193011,79,买盘
2619,13:25:37,24.43,17101,7,中性盘
2620,13:25:40,24.44,254185,104,买盘
2621,13:25:43,24.43,61091,25,卖盘
2622,13:25:46,24.42,41530,17,卖盘
2623,13:25:49,24.43,41531,17,买盘
2624,13:25:52,24.43,39088,16,卖盘
2625,13:25:58,24.44,65988,27,买盘
2626,13:26:01,24.44,24440,10,买盘
2627,13:26:04,24.44,26884,11,买盘
2628,13:26:07,24.44,48880,20,卖盘
2629,13:26:10,24.43,410593,168,卖盘
2630,13:26:22,24.44,354272,145,买盘
2631,13:26:25,24.44,39104,16,卖盘
2632,13:26:28,24.45,34218,14,买盘
2633,13:26:31,24.45,48900,20,买盘
2634,13:26:34,24.45,105128,43,买盘
2635,13:26:37,24.45,58680,24,买盘
2636,13:26:40,24.45,4890,2,买盘
2637,13:26:43,24.45,41564,17,买盘
2638,13:26:46,24.44,29329,12,卖盘
2639,13:26:49,24.42,129430,53,卖盘
2640,13:26:52,24.41,12205,5,卖盘
2641,13:26:58,24.41,4882,2,买盘
2642,13:27:01,24.41,9764,4,卖盘
2643,13:27:04,24.41,2441,1,卖盘
2644,13:27:07,24.41,9764,4,卖盘
2645,13:27:10,24.41,85435,35,买盘
2646,13:27:13,24.41,83004,34,卖盘
2647,13:27:16,24.4,2440,1,卖盘
2648,13:27:19,24.4,485792,199,卖盘
2649,13:27:22,24.4,17086,7,卖盘
2650,13:27:25,24.4,24400,10,卖盘
2651,13:27:28,24.4,29280,12,卖盘
2652,13:27:31,24.42,24420,10,买盘
2653,13:27:34,24.42,78104,32,买盘
2654,13:27:40,24.4,21960,9,卖盘
2655,13:27:43,24.41,31726,13,买盘
2656,13:27:49,24.41,7323,3,卖盘
2657,13:27:55,24.41,56143,23,卖盘
2658,13:27:58,24.42,26862,11,买盘
2659,13:28:01,24.42,2442,1,买盘
2660,13:28:07,24.41,14648,6,卖盘
2661,13:28:13,24.41,327094,134,卖盘
2662,13:28:16,24.41,24410,10,卖盘
2663,13:28:19,24.41,36615,15,卖盘
2664,13:28:22,24.41,12204,5,买盘
2665,13:28:28,24.4,63440,26,卖盘
2666,13:28:31,24.41,85432,35,买盘
2667,13:28:34,24.41,9764,4,卖盘
2668,13:28:37,24.41,17082,7,买盘
2669,13:28:40,24.4,292948,120,卖盘
2670,13:28:43,24.4,14640,6,卖盘
2671,13:28:46,24.4,153720,63,卖盘
2672,13:28:55,24.4,126880,52,卖盘
2673,13:28:58,24.41,68327,28,买盘
2674,13:29:01,24.41,175752,72,卖盘
2675,13:29:04,24.39,60975,25,卖盘
2676,13:29:07,24.4,14635,6,买盘
2677,13:29:10,24.39,19512,8,卖盘
2678,13:29:13,24.39,26839,11,卖盘
2679,13:29:16,24.39,2439,1,卖盘
2680,13:29:19,24.39,4878,2,卖盘
2681,13:29:25,24.4,4880,2,买盘
2682,13:29:28,24.39,2439,1,卖盘
2683,13:29:31,24.39,26829,11,卖盘
2684,13:29:34,24.4,4880,2,买盘
2685,13:29:37,24.39,43902,18,卖盘
2686,13:29:40,24.39,19512,8,卖盘
2687,13:29:43,24.39,348878,143,卖盘
2688,13:29:49,24.38,12190,5,卖盘
2689,13:29:52,24.39,43897,18,买盘
2690,13:29:58,24.39,43902,18,卖盘
2691,13:30:01,24.38,17066,7,卖盘
2692,13:30:10,24.38,9755,4,卖盘
2693,13:30:13,24.38,17066,7,卖盘
2694,13:30:16,24.38,119462,49,卖盘
2695,13:30:25,24.38,78016,32,卖盘
2696,13:30:28,24.38,141404,58,卖盘
2697,13:30:31,24.38,9752,4,卖盘
2698,13:30:34,24.38,7314,3,买盘
2699,13:30:37,24.37,48745,20,卖盘
2700,13:30:40,24.37,2437,1,卖盘
2701,13:30:49,24.37,9748,4,卖盘
2702,13:30:52,24.37,2437,1,卖盘
2703,13:30:55,24.37,29244,12,卖盘
2704,13:30:58,24.37,177901,73,买盘
2705,13:31:01,24.38,297404,122,买盘
2706,13:31:04,24.38,102377,42,卖盘
2707,13:31:10,24.37,2437,1,卖盘
2708,13:31:13,24.37,36555,15,卖盘
2709,13:31:16,24.37,7313,3,卖盘
2710,13:31:19,24.36,12183,5,卖盘
2711,13:31:22,24.36,9745,4,卖盘
2712,13:31:25,24.37,2437,1,买盘
2713,13:31:28,24.36,9744,4,卖盘
2714,13:31:34,24.36,7309,3,卖盘
2715,13:31:37,24.36,116938,48,卖盘
2716,13:31:40,24.36,9744,4,卖盘
2717,13:31:43,24.36,311808,128,卖盘
2718,13:31:46,24.35,43849,18,卖盘
2719,13:31:49,24.36,9744,4,买盘
2720,13:31:58,24.36,12180,5,买盘
2721,13:32:01,24.35,31658,13,卖盘
2722,13:32:04,24.35,26785,11,卖盘
2723,13:32:07,24.36,19488,8,买盘
2724,13:32:10,24.35,53589,22,卖盘
2725,13:32:13,24.36,248372,102,买盘
2726,13:32:16,24.36,31665,13,买盘
2727,13:32:19,24.36,38976,16,卖盘
2728,13:32:22,24.36,95004,39,卖盘
2729,13:32:25,24.36,4872,2,卖盘
2730,13:32:28,24.37,43859,18,买盘
2731,13:32:31,24.37,31679,13,买盘
2732,13:32:34,24.37,9748,4,卖盘
2733,13:32:37,24.37,58483,24,卖盘
2734,13:32:40,24.37,813166,334,买盘
2735,13:32:43,24.36,2436,1,买盘
2736,13:32:46,24.35,68195,28,卖盘
2737,13:32:49,24.37,158349,65,买盘
2738,13:32:52,24.37,7311,3,卖盘
2739,13:33:01,24.37,73110,30,卖盘
2740,13:33:07,24.36,14618,6,卖盘
2741,13:33:10,24.36,77954,32,卖盘
2742,13:33:13,24.37,53593,22,买盘
2743,13:33:16,24.36,2436,1,买盘
2744,13:33:19,24.36,82824,34,买盘
2745,13:33:22,24.35,182642,75,卖盘
2746,13:33:25,24.36,12180,5,中性盘
2747,13:33:28,24.35,9740,4,卖盘
2748,13:33:31,24.35,148535,61,卖盘
2749,13:33:34,24.35,14610,6,买盘
2750,13:33:37,24.34,102253,42,卖盘
2751,13:33:40,24.34,2434,1,卖盘
2752,13:33:43,24.34,12170,5,卖盘
2753,13:33:46,24.34,241040,99,卖盘
2754,13:33:49,24.36,85220,35,买盘
2755,13:33:52,24.36,46263,19,买盘
2756,13:33:55,24.36,7308,3,买盘
2757,13:33:58,24.37,102303,42,买盘
2758,13:34:01,24.33,138797,57,卖盘
2759,13:34:04,24.35,14610,6,中性盘
2760,13:34:07,24.33,304154,125,卖盘
2761,13:34:10,24.35,31669,13,中性盘
2762,13:34:13,24.35,97410,40,卖盘
2763,13:34:16,24.35,70619,29,卖盘
2764,13:34:19,24.35,7305,3,卖盘
2765,13:34:22,24.37,56040,23,买盘
2766,13:34:25,24.36,34104,14,中性盘
2767,13:34:28,24.36,87722,36,卖盘
2768,13:34:34,24.37,151088,62,中性盘
2769,13:34:37,24.37,2437,1,买盘
2770,13:34:40,24.37,36555,15,买盘
2771,13:34:43,24.37,2437,1,卖盘
2772,13:34:46,24.37,9748,4,卖盘
2773,13:34:49,24.37,12185,5,卖盘
2774,13:34:52,24.38,43884,18,买盘
2775,13:34:58,24.38,4876,2,买盘
2776,13:35:01,24.37,31681,13,卖盘
2777,13:35:04,24.38,9752,4,买盘
2778,13:35:07,24.37,53614,22,卖盘
2779,13:35:10,24.36,77954,32,卖盘
2780,13:35:13,24.37,24369,10,买盘
2781,13:35:16,24.35,31656,13,卖盘
2782,13:35:19,24.35,4870,2,卖盘
2783,13:35:22,24.34,1516439,623,卖盘
2784,13:35:25,24.34,2434,1,卖盘
2785,13:35:28,24.35,7304,3,买盘
2786,13:35:31,24.35,111965,46,买盘
2787,13:35:34,24.34,119266,49,卖盘
2788,13:35:37,24.34,116832,48,卖盘
2789,13:35:40,24.34,19472,8,买盘
2790,13:35:43,24.33,12169,5,卖盘
2791,13:35:46,24.34,272455,112,买盘
2792,13:35:49,24.33,102201,42,卖盘
2793,13:35:52,24.33,90021,37,卖盘
2794,13:35:55,24.34,155734,64,买盘
2795,13:35:58,24.33,24332,10,卖盘
2796,13:36:01,24.35,24350,10,买盘
2797,13:36:04,24.33,48675,20,卖盘
2798,13:36:07,24.34,41367,17,买盘
2799,13:36:10,24.34,175248,72,买盘
2800,13:36:13,24.34,9736,4,卖盘
2801,13:36:16,24.35,31643,13,买盘
2802,13:36:19,24.35,55984,23,买盘
2803,13:36:22,24.34,7303,3,卖盘
2804,13:36:25,24.35,14608,6,买盘
2805,13:36:28,24.35,4870,2,买盘
2806,13:36:31,24.35,2435,1,买盘
2807,13:36:34,24.35,209359,86,买盘
2808,13:36:37,24.35,36520,15,买盘
2809,13:36:43,24.35,26788,11,卖盘
2810,13:36:46,24.35,26785,11,卖盘
2811,13:36:49,24.35,38962,16,卖盘
2812,13:36:52,24.34,92497,38,卖盘
2813,13:36:55,24.34,51114,21,买盘
2814,13:36:58,24.33,29202,12,卖盘
2815,13:37:01,24.33,126549,52,卖盘
2816,13:37:04,24.34,55976,23,买盘
2817,13:37:10,24.34,1487827,612,买盘
2818,13:37:13,24.32,41336,17,中性盘
2819,13:37:16,24.33,26762,11,买盘
2820,13:37:19,24.32,9728,4,卖盘
2821,13:37:22,24.32,4864,2,中性盘
2822,13:37:25,24.32,75387,31,买盘
2823,13:37:28,24.32,77798,32,买盘
2824,13:37:31,24.32,14592,6,买盘
2825,13:37:34,24.32,1885728,776,买盘
2826,13:37:37,24.31,63221,26,卖盘
2827,13:37:40,24.31,14591,6,卖盘
2828,13:37:43,24.32,46192,19,买盘
2829,13:37:46,24.31,566295,233,卖盘
2830,13:37:49,24.31,89950,37,卖盘
2831,13:37:52,24.31,29172,12,卖盘
2832,13:37:55,24.31,109395,45,卖盘
2833,13:37:58,24.31,21882,9,卖盘
2834,13:38:01,24.32,99701,41,买盘
2835,13:38:04,24.32,34048,14,卖盘
2836,13:38:07,24.32,34048,14,卖盘
2837,13:38:10,24.32,9728,4,买盘
2838,13:38:13,24.32,17018,7,买盘
2839,13:38:16,24.32,184798,76,买盘
2840,13:38:19,24.31,51055,21,卖盘
2841,13:38:22,24.31,51051,21,卖盘
2842,13:38:25,24.32,162879,67,买盘
2843,13:38:28,24.31,12155,5,卖盘
2844,13:38:31,24.31,21879,9,买盘
2845,13:38:37,24.31,26741,11,买盘
2846,13:38:40,24.3,167690,69,卖盘
2847,13:38:43,24.3,63181,26,卖盘
2848,13:38:46,24.3,77766,32,卖盘
2849,13:38:49,24.3,243000,100,卖盘
2850,13:38:52,24.3,162810,67,卖盘
2851,13:38:55,24.31,179854,74,买盘
2852,13:38:58,24.3,87482,36,卖盘
2853,13:39:01,24.32,41336,17,买盘
2854,13:39:04,24.3,240572,99,卖盘
2855,13:39:07,24.3,77755,32,买盘
2856,13:39:10,24.3,291600,120,卖盘
2857,13:39:13,24.3,128790,53,买盘
2858,13:39:16,24.32,498510,205,买盘
2859,13:39:19,24.31,2431,1,中性盘
2860,13:39:22,24.29,286723,118,卖盘
2861,13:39:25,24.31,80225,33,卖盘
2862,13:39:28,24.31,175032,72,买盘
2863,13:39:31,24.31,75361,31,卖盘
2864,13:39:34,24.3,24300,10,卖盘
2865,13:39:37,24.3,14580,6,卖盘
2866,13:39:40,24.3,75330,31,卖盘
2867,13:39:43,24.3,34021,14,卖盘
2868,13:39:46,24.3,55890,23,卖盘
2869,13:39:49,24.3,36450,15,卖盘
2870,13:39:52,24.3,31590,13,卖盘
2871,13:39:55,24.3,119070,49,卖盘
2872,13:39:58,24.3,55904,23,卖盘
2873,13:40:01,24.3,106946,44,卖盘
2874,13:40:04,24.3,114211,47,卖盘
2875,13:40:07,24.29,874421,360,卖盘
2876,13:40:10,24.3,109364,45,买盘
2877,13:40:13,24.31,199335,82,买盘
2878,13:40:16,24.31,189587,78,卖盘
2879,13:40:19,24.33,63236,26,买盘
2880,13:40:22,24.33,7298,3,买盘
2881,13:40:25,24.33,38928,16,买盘
2882,13:40:28,24.32,24325,10,卖盘
2883,13:40:31,24.33,14598,6,买盘
2884,13:40:34,24.32,24321,10,卖盘
2885,13:40:40,24.33,29196,12,买盘
2886,13:40:43,24.33,2433,1,买盘
2887,13:40:46,24.33,4866,2,买盘
2888,13:40:49,24.33,9730,4,买盘
2889,13:40:52,24.33,60825,25,买盘
2890,13:40:55,24.32,51090,21,卖盘
2891,13:40:58,24.32,243213,100,卖盘
2892,13:41:01,24.34,26772,11,买盘
2893,13:41:04,24.34,9734,4,买盘
2894,13:41:10,24.33,19471,8,卖盘
2895,13:41:13,24.34,9736,4,买盘
2896,13:41:16,24.33,36495,15,卖盘
2897,13:41:19,24.33,63258,26,卖盘
2898,13:41:22,24.33,51093,21,买盘
2899,13:41:28,24.33,29196,12,买盘
2900,13:41:31,24.31,245605,101,卖盘
2901,13:41:34,24.33,128942,53,买盘
2902,13:41:37,24.32,77829,32,卖盘
2903,13:41:40,24.33,17028,7,买盘
2904,13:41:43,24.32,9728,4,中性盘
2905,13:41:46,24.32,31607,13,买盘
2906,13:41:49,24.32,155653,64,买盘
2907,13:41:52,24.33,75410,31,买盘
2908,13:41:58,24.34,48680,20,买盘
2909,13:42:04,24.34,31642,13,买盘
2910,13:42:07,24.34,24340,10,买盘
2911,13:42:13,24.34,102200,42,买盘
2912,13:42:16,24.33,4866,2,中性盘
2913,13:42:19,24.34,26768,11,买盘
2914,13:42:22,24.34,19472,8,买盘
2915,13:42:25,24.33,14598,6,卖盘
2916,13:42:28,24.34,60841,25,买盘
2917,13:42:34,24.33,128949,53,卖盘
2918,13:42:37,24.33,4866,2,买盘
2919,13:42:40,24.33,199470,82,买盘
2920,13:42:43,24.32,53506,22,卖盘
2921,13:42:46,24.32,14592,6,买盘
2922,13:42:49,24.32,12160,5,买盘
2923,13:42:52,24.32,2432,1,买盘
2924,13:42:55,24.32,48640,20,买盘
2925,13:42:58,24.31,12155,5,卖盘
2926,13:43:01,24.31,2431,1,卖盘
2927,13:43:04,24.31,41327,17,卖盘
2928,13:43:07,24.32,48637,20,买盘
2929,13:43:10,24.32,51072,21,卖盘
2930,13:43:13,24.32,21888,9,卖盘
2931,13:43:16,24.32,34048,14,卖盘
2932,13:43:19,24.32,24320,10,买盘
2933,13:43:22,24.31,41327,17,卖盘
2934,13:43:25,24.32,34044,14,买盘
2935,13:43:28,24.31,123982,51,卖盘
2936,13:43:31,24.32,209127,86,买盘
2937,13:43:34,24.31,36465,15,卖盘
2938,13:43:37,24.31,31603,13,卖盘
2939,13:43:40,24.31,82659,34,卖盘
2940,13:43:46,24.3,106929,44,卖盘
2941,13:43:49,24.3,24300,10,卖盘
2942,13:43:52,24.3,72908,30,卖盘
2943,13:43:55,24.31,311044,128,买盘
2944,13:43:58,24.31,58342,24,买盘
2945,13:44:01,24.3,12150,5,卖盘
2946,13:44:07,24.3,36450,15,卖盘
2947,13:44:10,24.3,26736,11,卖盘
2948,13:44:13,24.3,279460,115,卖盘
2949,13:44:16,24.31,170125,70,买盘
2950,13:44:19,24.31,104514,43,买盘
2951,13:44:22,24.3,38887,16,卖盘
2952,13:44:25,24.3,53460,22,卖盘
2953,13:44:28,24.3,26730,11,买盘
2954,13:44:31,24.31,60753,25,买盘
2955,13:44:34,24.3,102075,42,卖盘
2956,13:44:37,24.29,72899,30,卖盘
2957,13:44:43,24.29,102018,42,卖盘
2958,13:44:46,24.29,177379,73,卖盘
2959,13:44:49,24.29,68036,28,卖盘
2960,13:44:52,24.3,121490,50,买盘
2961,13:44:55,24.3,111763,46,买盘
2962,13:44:58,24.29,36435,15,卖盘
2963,13:45:01,24.32,695345,286,买盘
2964,13:45:04,24.32,119177,49,卖盘
2965,13:45:07,24.31,133713,55,卖盘
2966,13:45:10,24.33,610478,251,买盘
2967,13:45:13,24.33,245920,101,卖盘
2968,13:45:16,24.35,14610,6,买盘
2969,13:45:19,24.36,51151,21,买盘
2970,13:45:22,24.33,21900,9,卖盘
2971,13:45:25,24.33,31619,13,买盘
2972,13:45:28,24.33,12165,5,买盘
2973,13:45:34,24.33,17031,7,买盘
2974,13:45:37,24.32,58370,24,卖盘
2975,13:45:40,24.33,2433,1,买盘
2976,13:45:43,24.33,423247,174,买盘
2977,13:45:46,24.34,172784,71,买盘
2978,13:45:49,24.33,4866,2,卖盘
2979,13:45:52,24.34,4868,2,买盘
2980,13:45:55,24.34,36510,15,买盘
2981,13:45:58,24.34,17036,7,买盘
2982,13:46:04,24.33,19464,8,卖盘
2983,13:46:13,24.34,24340,10,买盘
2984,13:46:19,24.33,24330,10,卖盘
2985,13:46:22,24.34,14603,6,买盘
2986,13:46:28,24.34,43812,18,买盘
2987,13:46:31,24.33,133815,55,卖盘
2988,13:46:34,24.32,17024,7,卖盘
2989,13:46:40,24.33,2433,1,买盘
2990,13:46:43,24.32,9728,4,卖盘
2991,13:46:46,24.33,114306,47,买盘
2992,13:46:49,24.32,9728,4,卖盘
2993,13:46:52,24.32,38912,16,卖盘
2994,13:46:55,24.32,51072,21,买盘
2995,13:46:58,24.31,513221,211,卖盘
2996,13:47:01,24.32,150754,62,买盘
2997,13:47:04,24.32,153159,63,买盘
2998,13:47:07,24.32,75419,31,卖盘
2999,13:47:10,24.32,26753,11,卖盘
3000,13:47:13,24.32,133773,55,卖盘
3001,13:47:16,24.32,55939,23,卖盘
3002,13:47:19,24.34,1022107,420,买盘
3003,13:47:22,24.34,387173,159,卖盘
3004,13:47:25,24.37,19496,8,买盘
3005,13:47:31,24.36,12180,5,卖盘
3006,13:47:37,24.35,92535,38,卖盘
3007,13:47:40,24.35,9740,4,买盘
3008,13:47:43,24.35,26785,11,买盘
3009,13:47:52,24.35,9740,4,买盘
3010,13:47:55,24.36,4872,2,买盘
3011,13:48:01,24.35,73050,30,卖盘
3012,13:48:04,24.36,9744,4,买盘
3013,13:48:07,24.34,180124,74,卖盘
3014,13:48:10,24.34,77888,32,卖盘
3015,13:48:13,24.36,7308,3,买盘
3016,13:48:19,24.35,7305,3,买盘
3017,13:48:25,24.35,51134,21,买盘
3018,13:48:28,24.35,24350,10,买盘
3019,13:48:31,24.35,2435,1,买盘
3020,13:48:34,24.34,9737,4,卖盘
3021,13:48:37,24.34,104663,43,卖盘
3022,13:48:43,24.35,14610,6,买盘
3023,13:48:46,24.34,17038,7,卖盘
3024,13:48:49,24.34,14604,6,卖盘
3025,13:48:52,24.34,12170,5,卖盘
3026,13:49:01,24.33,150870,62,卖盘
3027,13:49:04,24.33,46239,19,卖盘
3028,13:49:10,24.33,4866,2,中性盘
3029,13:49:13,24.33,4866,2,买盘
3030,13:49:16,24.35,34090,14,买盘
3031,13:49:22,24.34,60850,25,卖盘
3032,13:49:25,24.34,2434,1,卖盘
3033,13:49:28,24.34,21906,9,卖盘
3034,13:49:31,24.34,60850,25,买盘
3035,13:49:34,24.34,4868,2,买盘
3036,13:49:37,24.34,7302,3,买盘
3037,13:49:40,24.34,9735,4,买盘
3038,13:49:43,24.34,31630,13,买盘
3039,13:49:46,24.34,12170,5,买盘
3040,13:49:49,24.33,36495,15,卖盘
3041,13:49:55,24.35,223893,92,买盘
3042,13:49:58,24.35,126620,52,买盘
3043,13:50:01,24.35,197157,81,买盘
3044,13:50:04,24.35,2435,1,买盘
3045,13:50:07,24.35,4870,2,买盘
3046,13:50:10,24.34,7302,3,卖盘
3047,13:50:13,24.34,73020,30,卖盘
3048,13:50:16,24.33,4866,2,卖盘
3049,13:50:19,24.33,58411,24,卖盘
3050,13:50:22,24.34,109486,45,买盘
3051,13:50:25,24.34,29197,12,买盘
3052,13:50:28,24.33,34066,14,卖盘
3053,13:50:31,24.34,77858,32,买盘
3054,13:50:34,24.34,29201,12,买盘
3055,13:50:37,24.34,2434,1,买盘
3056,13:50:40,24.33,24330,10,卖盘
3057,13:50:43,24.33,2433,1,买盘
3058,13:50:46,24.33,111875,46,买盘
3059,13:50:49,24.33,92437,38,买盘
3060,13:50:52,24.32,4865,2,卖盘
3061,13:50:55,24.32,12160,5,卖盘
3062,13:50:58,24.33,26763,11,买盘
3063,13:51:01,24.32,12160,5,卖盘
3064,13:51:04,24.32,153221,63,卖盘
3065,13:51:10,24.33,167844,69,买盘
3066,13:51:13,24.34,68135,28,买盘
3067,13:51:16,24.37,598927,246,买盘
3068,13:51:19,24.37,53604,22,买盘
3069,13:51:22,24.37,92606,38,买盘
3070,13:51:25,24.37,17059,7,卖盘
3071,13:51:28,24.36,7308,3,卖盘
3072,13:51:31,24.36,14621,6,卖盘
3073,13:51:34,24.37,17059,7,买盘
3074,13:51:37,24.36,2436,1,卖盘
3075,13:51:40,24.36,2436,1,卖盘
3076,13:51:46,24.36,4872,2,卖盘
3077,13:51:49,24.37,80391,33,买盘
3078,13:51:52,24.36,41417,17,卖盘
3079,13:51:55,24.36,36540,15,卖盘
3080,13:51:58,24.35,129064,53,卖盘
3081,13:52:01,24.35,2435,1,买盘
3082,13:52:04,24.35,17045,7,买盘
3083,13:52:07,24.35,17045,7,卖盘
3084,13:52:10,24.35,2435,1,买盘
3085,13:52:13,24.35,36511,15,买盘
3086,13:52:16,24.34,43828,18,卖盘
3087,13:52:19,24.34,26774,11,卖盘
3088,13:52:22,24.34,26776,11,买盘
3089,13:52:28,24.32,211679,87,卖盘
3090,13:52:34,24.33,14598,6,卖盘
3091,13:52:37,24.32,46214,19,卖盘
3092,13:52:40,24.33,34069,14,买盘
3093,13:52:46,24.33,4866,2,卖盘
3094,13:52:49,24.33,55959,23,卖盘
3095,13:52:52,24.34,12170,5,买盘
3096,13:52:55,24.33,24330,10,卖盘
3097,13:53:01,24.33,2433,1,卖盘
3098,13:53:04,24.33,12165,5,卖盘
3099,13:53:07,24.33,7299,3,卖盘
3100,13:53:10,24.33,70557,29,卖盘
3101,13:53:13,24.32,138624,57,卖盘
3102,13:53:16,24.32,21892,9,中性盘
3103,13:53:19,24.32,14592,6,卖盘
3104,13:53:25,24.32,14592,6,卖盘
3105,13:53:28,24.31,12156,5,卖盘
3106,13:53:31,24.32,14592,6,卖盘
3107,13:53:34,24.32,277149,114,卖盘
3108,13:53:40,24.31,104543,43,卖盘
3109,13:53:43,24.31,24310,10,买盘
3110,13:53:46,24.3,2430,1,卖盘
3111,13:53:49,24.31,7293,3,买盘
3112,13:53:52,24.3,99630,41,卖盘
3113,13:53:55,24.31,29166,12,买盘
3114,13:53:58,24.3,85050,35,卖盘
3115,13:54:01,24.31,393817,162,买盘
3116,13:54:04,24.31,68068,28,卖盘
3117,13:54:07,24.31,111855,46,卖盘
3118,13:54:10,24.32,26743,11,买盘
3119,13:54:13,24.32,99712,41,买盘
3120,13:54:16,24.31,70499,29,卖盘
3121,13:54:19,24.31,87516,36,卖盘
3122,13:54:22,24.31,41327,17,卖盘
3123,13:54:25,24.32,51068,21,买盘
3124,13:54:28,24.32,2432,1,买盘
3125,13:54:31,24.31,12155,5,卖盘
3126,13:54:34,24.31,63206,26,卖盘
3127,13:54:37,24.31,9724,4,卖盘
3128,13:54:40,24.31,41339,17,卖盘
3129,13:54:43,24.33,464625,191,买盘
3130,13:54:46,24.32,82706,34,卖盘
3131,13:54:49,24.32,94851,39,卖盘
3132,13:54:52,24.32,216449,89,卖盘
3133,13:54:55,24.32,99712,41,买盘
3134,13:54:58,24.32,55917,23,买盘
3135,13:55:01,24.32,7296,3,买盘
3136,13:55:04,24.32,9728,4,买盘
3137,13:55:07,24.31,9724,4,卖盘
3138,13:55:13,24.32,12160,5,买盘
3139,13:55:16,24.32,36478,15,买盘
3140,13:55:19,24.32,26752,11,卖盘
3141,13:55:22,24.32,24320,10,卖盘
3142,13:55:25,24.32,43778,18,卖盘
3143,13:55:28,24.32,2432,1,买盘
3144,13:55:31,24.31,19451,8,卖盘
3145,13:55:37,24.32,19456,8,买盘
3146,13:55:40,24.31,58344,24,卖盘
3147,13:55:43,24.32,60795,25,买盘
3148,13:55:46,24.32,46190,19,买盘
3149,13:55:49,24.32,12160,5,买盘
3150,13:55:52,24.32,102104,42,买盘
3151,13:55:55,24.31,55918,23,卖盘
3152,13:55:58,24.31,65640,27,卖盘
3153,13:56:04,24.31,2431,1,卖盘
3154,13:56:07,24.31,102102,42,卖盘
