,成交时间,成交价格,成交金额,成交量,性质
0,09:25:03,23.87,5108180,2140,卖盘
1,09:30:00,23.94,970741,406,买盘
2,09:30:03,23.97,253760,106,买盘
3,09:30:06,23.97,2235104,935,买盘
4,09:30:09,23.99,867705,362,买盘
5,09:30:12,23.99,523125,218,卖盘
6,09:30:15,24.04,1309664,545,买盘
7,09:30:18,24.06,724329,301,中性盘
8,09:30:21,24.15,332766,138,中性盘
9,09:30:24,24.15,1387496,575,卖盘
10,09:30:27,24.2,730195,302,买盘
11,09:30:30,24.25,537918,222,买盘
12,09:30:33,24.29,490614,202,买盘
13,09:30:36,24.34,297443,122,买盘
14,09:30:39,24.36,270364,111,买盘
15,09:30:42,24.39,558480,229,买盘
16,09:30:45,24.41,815306,334,买盘
17,09:30:48,24.42,393164,161,买盘
18,09:30:51,24.43,816026,334,中性盘
19,09:30:54,24.44,430255,176,中性盘
20,09:30:57,24.44,1369509,560,卖盘
21,09:31:00,24.47,1579631,646,中性盘
22,09:31:03,24.48,1054276,431,买盘
23,09:31:06,24.44,1374988,562,卖盘
24,09:31:09,24.43,1932786,791,卖盘
25,09:31:12,24.42,730018,299,卖盘
26,09:31:15,24.39,1022587,419,卖盘
27,09:31:18,24.39,807054,331,卖盘
28,09:31:21,24.38,433592,178,买盘
29,09:31:24,24.34,401534,165,卖盘
30,09:31:27,24.32,827075,340,中性盘
31,09:31:30,24.33,669028,275,买盘
32,09:31:33,24.32,1323372,544,卖盘
33,09:31:36,24.33,1024930,421,中性盘
34,09:31:39,24.35,847167,348,买盘
35,09:31:42,24.35,1900390,781,买盘
36,09:31:45,24.38,674986,277,买盘
37,09:31:48,24.39,212151,87,买盘
38,09:31:51,24.35,2168825,889,卖盘
39,09:31:54,24.32,238528,98,卖盘
40,09:31:57,24.34,272506,112,买盘
41,09:32:00,24.34,477035,196,买盘
42,09:32:03,24.35,1290063,530,买盘
43,09:32:06,24.37,621180,255,买盘
44,09:32:09,24.43,414967,170,买盘
45,09:32:12,24.48,1228945,502,买盘
46,09:32:15,24.54,377611,154,买盘
47,09:32:18,24.53,314141,128,卖盘
48,09:32:21,24.51,955945,390,卖盘
49,09:32:24,24.48,761351,311,卖盘
50,09:32:27,24.5,1558299,636,买盘
51,09:32:30,24.52,1377516,563,买盘
52,09:32:33,24.61,2343802,954,买盘
53,09:32:36,24.55,747702,304,卖盘
54,09:32:39,24.59,678538,276,买盘
55,09:32:42,24.55,218593,89,卖盘
56,09:32:45,24.56,542390,221,买盘
57,09:32:48,24.56,677903,276,买盘
58,09:32:51,24.52,824225,336,卖盘
59,09:32:54,24.5,509637,208,卖盘
60,09:32:57,24.49,232645,95,中性盘
61,09:33:00,24.46,247203,101,卖盘
62,09:33:03,24.48,706877,289,买盘
63,09:33:06,24.49,1752865,716,买盘
64,09:33:09,24.5,1690426,690,买盘
65,09:33:12,24.46,1226200,501,卖盘
66,09:33:15,24.37,817805,335,卖盘
67,09:33:18,24.36,455869,187,卖盘
68,09:33:21,24.38,175415,72,买盘
69,09:33:24,24.35,236363,97,卖盘
70,09:33:27,24.38,306926,126,买盘
71,09:33:30,24.37,304509,125,卖盘
72,09:33:33,24.4,256096,105,买盘
73,09:33:36,24.4,70787,29,卖盘
74,09:33:39,24.4,512410,210,卖盘
75,09:33:42,24.4,449017,184,买盘
76,09:33:45,24.43,163522,67,买盘
77,09:33:48,24.4,151294,62,卖盘
78,09:33:51,24.38,324470,133,卖盘
79,09:33:54,24.39,937365,384,买盘
80,09:33:57,24.4,90272,37,买盘
81,09:34:00,24.38,112195,46,卖盘
82,09:34:03,24.38,358202,147,买盘
83,09:34:06,24.38,362979,149,买盘
84,09:34:09,24.34,292287,120,卖盘
85,09:34:12,24.35,784689,322,买盘
86,09:34:15,24.3,4104224,1688,卖盘
87,09:34:18,24.32,10640669,4378,买盘
88,09:34:21,24.32,359718,148,卖盘
89,09:34:24,24.35,128910,53,买盘
90,09:34:27,24.3,201823,83,卖盘
91,09:34:30,24.29,126358,52,卖盘
92,09:34:33,24.27,308414,127,卖盘
93,09:34:36,24.26,242651,100,卖盘
94,09:34:39,24.26,89740,37,买盘
95,09:34:42,24.23,186558,77,卖盘
96,09:34:45,24.25,1139074,470,买盘
97,09:34:48,24.27,655632,270,买盘
98,09:34:51,24.26,366469,151,卖盘
99,09:34:54,24.26,689547,284,卖盘
100,09:34:57,24.27,143218,59,中性盘
101,09:35:00,24.31,400734,165,买盘
102,09:35:03,24.37,508763,209,买盘
103,09:35:06,24.32,859202,353,卖盘
104,09:35:09,24.32,36501,15,卖盘
105,09:35:12,24.32,112027,46,卖盘
106,09:35:15,24.34,94899,39,买盘
107,09:35:18,24.34,121742,50,买盘
108,09:35:21,24.35,41392,17,买盘
109,09:35:24,24.36,886120,364,买盘
110,09:35:27,24.35,138787,57,买盘
111,09:35:30,24.35,143685,59,卖盘
112,09:35:33,24.33,1821180,749,卖盘
113,09:35:36,24.32,114303,47,中性盘
114,09:35:39,24.32,922352,379,买盘
115,09:35:42,24.34,19471,8,中性盘
116,09:35:45,24.32,116754,48,卖盘
117,09:35:48,24.34,228709,94,买盘
118,09:35:51,24.32,145968,60,卖盘
119,09:35:54,24.33,382103,157,中性盘
120,09:35:57,24.34,150841,62,买盘
121,09:36:00,24.34,231205,95,买盘
122,09:36:03,24.31,578842,238,卖盘
123,09:36:06,24.31,581009,239,买盘
124,09:36:09,24.31,335422,138,买盘
125,09:36:12,24.32,153173,63,买盘
126,09:36:15,24.33,165438,68,买盘
127,09:36:18,24.34,679031,279,买盘
128,09:36:21,24.35,85221,35,买盘
129,09:36:24,24.36,163191,67,买盘
130,09:36:27,24.36,99844,41,买盘
131,09:36:30,24.36,85240,35,卖盘
132,09:36:33,24.34,267722,110,卖盘
133,09:36:36,24.36,92554,38,买盘
134,09:36:39,24.35,192367,79,卖盘
135,09:36:42,24.34,68162,28,卖盘
136,09:36:45,24.35,214221,88,买盘
137,09:36:48,24.34,219043,90,中性盘
138,09:36:51,24.32,379270,156,卖盘
139,09:36:54,24.29,588458,242,卖盘
140,09:36:57,24.28,55850,23,卖盘
141,09:37:00,24.25,109199,45,卖盘
142,09:37:03,24.24,400056,165,卖盘
143,09:37:06,24.18,363134,150,卖盘
144,09:37:09,24.17,280548,116,中性盘
145,09:37:12,24.17,154613,64,卖盘
146,09:37:15,24.16,367262,152,卖盘
147,09:37:18,24.15,297112,123,卖盘
148,09:37:21,24.15,251161,104,卖盘
149,09:37:24,24.15,328385,136,买盘
150,09:37:27,24.14,2241162,928,卖盘
151,09:37:30,24.21,183573,76,买盘
152,09:37:33,24.15,263375,109,卖盘
153,09:37:36,24.16,94245,39,卖盘
154,09:37:39,24.17,1783572,738,买盘
155,09:37:42,24.23,222698,92,买盘
156,09:37:45,24.23,867988,359,买盘
157,09:37:48,24.23,101805,42,卖盘
158,09:37:51,24.24,53343,22,中性盘
159,09:37:54,24.23,147831,61,卖盘
160,09:37:57,24.23,75135,31,买盘
161,09:38:00,24.26,138143,57,买盘
162,09:38:03,24.21,264134,109,卖盘
163,09:38:06,24.22,48440,20,买盘
164,09:38:09,24.23,82346,34,买盘
165,09:38:12,24.21,251860,104,卖盘
166,09:38:15,24.24,62994,26,买盘
167,09:38:18,24.21,123469,51,卖盘
168,09:38:21,24.21,174289,72,买盘
169,09:38:24,24.24,249466,103,买盘
170,09:38:27,24.23,577291,238,卖盘
171,09:38:30,24.22,72698,30,卖盘
172,09:38:33,24.26,111541,46,买盘
173,09:38:36,24.25,130845,54,中性盘
174,09:38:39,24.23,50888,21,卖盘
175,09:38:42,24.24,21816,9,中性盘
176,09:38:45,24.25,55774,23,买盘
177,09:38:48,24.25,92173,38,卖盘
178,09:38:51,24.25,344447,142,卖盘
179,09:38:54,24.26,167345,69,中性盘
180,09:38:57,24.29,43677,18,买盘
181,09:39:00,24.26,26716,11,卖盘
182,09:39:03,24.28,305786,126,卖盘
183,09:39:06,24.29,63138,26,买盘
184,09:39:09,24.26,198995,82,卖盘
185,09:39:12,24.27,160126,66,买盘
186,09:39:15,24.27,48535,20,卖盘
187,09:39:18,24.27,123781,51,卖盘
188,09:39:21,24.27,349568,144,买盘
189,09:39:24,24.28,82609,34,中性盘
190,09:39:27,24.29,298686,123,卖盘
191,09:39:30,24.32,46202,19,买盘
192,09:39:33,24.29,1124572,463,卖盘
193,09:39:36,24.32,622669,256,卖盘
194,09:39:39,24.32,326262,134,卖盘
195,09:39:42,24.32,14604,6,卖盘
196,09:39:45,24.36,355643,146,买盘
197,09:39:48,24.37,19496,8,买盘
198,09:39:51,24.37,306968,126,买盘
199,09:39:54,24.38,141375,58,买盘
200,09:39:57,24.39,85343,35,买盘
201,09:40:00,24.32,1321913,543,卖盘
202,09:40:03,24.32,547200,225,买盘
203,09:40:06,24.32,77804,32,买盘
204,09:40:09,24.32,243180,100,买盘
205,09:40:12,24.3,119166,49,卖盘
206,09:40:15,24.31,89968,37,中性盘
207,09:40:18,24.29,48612,20,卖盘
208,09:40:21,24.29,182253,75,卖盘
209,09:40:24,24.3,335279,138,买盘
210,09:40:27,24.32,3833390,1581,买盘
211,09:40:30,24.32,396359,163,卖盘
212,09:40:33,24.34,245675,101,买盘
213,09:40:36,24.34,24340,10,买盘
214,09:40:39,24.33,187409,77,卖盘
215,09:40:42,24.33,240879,99,买盘
216,09:40:45,24.33,124086,51,卖盘
217,09:40:48,24.3,1335559,549,卖盘
218,09:40:51,24.32,369504,152,买盘
219,09:40:54,24.32,119143,49,买盘
220,09:40:57,24.32,21882,9,买盘
221,09:41:00,24.32,238309,98,买盘
222,09:41:03,24.32,508494,209,卖盘
223,09:41:06,24.33,333279,137,买盘
224,09:41:09,24.33,223768,92,买盘
225,09:41:12,24.32,148351,61,卖盘
226,09:41:15,24.32,99708,41,买盘
227,09:41:18,24.3,408328,168,卖盘
228,09:41:21,24.27,575582,237,卖盘
229,09:41:24,24.3,111743,46,中性盘
230,09:41:27,24.28,461714,190,中性盘
231,09:41:30,24.28,77754,32,卖盘
232,09:41:33,24.28,873601,360,中性盘
233,09:41:36,24.27,63127,26,卖盘
234,09:41:39,24.26,230467,95,卖盘
235,09:41:42,24.26,33964,14,买盘
236,09:41:45,24.26,89742,37,买盘
237,09:41:48,24.26,128562,53,买盘
238,09:41:51,24.25,48506,20,卖盘
239,09:41:54,24.25,16980,7,卖盘
240,09:41:57,24.26,220773,91,买盘
241,09:42:00,24.26,72788,30,卖盘
242,09:42:03,24.28,917530,378,买盘
243,09:42:06,24.27,361792,149,卖盘
244,09:42:09,24.28,26709,11,卖盘
245,09:42:12,24.3,4859,2,买盘
246,09:42:15,24.3,529515,218,买盘
247,09:42:18,24.3,60750,25,买盘
248,09:42:21,24.3,24300,10,卖盘
249,09:42:24,24.29,68028,28,卖盘
250,09:42:27,24.28,485879,200,卖盘
251,09:42:30,24.28,19423,8,买盘
252,09:42:33,24.28,14568,6,买盘
253,09:42:36,24.27,293673,121,卖盘
254,09:42:39,24.27,920436,379,买盘
255,09:42:42,24.27,7281,3,卖盘
256,09:42:45,24.27,342228,141,卖盘
257,09:42:48,24.26,99497,41,卖盘
258,09:42:51,24.27,104338,43,买盘
259,09:42:54,24.25,829616,342,卖盘
260,09:42:57,24.25,356254,147,卖盘
261,09:43:00,24.22,242210,100,卖盘
262,09:43:03,24.23,246993,102,中性盘
263,09:43:06,24.19,304907,126,卖盘
264,09:43:09,24.18,45951,19,卖盘
265,09:43:12,24.23,496254,205,买盘
266,09:43:15,24.24,159921,66,买盘
267,09:43:18,24.23,140457,58,卖盘
268,09:43:21,24.22,157484,65,买盘
269,09:43:24,24.22,55727,23,卖盘
270,09:43:27,24.23,533108,220,买盘
271,09:43:30,24.25,244774,101,买盘
272,09:43:33,24.24,89658,37,中性盘
273,09:43:36,24.24,205976,85,卖盘
274,09:43:39,24.24,160014,66,买盘
275,09:43:42,24.25,80033,33,中性盘
276,09:43:45,24.24,174558,72,卖盘
277,09:43:48,24.25,126079,52,买盘
278,09:43:51,24.26,780603,322,买盘
279,09:43:54,24.26,19412,8,卖盘
280,09:43:57,24.28,155263,64,买盘
281,09:44:00,24.28,24280,10,买盘
282,09:44:03,24.31,87462,36,买盘
283,09:44:06,24.3,36453,15,卖盘
284,09:44:09,24.31,284532,117,中性盘
285,09:44:12,24.31,14586,6,买盘
286,09:44:15,24.3,106903,44,卖盘
287,09:44:18,24.28,24290,10,卖盘
288,09:44:21,24.28,111758,46,卖盘
289,09:44:24,24.28,55874,23,卖盘
290,09:44:27,24.28,75278,31,卖盘
291,09:44:30,24.27,177237,73,卖盘
292,09:44:33,24.28,80113,33,买盘
293,09:44:36,24.28,2428,1,买盘
294,09:44:39,24.29,405469,167,买盘
295,09:44:42,24.31,140854,58,买盘
296,09:44:45,24.31,97172,40,买盘
297,09:44:48,24.32,60797,25,买盘
298,09:44:51,24.32,63232,26,卖盘
299,09:44:54,24.32,87552,36,卖盘
300,09:44:57,24.32,114304,47,买盘
301,09:45:00,24.33,102173,42,买盘
302,09:45:03,24.32,493756,203,卖盘
303,09:45:06,24.35,352959,145,买盘
304,09:45:09,24.35,111946,46,卖盘
305,09:45:12,24.35,31653,13,卖盘
306,09:45:15,24.36,204625,84,买盘
307,09:45:18,24.35,248474,102,卖盘
308,09:45:21,24.38,65808,27,买盘
309,09:45:24,24.38,197471,81,买盘
310,09:45:27,24.38,153591,63,买盘
311,09:45:30,24.37,246232,101,卖盘
312,09:45:33,24.37,399685,164,卖盘
313,09:45:36,24.37,445950,183,买盘
314,09:45:39,24.37,14622,6,买盘
315,09:45:42,24.38,304731,125,买盘
316,09:45:45,24.39,865481,355,买盘
317,09:45:48,24.37,248497,102,买盘
318,09:45:51,24.38,43882,18,买盘
319,09:45:54,24.38,414305,170,买盘
320,09:45:57,24.37,470412,193,卖盘
321,09:46:00,24.38,187690,77,买盘
322,09:46:03,24.38,295000,121,卖盘
323,09:46:06,24.39,621836,255,买盘
324,09:46:09,24.38,136530,56,卖盘
325,09:46:12,24.39,472982,194,买盘
326,09:46:15,24.36,307017,126,卖盘
327,09:46:18,24.39,541244,222,买盘
328,09:46:21,24.38,43887,18,买盘
329,09:46:24,24.36,133990,55,卖盘
330,09:46:27,24.37,73106,30,买盘
331,09:46:30,24.38,19503,8,买盘
332,09:46:33,24.37,43870,18,卖盘
333,09:46:36,24.37,421662,173,卖盘
334,09:46:39,24.38,260876,107,买盘
335,09:46:42,24.39,448507,184,买盘
336,09:46:45,24.38,151097,62,中性盘
337,09:46:48,24.39,53658,22,买盘
338,09:46:51,24.39,107333,44,卖盘
339,09:46:54,24.4,180541,74,买盘
340,09:46:57,24.39,126863,52,卖盘
341,09:47:00,24.49,1664292,681,买盘
342,09:47:03,24.43,73409,30,中性盘
343,09:47:06,24.48,305750,125,买盘
344,09:47:09,24.48,41616,17,买盘
345,09:47:12,24.48,127299,52,卖盘
346,09:47:15,24.49,416204,170,买盘
347,09:47:18,24.5,423721,173,买盘
348,09:47:21,24.5,178827,73,买盘
349,09:47:24,24.5,1016417,415,卖盘
350,09:47:27,24.5,293932,120,卖盘
351,09:47:30,24.5,710994,290,买盘
352,09:47:33,24.5,232818,95,卖盘
353,09:47:36,24.5,213153,87,买盘
354,09:47:39,24.5,71017,29,买盘
355,09:47:42,24.53,597946,244,买盘
356,09:47:45,24.53,303762,124,卖盘
357,09:47:48,24.53,147165,60,买盘
358,09:47:51,24.54,260064,106,买盘
359,09:47:54,24.57,523053,213,买盘
360,09:47:57,24.58,530782,216,买盘
361,09:48:00,24.58,373549,152,买盘
362,09:48:03,24.6,442503,180,买盘
363,09:48:06,24.6,147556,60,买盘
364,09:48:09,24.6,273008,111,买盘
365,09:48:12,24.6,368858,150,买盘
366,09:48:15,24.6,907358,369,买盘
367,09:48:18,24.6,993693,404,买盘
368,09:48:21,24.6,329596,134,买盘
369,09:48:24,24.59,523989,213,卖盘
370,09:48:27,24.59,755061,307,卖盘
371,09:48:30,24.6,231219,94,买盘
372,09:48:33,24.6,278003,113,卖盘
373,09:48:36,24.6,346855,141,买盘
374,09:48:39,24.6,391103,159,买盘
375,09:48:42,24.61,324810,132,买盘
376,09:48:45,24.62,622705,253,买盘
377,09:48:48,24.62,561542,228,买盘
378,09:48:51,24.64,93606,38,卖盘
379,09:48:54,24.64,152744,62,卖盘
380,09:48:57,24.64,303085,123,买盘
381,09:49:00,24.64,460723,187,买盘
382,09:49:03,24.63,1334376,542,卖盘
383,09:49:06,24.63,440752,179,买盘
384,09:49:09,24.56,1763179,717,卖盘
385,09:49:12,24.53,576926,235,卖盘
386,09:49:15,24.54,139944,57,中性盘
387,09:49:18,24.52,262491,107,卖盘
388,09:49:21,24.55,277422,113,买盘
389,09:49:24,24.57,245647,100,买盘
390,09:49:27,24.59,130218,53,买盘
391,09:49:30,24.59,366371,149,买盘
392,09:49:33,24.6,95934,39,买盘
393,09:49:36,24.6,305045,124,卖盘
394,09:49:39,24.61,332223,135,买盘
395,09:49:42,24.6,974294,396,卖盘
396,09:49:45,24.6,907263,369,卖盘
397,09:49:48,24.6,285262,116,买盘
398,09:49:51,24.59,209082,85,中性盘
399,09:49:54,24.6,1183024,481,买盘
400,09:49:57,24.59,314666,128,中性盘
401,09:50:00,24.53,213435,87,卖盘
402,09:50:03,24.55,9818,4,买盘
403,09:50:06,24.56,179272,73,买盘
404,09:50:09,24.58,162189,66,买盘
405,09:50:12,24.57,154760,63,卖盘
406,09:50:15,24.58,245704,100,买盘
407,09:50:18,24.61,1549659,630,买盘
408,09:50:21,24.64,1462765,594,买盘
409,09:50:24,24.64,150274,61,买盘
410,09:50:27,24.65,44362,18,买盘
411,09:50:30,24.64,492951,200,卖盘
412,09:50:33,24.64,764103,310,卖盘
413,09:50:36,24.63,687258,279,卖盘
414,09:50:39,24.61,292901,119,卖盘
415,09:50:42,24.59,154977,63,卖盘
416,09:50:45,24.59,299895,122,买盘
417,09:50:48,24.6,189334,77,买盘
418,09:50:51,24.59,100839,41,卖盘
419,09:50:54,24.59,504099,205,卖盘
420,09:50:57,24.59,349211,142,买盘
421,09:51:00,24.59,233542,95,买盘
422,09:51:03,24.54,930672,379,卖盘
423,09:51:06,24.53,918921,375,中性盘
424,09:51:09,24.5,49021,20,卖盘
425,09:51:12,24.5,71063,29,卖盘
426,09:51:15,24.48,142090,58,卖盘
427,09:51:18,24.46,318095,130,卖盘
428,09:51:21,24.47,173687,71,买盘
429,09:51:24,24.44,259191,106,卖盘
430,09:51:27,24.46,237137,97,买盘
431,09:51:30,24.42,92885,38,卖盘
432,09:51:33,24.46,129572,53,买盘
433,09:51:36,24.42,183258,75,卖盘
434,09:51:39,24.42,119687,49,卖盘
435,09:51:42,24.46,83145,34,买盘
436,09:51:45,24.44,85541,35,卖盘
437,09:51:48,24.45,58701,24,中性盘
438,09:51:51,24.46,92948,38,买盘
439,09:51:54,24.46,141868,58,卖盘
440,09:51:57,24.47,220196,90,买盘
441,09:52:00,24.47,117425,48,买盘
442,09:52:03,24.48,310886,127,买盘
443,09:52:06,24.49,460156,188,买盘
444,09:52:09,24.47,428261,175,卖盘
445,09:52:12,24.47,386469,158,买盘
446,09:52:15,24.44,660307,270,卖盘
447,09:52:18,24.44,100256,41,买盘
448,09:52:21,24.45,222433,91,中性盘
449,09:52:24,24.45,95332,39,买盘
450,09:52:27,24.45,163803,67,买盘
451,09:52:30,24.44,801771,328,卖盘
452,09:52:33,24.44,567003,232,卖盘
453,09:52:36,24.44,80654,33,卖盘
454,09:52:39,24.47,173609,71,买盘
455,09:52:42,24.47,2447,1,买盘
456,09:52:45,24.45,119813,49,卖盘
457,09:52:48,24.45,591861,242,卖盘
458,09:52:51,24.46,75798,31,买盘
459,09:52:54,24.46,9784,4,买盘
460,09:52:57,24.46,339842,139,买盘
461,09:53:00,24.46,136973,56,买盘
462,09:53:03,24.45,73359,30,中性盘
463,09:53:06,24.46,31788,13,买盘
464,09:53:09,24.45,112479,46,中性盘
465,09:53:12,24.47,124777,51,买盘
466,09:53:15,24.46,26909,11,卖盘
467,09:53:18,24.47,119893,49,买盘
468,09:53:21,24.47,225065,92,买盘
469,09:53:24,24.47,124766,51,买盘
470,09:53:27,24.47,156590,64,买盘
471,09:53:30,24.47,24467,10,买盘
472,09:53:33,24.47,85642,35,买盘
473,09:53:36,24.46,156495,64,卖盘
474,09:53:39,24.47,51385,21,买盘
475,09:53:42,24.48,171256,70,买盘
476,09:53:45,24.48,90554,37,买盘
477,09:53:48,24.47,66084,27,卖盘
478,09:53:51,24.47,80787,33,卖盘
479,09:53:54,24.49,29382,12,中性盘
480,09:53:57,24.48,129768,53,卖盘
481,09:54:00,24.49,457945,187,买盘
482,09:54:03,24.48,176277,72,卖盘
483,09:54:06,24.49,97943,40,买盘
484,09:54:09,24.49,19592,8,买盘
485,09:54:12,24.48,102834,42,卖盘
486,09:54:15,24.48,291366,119,卖盘
487,09:54:18,24.48,88148,36,卖盘
488,09:54:21,24.45,525796,215,卖盘
489,09:54:24,24.47,129611,53,买盘
490,09:54:27,24.47,163935,67,买盘
491,09:54:30,24.47,19575,8,买盘
492,09:54:33,24.47,48938,20,买盘
493,09:54:36,24.47,567601,232,买盘
494,09:54:39,24.46,760738,311,中性盘
495,09:54:42,24.45,48919,20,卖盘
496,09:54:45,24.46,44022,18,买盘
497,09:54:48,24.45,80687,33,卖盘
498,09:54:51,24.45,68468,28,买盘
499,09:54:54,24.46,295779,121,买盘
500,09:54:57,24.45,210273,86,卖盘
501,09:55:00,24.44,29339,12,卖盘
502,09:55:03,24.45,452295,185,买盘
503,09:55:06,24.48,124776,51,买盘
504,09:55:09,24.48,366920,150,买盘
505,09:55:12,24.48,22032,9,买盘
506,09:55:15,24.47,53848,22,卖盘
507,09:55:18,24.48,9792,4,买盘
508,09:55:21,24.47,323118,132,卖盘
509,09:55:24,24.46,83177,34,卖盘
510,09:55:27,24.47,1347266,551,买盘
511,09:55:30,24.46,210331,86,中性盘
512,09:55:33,24.43,134469,55,卖盘
513,09:55:36,24.46,971439,397,买盘
514,09:55:39,24.45,90495,37,卖盘
515,09:55:42,24.44,171200,70,卖盘
516,09:55:45,24.44,68452,28,卖盘
517,09:55:48,24.44,51330,21,卖盘
518,09:55:51,24.45,107542,44,中性盘
519,09:55:54,24.44,78213,32,卖盘
520,09:55:57,24.44,24442,10,中性盘
521,09:56:00,24.43,395776,162,卖盘
522,09:56:03,24.42,1451042,594,卖盘
523,09:56:06,24.42,26861,11,买盘
524,09:56:09,24.39,775957,318,卖盘
525,09:56:12,24.37,60982,25,卖盘
526,09:56:15,24.38,26840,11,中性盘
527,09:56:18,24.38,560619,230,买盘
528,09:56:21,24.41,158630,65,买盘
529,09:56:24,24.41,280812,115,卖盘
530,09:56:27,24.41,270955,111,卖盘
531,09:56:30,24.42,275942,113,买盘
532,09:56:33,24.42,9768,4,买盘
533,09:56:36,24.41,444369,182,卖盘
534,09:56:39,24.42,126944,52,中性盘
535,09:56:42,24.42,63492,26,卖盘
536,09:56:45,24.42,83028,34,卖盘
537,09:56:48,24.42,122100,50,买盘
538,09:56:51,24.41,144019,59,卖盘
539,09:56:54,24.41,565878,232,买盘
540,09:56:57,24.39,19517,8,卖盘
541,09:57:00,24.4,9756,4,买盘
542,09:57:03,24.38,173217,71,卖盘
543,09:57:06,24.4,48794,20,中性盘
544,09:57:09,24.41,97610,40,中性盘
545,09:57:12,24.41,2441,1,买盘
546,09:57:15,24.41,58590,24,卖盘
547,09:57:18,24.41,97640,40,卖盘
548,09:57:21,24.41,53702,22,卖盘
549,09:57:24,24.42,58593,24,买盘
550,09:57:27,24.4,82984,34,卖盘
551,09:57:30,24.42,246545,101,买盘
552,09:57:33,24.43,56166,23,买盘
553,09:57:36,24.44,239436,98,买盘
554,09:57:39,24.43,61109,25,卖盘
555,09:57:42,24.43,14662,6,卖盘
556,09:57:45,24.45,73307,30,买盘
557,09:57:48,24.46,112478,46,买盘
558,09:57:51,24.45,19565,8,卖盘
559,09:57:54,24.47,88076,36,买盘
560,09:57:57,24.46,117413,48,卖盘
561,09:58:00,24.47,34258,14,买盘
562,09:58:03,24.47,271553,111,买盘
563,09:58:06,24.47,393987,161,买盘
564,09:58:09,24.48,188439,77,买盘
565,09:58:12,24.48,2448,1,买盘
566,09:58:15,24.49,75920,31,买盘
567,09:58:18,24.5,75950,31,买盘
568,09:58:21,24.51,34299,14,买盘
569,09:58:24,24.52,12260,5,买盘
570,09:58:27,24.52,105424,43,买盘
571,09:58:30,24.52,213170,87,买盘
572,09:58:33,24.51,144611,59,买盘
573,09:58:36,24.52,144604,59,买盘
574,09:58:39,24.51,90719,37,卖盘
575,09:58:42,24.51,279448,114,卖盘
576,09:58:45,24.53,181488,74,买盘
577,09:58:48,24.53,34343,14,卖盘
578,09:58:51,24.53,98116,40,买盘
579,09:58:54,24.53,76045,31,中性盘
580,09:58:57,24.52,286969,117,卖盘
581,09:59:00,24.52,63737,26,买盘
582,09:59:03,24.5,318641,130,卖盘
583,09:59:06,24.51,112759,46,中性盘
584,09:59:09,24.51,90680,37,买盘
585,09:59:12,24.49,296463,121,卖盘
586,09:59:15,24.44,826802,338,卖盘
587,09:59:18,24.47,293334,120,买盘
588,09:59:21,24.44,158877,65,中性盘
589,09:59:24,24.44,242106,99,卖盘
590,09:59:27,24.44,26899,11,卖盘
591,09:59:30,24.44,286211,117,卖盘
592,09:59:33,24.44,97803,40,卖盘
593,09:59:36,24.48,22000,9,买盘
594,09:59:39,24.47,66042,27,中性盘
595,09:59:42,24.48,115043,47,买盘
596,09:59:45,24.44,97760,40,卖盘
597,09:59:48,24.48,48947,20,买盘
598,09:59:51,24.45,85638,35,卖盘
599,09:59:54,24.45,56256,23,卖盘
600,09:59:57,24.45,14680,6,卖盘
601,10:00:00,24.46,31796,13,中性盘
602,10:00:03,24.44,731044,299,卖盘
603,10:00:06,24.42,51297,21,卖盘
604,10:00:09,24.43,24432,10,买盘
605,10:00:12,24.42,41542,17,卖盘
606,10:00:15,24.43,518293,212,中性盘
607,10:00:18,24.43,100173,41,卖盘
608,10:00:21,24.41,424861,174,卖盘
609,10:00:24,24.4,136701,56,卖盘
610,10:00:27,24.4,175680,72,卖盘
611,10:00:30,24.39,85377,35,卖盘
612,10:00:33,24.4,109796,45,卖盘
613,10:00:36,24.4,126874,52,买盘
614,10:00:39,24.4,14645,6,卖盘
615,10:00:42,24.41,19528,8,中性盘
616,10:00:45,24.43,429507,176,买盘
617,10:00:48,24.42,4884,2,卖盘
618,10:00:51,24.41,34186,14,卖盘
619,10:00:54,24.43,9769,4,买盘
620,10:00:57,24.4,63457,26,卖盘
621,10:01:00,24.41,26851,11,买盘
622,10:01:03,24.4,256299,105,卖盘
623,10:01:06,24.41,136661,56,买盘
624,10:01:09,24.47,449502,184,买盘
625,10:01:12,24.47,129681,53,买盘
626,10:01:15,24.48,48943,20,买盘
627,10:01:18,24.46,178615,73,卖盘
628,10:01:21,24.48,68498,28,买盘
629,10:01:24,24.46,22026,9,卖盘
630,10:01:27,24.47,9788,4,买盘
631,10:01:30,24.46,17122,7,卖盘
632,10:01:33,24.46,46474,19,买盘
633,10:01:36,24.46,75826,31,买盘
634,10:01:39,24.45,122295,50,卖盘
635,10:01:42,24.45,202913,83,卖盘
636,10:01:45,24.43,263854,108,卖盘
637,10:01:48,24.45,31768,13,买盘
638,10:01:51,24.43,161273,66,买盘
639,10:01:54,24.41,134273,55,卖盘
640,10:01:57,24.43,51287,21,中性盘
641,10:02:00,24.42,351637,144,中性盘
642,10:02:03,24.4,561298,230,卖盘
643,10:02:06,24.41,104925,43,中性盘
644,10:02:09,24.41,17090,7,买盘
645,10:02:12,24.41,87911,36,卖盘
646,10:02:15,24.41,107367,44,卖盘
647,10:02:18,24.41,85457,35,卖盘
648,10:02:21,24.41,36615,15,买盘
649,10:02:24,24.41,68353,28,卖盘
650,10:02:27,24.4,29291,12,卖盘
651,10:02:30,24.38,553805,227,卖盘
652,10:02:33,24.38,663093,272,卖盘
653,10:02:39,24.36,255780,105,卖盘
654,10:02:42,24.35,97400,40,卖盘
655,10:02:45,24.35,12177,5,卖盘
656,10:02:48,24.35,129055,53,卖盘
657,10:02:51,24.36,574638,236,买盘
658,10:02:57,24.34,36497,15,中性盘
659,10:03:00,24.33,58408,24,卖盘
660,10:03:03,24.34,58427,24,卖盘
661,10:03:06,24.36,197298,81,买盘
662,10:03:09,24.35,260503,107,卖盘
663,10:03:12,24.34,26784,11,卖盘
664,10:03:15,24.35,163188,67,买盘
665,10:03:18,24.35,245826,101,卖盘
666,10:03:21,24.39,9756,4,买盘
667,10:03:24,24.39,2439,1,买盘
668,10:03:27,24.39,138921,57,买盘
669,10:03:30,24.37,216726,89,卖盘
670,10:03:33,24.36,4872,2,卖盘
671,10:03:39,24.37,24370,10,买盘
672,10:03:42,24.36,41414,17,卖盘
673,10:03:45,24.37,41429,17,买盘
674,10:03:48,24.36,92600,38,卖盘
675,10:03:51,24.37,48734,20,买盘
676,10:03:54,24.36,90164,37,卖盘
677,10:03:57,24.36,14616,6,卖盘
678,10:04:00,24.37,65799,27,买盘
679,10:04:03,24.37,31681,13,卖盘
680,10:04:06,24.38,97520,40,买盘
681,10:04:09,24.38,12190,5,买盘
682,10:04:12,24.37,51198,21,卖盘
683,10:04:15,24.39,90183,37,买盘
684,10:04:18,24.39,7317,3,买盘
685,10:04:21,24.38,60951,25,卖盘
686,10:04:24,24.38,158471,65,卖盘
687,10:04:27,24.38,26818,11,买盘
688,10:04:30,24.38,29256,12,买盘
689,10:04:33,24.38,12192,5,卖盘
690,10:04:36,24.38,21942,9,卖盘
691,10:04:39,24.38,58512,24,卖盘
692,10:04:42,24.38,29254,12,买盘
693,10:04:45,24.38,104834,43,买盘
694,10:04:48,24.4,329267,135,买盘
695,10:04:51,24.4,12200,5,买盘
696,10:04:57,24.39,58528,24,卖盘
697,10:05:00,24.4,136633,56,买盘
698,10:05:03,24.4,36600,15,卖盘
699,10:05:06,24.4,41480,17,卖盘
700,10:05:09,24.4,65876,27,卖盘
701,10:05:12,24.4,9760,4,买盘
702,10:05:15,24.4,29276,12,买盘
703,10:05:18,24.39,390398,160,卖盘
704,10:05:21,24.4,151250,62,中性盘
705,10:05:24,24.4,12200,5,买盘
706,10:05:27,24.4,12200,5,买盘
707,10:05:30,24.41,39044,16,买盘
708,10:05:33,24.39,48795,20,卖盘
709,10:05:36,24.39,2439,1,卖盘
710,10:05:39,24.39,75611,31,卖盘
711,10:05:42,24.39,92692,38,卖盘
712,10:05:45,24.4,7319,3,中性盘
713,10:05:48,24.39,34159,14,卖盘
714,10:05:51,24.4,2440,1,卖盘
715,10:05:54,24.4,29285,12,卖盘
716,10:05:57,24.4,231800,95,卖盘
717,10:06:00,24.4,34160,14,卖盘
718,10:06:03,24.4,29280,12,卖盘
719,10:06:06,24.4,48800,20,卖盘
720,10:06:12,24.39,36599,15,卖盘
721,10:06:15,24.4,2440,1,买盘
722,10:06:18,24.39,97562,40,卖盘
723,10:06:21,24.39,75609,31,卖盘
724,10:06:24,24.4,102460,42,买盘
725,10:06:27,24.36,1342964,551,卖盘
726,10:06:30,24.36,253338,104,卖盘
727,10:06:33,24.34,99833,41,卖盘
728,10:06:36,24.32,1384099,569,卖盘
729,10:06:39,24.31,573916,236,卖盘
730,10:06:42,24.31,72938,30,卖盘
731,10:06:45,24.31,38896,16,卖盘
732,10:06:48,24.3,318346,131,卖盘
733,10:06:51,24.31,77792,32,买盘
734,10:06:54,24.31,179889,74,买盘
735,10:06:57,24.32,19449,8,买盘
736,10:07:00,24.34,252867,104,买盘
737,10:07:03,24.34,12170,5,卖盘
738,10:07:06,24.35,131454,54,买盘
739,10:07:09,24.34,133927,55,卖盘
740,10:07:12,24.35,73088,30,卖盘
741,10:07:15,24.35,82835,34,卖盘
742,10:07:18,24.35,29233,12,卖盘
743,10:07:21,24.35,24352,10,卖盘
744,10:07:24,24.36,19491,8,中性盘
745,10:07:30,24.36,14616,6,卖盘
746,10:07:33,24.37,70668,29,买盘
747,10:07:36,24.37,141343,58,卖盘
748,10:07:39,24.37,97480,40,卖盘
749,10:07:42,24.37,39017,16,卖盘
750,10:07:45,24.37,187652,77,卖盘
751,10:07:48,24.36,126689,52,卖盘
752,10:07:51,24.37,19496,8,买盘
753,10:07:54,24.35,740315,304,卖盘
754,10:07:57,24.35,9738,4,买盘
755,10:08:00,24.35,128855,53,买盘
756,10:08:03,24.3,386451,159,卖盘
757,10:08:06,24.35,384643,158,买盘
758,10:08:09,24.27,1654024,681,卖盘
759,10:08:12,24.3,257410,106,买盘
760,10:08:15,24.27,14568,6,卖盘
761,10:08:18,24.28,63168,26,卖盘
762,10:08:21,24.3,60745,25,买盘
763,10:08:24,24.27,817712,337,卖盘
764,10:08:27,24.28,121364,50,中性盘
765,10:08:30,24.27,58250,24,卖盘
766,10:08:33,24.26,429528,177,卖盘
767,10:08:36,24.28,99529,41,买盘
768,10:08:39,24.27,118946,49,中性盘
769,10:08:42,24.27,89845,37,卖盘
770,10:08:45,24.27,111611,46,中性盘
771,10:08:48,24.27,861305,355,卖盘
772,10:08:51,24.26,199038,82,卖盘
773,10:08:54,24.27,21839,9,买盘
774,10:08:57,24.26,65499,27,卖盘
775,10:09:00,24.27,1344132,555,买盘
776,10:09:03,24.26,33965,14,卖盘
777,10:09:06,24.26,58224,24,卖盘
778,10:09:09,24.27,533911,220,买盘
779,10:09:12,24.31,531754,219,买盘
780,10:09:15,24.31,2431,1,卖盘
781,10:09:18,24.32,14596,6,卖盘
782,10:09:21,24.32,143520,59,卖盘
783,10:09:24,24.32,182400,75,买盘
784,10:09:27,24.31,29172,12,卖盘
785,10:09:30,24.32,36469,15,买盘
786,10:09:33,24.32,126434,52,买盘
787,10:09:36,24.31,41338,17,卖盘
788,10:09:39,24.32,111834,46,买盘
789,10:09:42,24.32,9728,4,买盘
790,10:09:45,24.32,14592,6,买盘
791,10:09:48,24.32,65662,27,买盘
792,10:09:51,24.32,89984,37,买盘
793,10:09:54,24.31,80248,33,卖盘
794,10:09:57,24.32,53504,22,买盘
795,10:10:00,24.31,31610,13,卖盘
796,10:10:03,24.32,279677,115,买盘
797,10:10:06,24.32,85097,35,买盘
798,10:10:09,24.33,38913,16,买盘
799,10:10:12,24.33,21897,9,买盘
800,10:10:15,24.33,17031,7,卖盘
801,10:10:18,24.33,46228,19,卖盘
802,10:10:21,24.34,19467,8,买盘
803,10:10:24,24.34,14604,6,卖盘
804,10:10:30,24.35,51125,21,买盘
805,10:10:33,24.35,26785,11,买盘
806,10:10:36,24.35,167979,69,卖盘
807,10:10:39,24.35,153402,63,买盘
808,10:10:42,24.35,2435,1,买盘
809,10:10:45,24.34,2434,1,买盘
810,10:10:48,24.34,4869,2,中性盘
811,10:10:51,24.35,38960,16,买盘
812,10:10:54,24.34,17038,7,卖盘
813,10:10:57,24.34,138743,57,卖盘
814,10:11:00,24.34,12170,5,买盘
815,10:11:03,24.35,284851,117,买盘
816,10:11:06,24.36,165606,68,买盘
817,10:11:09,24.35,48713,20,卖盘
818,10:11:12,24.35,48716,20,卖盘
819,10:11:15,24.35,92551,38,卖盘
820,10:11:18,24.36,253339,104,买盘
821,10:11:21,24.35,199670,82,卖盘
822,10:11:24,24.36,14616,6,买盘
823,10:11:27,24.34,815537,335,卖盘
824,10:11:30,24.33,14598,6,卖盘
825,10:11:33,24.35,126578,52,买盘
826,10:11:36,24.33,58392,24,卖盘
827,10:11:39,24.33,153283,63,卖盘
828,10:11:42,24.33,58392,24,卖盘
829,10:11:45,24.33,7299,3,卖盘
830,10:11:48,24.33,34062,14,卖盘
831,10:11:51,24.32,14592,6,卖盘
832,10:11:54,24.32,36482,15,卖盘
833,10:11:57,24.32,41344,17,卖盘
834,10:12:00,24.32,60802,25,卖盘
835,10:12:03,24.32,31616,13,买盘
836,10:12:06,24.32,4864,2,买盘
837,10:12:09,24.32,14592,6,买盘
838,10:12:12,24.31,294151,121,卖盘
839,10:12:15,24.27,682382,281,卖盘
840,10:12:18,24.26,206290,85,卖盘
841,10:12:21,24.25,215906,89,卖盘
842,10:12:24,24.25,470451,194,卖盘
843,10:12:27,24.24,269175,111,卖盘
844,10:12:30,24.23,118739,49,卖盘
845,10:12:33,24.21,101742,42,卖盘
846,10:12:36,24.2,19367,8,卖盘
847,10:12:39,24.2,263746,109,卖盘
848,10:12:42,24.22,108922,45,买盘
849,10:12:45,24.2,26625,11,卖盘
850,10:12:48,24.22,198600,82,中性盘
851,10:12:51,24.21,24223,10,卖盘
852,10:12:54,24.23,188883,78,中性盘
853,10:12:57,24.21,31482,13,卖盘
854,10:13:00,24.21,116295,48,买盘
855,10:13:03,24.23,1981478,819,卖盘
856,10:13:06,24.21,75073,31,卖盘
857,10:13:09,24.22,220474,91,卖盘
858,10:13:12,24.23,174454,72,买盘
859,10:13:15,24.23,67844,28,买盘
860,10:13:18,24.23,12115,5,卖盘
861,10:13:21,24.23,33932,14,卖盘
862,10:13:24,24.23,155099,64,卖盘
863,10:13:27,24.23,46045,19,卖盘
864,10:13:30,24.24,155123,64,买盘
865,10:13:33,24.25,433995,179,买盘
866,10:13:36,24.25,674159,278,买盘
867,10:13:39,24.3,12131,5,买盘
868,10:13:42,24.33,97287,40,买盘
869,10:13:45,24.43,1623709,666,买盘
870,10:13:48,24.41,100077,41,中性盘
871,10:13:51,24.42,105030,43,买盘
872,10:13:54,24.43,427304,175,买盘
873,10:13:57,24.36,256241,105,卖盘
874,10:14:00,24.44,1513065,619,买盘
875,10:14:03,24.45,323112,132,中性盘
876,10:14:06,24.49,144542,59,中性盘
877,10:14:09,24.53,818482,334,买盘
878,10:14:12,24.57,901357,367,买盘
879,10:14:15,24.57,908791,370,买盘
880,10:14:18,24.59,1324602,539,买盘
881,10:14:21,24.56,1172421,477,卖盘
882,10:14:24,24.56,196551,80,中性盘
883,10:14:27,24.6,1878551,764,买盘
884,10:14:30,24.6,145044,59,买盘
885,10:14:33,24.59,501789,204,卖盘
886,10:14:36,24.6,371510,151,买盘
887,10:14:39,24.59,560683,228,卖盘
888,10:14:42,24.58,213943,87,卖盘
889,10:14:45,24.58,533270,217,卖盘
890,10:14:48,24.59,909005,370,买盘
891,10:14:51,24.56,184312,75,中性盘
892,10:14:54,24.55,297381,121,卖盘
893,10:14:57,24.56,211267,86,买盘
894,10:15:00,24.58,314461,128,买盘
895,10:15:03,24.58,255573,104,买盘
896,10:15:06,24.59,176968,72,买盘
897,10:15:09,24.61,2177002,885,买盘
898,10:15:12,24.63,637741,259,买盘
899,10:15:15,24.65,2447341,993,买盘
900,10:15:18,24.64,704846,286,卖盘
901,10:15:21,24.65,243965,99,买盘
902,10:15:24,24.63,377105,153,中性盘
903,10:15:27,24.64,694577,282,买盘
904,10:15:30,24.61,958917,390,卖盘
905,10:15:33,24.61,949917,386,卖盘
906,10:15:36,24.64,1093203,444,买盘
907,10:15:39,24.63,201899,82,中性盘
908,10:15:42,24.63,108340,44,买盘
909,10:15:45,24.61,674805,274,卖盘
910,10:15:48,24.61,480205,195,卖盘
911,10:15:51,24.61,238679,97,卖盘
912,10:15:54,24.6,115628,47,卖盘
913,10:15:57,24.6,317373,129,买盘
914,10:16:00,24.57,245871,100,卖盘
915,10:16:03,24.56,167051,68,卖盘
916,10:16:06,24.56,707638,288,卖盘
917,10:16:09,24.56,422434,172,买盘
918,10:16:12,24.56,71222,29,买盘
919,10:16:15,24.56,196445,80,买盘
920,10:16:18,24.56,1225111,499,卖盘
921,10:16:21,24.58,186709,76,买盘
922,10:16:24,24.58,98265,40,买盘
923,10:16:27,24.59,41791,17,买盘
924,10:16:30,24.6,132791,54,买盘
925,10:16:33,24.59,76221,31,买盘
926,10:16:36,24.58,83591,34,卖盘
927,10:16:39,24.59,93414,38,买盘
928,10:16:42,24.59,238426,97,买盘
929,10:16:45,24.58,76189,31,中性盘
930,10:16:48,24.6,292644,119,买盘
931,10:16:51,24.59,66371,27,中性盘
932,10:16:54,24.59,275361,112,卖盘
933,10:16:57,24.58,540799,220,卖盘
934,10:17:00,24.58,221155,90,买盘
935,10:17:03,24.58,130238,53,买盘
936,10:17:06,24.58,22115,9,买盘
937,10:17:09,24.53,2514275,1024,卖盘
938,10:17:12,24.52,159422,65,卖盘
939,10:17:15,24.52,169170,69,卖盘
940,10:17:18,24.5,198548,81,卖盘
941,10:17:21,24.5,181415,74,卖盘
942,10:17:24,24.52,178860,73,买盘
943,10:17:27,24.51,78411,32,中性盘
944,10:17:30,24.52,384803,157,买盘
945,10:17:33,24.53,152063,62,买盘
946,10:17:36,24.54,41702,17,买盘
947,10:17:42,24.54,191414,78,买盘
948,10:17:45,24.54,71175,29,卖盘
949,10:17:48,24.54,159511,65,卖盘
950,10:17:51,24.54,68708,28,卖盘
951,10:17:54,24.55,112868,46,买盘
952,10:17:57,24.54,61350,25,卖盘
953,10:18:00,24.55,287136,117,买盘
954,10:18:03,24.55,31912,13,买盘
955,10:18:06,24.54,63808,26,中性盘
956,10:18:09,24.55,311700,127,买盘
957,10:18:12,24.54,152167,62,卖盘
958,10:18:15,24.54,71186,29,卖盘
959,10:18:18,24.54,76097,31,卖盘
960,10:18:21,24.54,188973,77,卖盘
961,10:18:24,24.53,245329,100,卖盘
962,10:18:27,24.54,34352,14,买盘
963,10:18:30,24.53,105480,43,卖盘
964,10:18:33,24.53,90774,37,卖盘
965,10:18:36,24.53,186430,76,卖盘
966,10:18:39,24.52,12260,5,卖盘
967,10:18:42,24.53,267310,109,买盘
968,10:18:45,24.51,544358,222,卖盘
969,10:18:48,24.51,22061,9,卖盘
970,10:18:51,24.51,115197,47,卖盘
971,10:18:54,24.5,1374591,561,卖盘
972,10:18:57,24.5,142100,58,买盘
973,10:19:00,24.49,7347,3,卖盘
974,10:19:03,24.49,318374,130,卖盘
975,10:19:06,24.47,296172,121,卖盘
976,10:19:09,24.47,17124,7,买盘
977,10:19:12,24.46,34244,14,卖盘
978,10:19:15,24.46,110090,45,卖盘
979,10:19:18,24.45,24455,10,卖盘
980,10:19:21,24.45,156506,64,卖盘
981,10:19:24,24.45,75823,31,卖盘
982,10:19:27,24.45,61125,25,卖盘
983,10:19:30,24.45,202985,83,卖盘
984,10:19:33,24.46,58692,24,买盘
985,10:19:36,24.47,259382,106,买盘
986,10:19:39,24.47,124797,51,买盘
987,10:19:42,24.47,44046,18,卖盘
988,10:19:45,24.48,19584,8,买盘
989,10:19:48,24.49,83260,34,买盘
990,10:19:51,24.49,112701,46,中性盘
991,10:19:54,24.49,105342,43,卖盘
992,10:19:57,24.49,313497,128,卖盘
993,10:20:00,24.49,127347,52,中性盘
994,10:20:03,24.5,51438,21,买盘
995,10:20:06,24.49,124860,51,中性盘
996,10:20:09,24.5,626853,256,买盘
997,10:20:12,24.5,31847,13,买盘
998,10:20:15,24.49,122489,50,卖盘
999,10:20:18,24.5,53896,22,买盘
1000,10:20:21,24.49,122475,50,卖盘
1001,10:20:24,24.5,66152,27,买盘
1002,10:20:27,24.5,85750,35,卖盘
1003,10:20:30,24.5,107800,44,买盘
1004,10:20:33,24.51,514572,210,买盘
1005,10:20:36,24.51,17155,7,买盘
1006,10:20:39,24.52,83336,34,买盘
1007,10:20:42,24.52,139764,57,买盘
1008,10:20:45,24.52,183902,75,卖盘
1009,10:20:48,24.53,44151,18,买盘
1010,10:20:51,24.54,100605,41,买盘
1011,10:20:54,24.52,664060,271,卖盘
1012,10:20:57,24.52,355247,145,中性盘
1013,10:21:00,24.52,210842,86,买盘
1014,10:21:03,24.5,12250,5,卖盘
1015,10:21:06,24.5,100482,41,卖盘
1016,10:21:09,24.5,164150,67,卖盘
1017,10:21:12,24.5,29400,12,买盘
1018,10:21:15,24.5,41648,17,买盘
1019,10:21:18,24.49,183678,75,卖盘
1020,10:21:21,24.47,829807,339,卖盘
1021,10:21:24,24.46,75854,31,卖盘
1022,10:21:27,24.46,237259,97,卖盘
1023,10:21:30,24.46,176063,72,买盘
1024,10:21:33,24.46,393672,161,中性盘
1025,10:21:36,24.45,190743,78,卖盘
1026,10:21:39,24.45,171150,70,卖盘
1027,10:21:42,24.45,78238,32,买盘
1028,10:21:45,24.45,298115,122,买盘
1029,10:21:48,24.45,454787,186,卖盘
1030,10:21:51,24.45,237167,97,卖盘
1031,10:21:54,24.46,31795,13,买盘
1032,10:21:57,24.45,112484,46,卖盘
1033,10:22:00,24.46,193162,79,买盘
1034,10:22:03,24.46,97824,40,买盘
1035,10:22:06,24.46,12231,5,卖盘
1036,10:22:09,24.46,68509,28,卖盘
1037,10:22:15,24.47,127226,52,买盘
1038,10:22:18,24.45,1581967,646,卖盘
1039,10:22:21,24.45,9782,4,卖盘
1040,10:22:24,24.45,114917,47,卖盘
1041,10:22:27,24.45,39125,16,卖盘
1042,10:22:30,24.45,462108,189,卖盘
1043,10:22:33,24.46,63577,26,买盘
1044,10:22:36,24.46,92930,38,买盘
1045,10:22:39,24.45,80708,33,卖盘
1046,10:22:42,24.46,136975,56,买盘
1047,10:22:45,24.47,112558,46,买盘
1048,10:22:48,24.46,2446,1,卖盘
1049,10:22:51,24.47,48940,20,买盘
1050,10:22:54,24.47,239828,98,买盘
1051,10:22:57,24.48,41600,17,买盘
1052,10:23:03,24.48,41616,17,买盘
1053,10:23:06,24.49,75896,31,买盘
1054,10:23:09,24.49,22036,9,买盘
1055,10:23:12,24.49,24490,10,买盘
1056,10:23:15,24.48,203240,83,卖盘
1057,10:23:18,24.49,80817,33,买盘
1058,10:23:21,24.48,39170,16,卖盘
1059,10:23:24,24.49,51428,21,买盘
1060,10:23:27,24.48,264442,108,卖盘
1061,10:23:30,24.49,144465,59,买盘
1062,10:23:33,24.49,22034,9,买盘
1063,10:23:36,24.48,56297,23,买盘
1064,10:23:39,24.48,68567,28,中性盘
1065,10:23:42,24.48,44064,18,卖盘
1066,10:23:45,24.48,26930,11,卖盘
1067,10:23:48,24.49,93052,38,买盘
1068,10:23:51,24.48,267033,109,中性盘
1069,10:23:54,24.49,53849,22,卖盘
1070,10:24:00,24.49,34286,14,买盘
1071,10:24:03,24.48,17142,7,中性盘
1072,10:24:06,24.48,19584,8,买盘
1073,10:24:09,24.47,381896,156,卖盘
1074,10:24:12,24.43,1139086,466,卖盘
1075,10:24:15,24.42,78152,32,卖盘
1076,10:24:18,24.42,302826,124,卖盘
1077,10:24:21,24.42,107448,44,买盘
1078,10:24:24,24.43,46407,19,买盘
1079,10:24:27,24.43,12215,5,买盘
1080,10:24:30,24.43,14661,6,卖盘
1081,10:24:33,24.43,97720,40,卖盘
1082,10:24:36,24.43,156352,64,买盘
1083,10:24:39,24.43,207655,85,卖盘
1084,10:24:42,24.43,134365,55,卖盘
1085,10:24:45,24.42,317465,130,卖盘
1086,10:24:48,24.42,61052,25,卖盘
1087,10:24:51,24.42,58608,24,卖盘
1088,10:24:54,24.43,293146,120,买盘
1089,10:24:57,24.43,7329,3,卖盘
1090,10:25:00,24.43,12215,5,卖盘
1091,10:25:03,24.45,139317,57,买盘
1092,10:25:06,24.44,78209,32,卖盘
1093,10:25:09,24.44,9776,4,卖盘
1094,10:25:12,24.45,51341,21,买盘
1095,10:25:15,24.45,9780,4,买盘
1096,10:25:18,24.45,100235,41,买盘
1097,10:25:21,24.45,9781,4,卖盘
1098,10:25:24,24.45,17119,7,卖盘
1099,10:25:27,24.45,36689,15,卖盘
1100,10:25:30,24.45,273797,112,卖盘
1101,10:25:33,24.45,122250,50,买盘
1102,10:25:36,24.45,85575,35,买盘
1103,10:25:39,24.45,119825,49,卖盘
1104,10:25:42,24.47,19575,8,买盘
1105,10:25:45,24.47,7341,3,买盘
1106,10:25:48,24.47,107662,44,买盘
1107,10:25:54,24.48,58730,24,买盘
1108,10:25:57,24.47,90539,37,卖盘
1109,10:26:00,24.48,129703,53,买盘
1110,10:26:03,24.47,88074,36,卖盘
1111,10:26:06,24.47,24472,10,卖盘
1112,10:26:09,24.46,63619,26,卖盘
1113,10:26:12,24.47,22022,9,买盘
1114,10:26:15,24.47,41584,17,买盘
1115,10:26:18,24.47,227510,93,买盘
1116,10:26:21,24.46,12230,5,卖盘
1117,10:26:24,24.46,56280,23,卖盘
1118,10:26:27,24.47,90533,37,中性盘
1119,10:26:30,24.46,105187,43,卖盘
1120,10:26:33,24.47,90539,37,买盘
1121,10:26:36,24.47,105221,43,买盘
1122,10:26:39,24.46,36690,15,卖盘
1123,10:26:42,24.47,17126,7,买盘
1124,10:26:45,24.47,46477,19,买盘
1125,10:26:48,24.47,36691,15,买盘
1126,10:26:51,24.46,511102,209,卖盘
1127,10:26:54,24.46,427676,175,买盘
1128,10:26:57,24.45,48889,20,买盘
1129,10:27:00,24.43,298046,122,卖盘
1130,10:27:03,24.4,937468,384,卖盘
1131,10:27:06,24.41,53702,22,买盘
1132,10:27:09,24.41,36610,15,买盘
1133,10:27:12,24.41,214819,88,买盘
1134,10:27:15,24.41,104965,43,卖盘
1135,10:27:18,24.41,82984,34,卖盘
1136,10:27:21,24.4,7320,3,卖盘
1137,10:27:24,24.42,41499,17,买盘
1138,10:27:27,24.42,51300,21,卖盘
1139,10:27:30,24.42,17099,7,卖盘
1140,10:27:33,24.41,17089,7,卖盘
1141,10:27:36,24.42,4884,2,买盘
1142,10:27:39,24.42,24420,10,卖盘
1143,10:27:42,24.42,26861,11,买盘
1144,10:27:45,24.42,4884,2,买盘
1145,10:27:48,24.42,141614,58,买盘
1146,10:27:51,24.42,136752,56,买盘
1147,10:27:54,24.43,7328,3,买盘
1148,10:27:57,24.42,26862,11,卖盘
1149,10:28:00,24.41,229513,94,卖盘
1150,10:28:03,24.43,17098,7,买盘
1151,10:28:06,24.42,26869,11,中性盘
1152,10:28:09,24.41,12209,5,卖盘
1153,10:28:12,24.42,39072,16,买盘
1154,10:28:15,24.43,14651,6,买盘
1155,10:28:18,24.42,4884,2,中性盘
1156,10:28:21,24.42,19536,8,卖盘
1157,10:28:24,24.42,95238,39,买盘
1158,10:28:27,24.42,356563,146,买盘
1159,10:28:30,24.41,87910,36,卖盘
1160,10:28:33,24.41,366169,150,卖盘
1161,10:28:36,24.42,68399,28,中性盘
1162,10:28:39,24.44,153916,63,买盘
1163,10:28:42,24.42,195376,80,中性盘
1164,10:28:45,24.42,7326,3,中性盘
1165,10:28:48,24.44,53763,22,买盘
1166,10:28:51,24.44,4888,2,卖盘
1167,10:28:54,24.45,4890,2,买盘
1168,10:28:57,24.44,12220,5,卖盘
1169,10:29:00,24.44,144133,59,卖盘
1170,10:29:03,24.43,51303,21,中性盘
1171,10:29:06,24.42,9769,4,卖盘
1172,10:29:09,24.42,17097,7,卖盘
1173,10:29:12,24.42,95238,39,卖盘
1174,10:29:15,24.42,63490,26,买盘
1175,10:29:18,24.41,2441,1,卖盘
1176,10:29:21,24.42,19535,8,买盘
1177,10:29:24,24.42,26857,11,买盘
1178,10:29:27,24.41,61025,25,卖盘
1179,10:29:30,24.41,353945,145,卖盘
1180,10:29:33,24.41,461349,189,卖盘
1181,10:29:36,24.4,61008,25,卖盘
1182,10:29:39,24.41,29285,12,买盘
1183,10:29:42,24.4,1737282,712,卖盘
1184,10:29:45,24.38,690433,283,卖盘
1185,10:29:48,24.38,2438,1,卖盘
1186,10:29:51,24.38,39009,16,卖盘
1187,10:29:54,24.38,60950,25,卖盘
1188,10:29:57,24.38,4877,2,卖盘
1189,10:30:00,24.38,7314,3,卖盘
1190,10:30:03,24.38,414460,170,卖盘
1191,10:30:06,24.38,177995,73,卖盘
1192,10:30:09,24.38,9752,4,买盘
1193,10:30:12,24.38,156030,64,买盘
1194,10:30:15,24.37,148702,61,卖盘
1195,10:30:18,24.38,153594,63,买盘
1196,10:30:21,24.38,9752,4,买盘
1197,10:30:24,24.37,402104,165,卖盘
1198,10:30:27,24.36,331296,136,卖盘
1199,10:30:30,24.35,219231,90,卖盘
1200,10:30:33,24.35,75509,31,卖盘
1201,10:30:36,24.35,202110,83,卖盘
1202,10:30:39,24.35,43830,18,卖盘
1203,10:30:45,24.35,9740,4,买盘
1204,10:30:48,24.35,143657,59,买盘
1205,10:30:51,24.35,43830,18,卖盘
1206,10:30:54,24.37,95002,39,买盘
1207,10:30:57,24.36,65773,27,卖盘
1208,10:31:00,24.37,29243,12,买盘
1209,10:31:03,24.38,285160,117,买盘
1210,10:31:06,24.37,4874,2,卖盘
1211,10:31:09,24.38,180414,74,买盘
1212,10:31:12,24.38,53632,22,卖盘
1213,10:31:15,24.37,309526,127,卖盘
1214,10:31:18,24.38,97509,40,买盘
1215,10:31:21,24.38,34128,14,买盘
1216,10:31:24,24.36,302096,124,卖盘
1217,10:31:27,24.35,567408,233,卖盘
1218,10:31:30,24.35,260559,107,买盘
1219,10:31:33,24.34,469890,193,卖盘
1220,10:31:36,24.34,253098,104,卖盘
1221,10:31:39,24.33,38942,16,卖盘
1222,10:31:42,24.33,423594,174,卖盘
1223,10:31:45,24.33,138687,57,卖盘
1224,10:31:48,24.33,14598,6,卖盘
1225,10:31:51,24.33,425807,175,卖盘
1226,10:31:54,24.33,60825,25,卖盘
1227,10:31:57,24.33,87613,36,卖盘
1228,10:32:00,24.34,124112,51,买盘
1229,10:32:03,24.34,41380,17,卖盘
1230,10:32:06,24.34,77888,32,买盘
1231,10:32:09,24.34,58411,24,买盘
1232,10:32:12,24.34,51124,21,卖盘
1233,10:32:15,24.34,41378,17,卖盘
1234,10:32:18,24.33,82732,34,卖盘
1235,10:32:24,24.35,31652,13,买盘
1236,10:32:27,24.34,133871,55,卖盘
1237,10:32:30,24.35,31646,13,买盘
1238,10:32:33,24.35,14610,6,买盘
1239,10:32:36,24.35,65745,27,买盘
1240,10:32:39,24.35,233766,96,卖盘
1241,10:32:42,24.36,31657,13,买盘
1242,10:32:45,24.35,75503,31,卖盘
1243,10:32:48,24.35,136366,56,卖盘
1244,10:32:51,24.35,41392,17,买盘
1245,10:32:54,24.36,163148,67,买盘
1246,10:32:57,24.36,53582,22,买盘
1247,10:33:00,24.35,9743,4,卖盘
1248,10:33:03,24.37,75523,31,买盘
1249,10:33:06,24.36,75521,31,卖盘
1250,10:33:09,24.37,34112,14,买盘
1251,10:33:12,24.37,4873,2,买盘
1252,10:33:15,24.38,63374,26,买盘
1253,10:33:18,24.38,75597,31,卖盘
1254,10:33:21,24.39,63413,26,买盘
1255,10:33:27,24.4,53673,22,买盘
1256,10:33:30,24.4,95158,39,买盘
1257,10:33:33,24.4,48798,20,买盘
1258,10:33:36,24.4,121974,50,卖盘
1259,10:33:39,24.4,68312,28,买盘
1260,10:33:42,24.4,338927,139,买盘
1261,10:33:45,24.38,19504,8,买盘
1262,10:33:48,24.35,713963,293,卖盘
1263,10:33:54,24.37,43848,18,买盘
1264,10:34:00,24.35,41404,17,卖盘
1265,10:34:03,24.37,65797,27,买盘
1266,10:34:06,24.37,31681,13,卖盘
1267,10:34:12,24.37,148657,61,卖盘
1268,10:34:15,24.38,14626,6,买盘
1269,10:34:18,24.35,148564,61,卖盘
1270,10:34:21,24.37,14621,6,买盘
1271,10:34:24,24.36,4872,2,卖盘
1272,10:34:27,24.37,2437,1,买盘
1273,10:34:30,24.36,26796,11,卖盘
1274,10:34:33,24.37,9748,4,买盘
1275,10:34:36,24.36,343476,141,卖盘
1276,10:34:39,24.36,21926,9,中性盘
1277,10:34:42,24.36,17052,7,卖盘
1278,10:34:45,24.36,177879,73,卖盘
1279,10:34:48,24.36,65818,27,卖盘
1280,10:34:51,24.37,2437,1,卖盘
1281,10:34:54,24.37,63345,26,卖盘
1282,10:34:57,24.37,73111,30,卖盘
1283,10:35:03,24.38,17066,7,买盘
1284,10:35:06,24.39,34142,14,买盘
1285,10:35:09,24.38,12190,5,卖盘
1286,10:35:12,24.39,7317,3,买盘
1287,10:35:15,24.39,7317,3,买盘
1288,10:35:18,24.39,4878,2,买盘
1289,10:35:21,24.39,2439,1,买盘
1290,10:35:24,24.39,29258,12,买盘
1291,10:35:27,24.39,102438,42,买盘
1292,10:35:30,24.39,75591,31,买盘
1293,10:35:33,24.39,287694,118,买盘
1294,10:35:36,24.39,48789,20,卖盘
1295,10:35:39,24.4,24393,10,买盘
1296,10:35:45,24.4,29280,12,买盘
1297,10:35:48,24.4,92720,38,买盘
1298,10:35:51,24.4,248880,102,买盘
1299,10:35:54,24.4,522070,214,买盘
1300,10:35:57,24.4,456275,187,买盘
1301,10:36:00,24.42,312340,128,买盘
1302,10:36:06,24.42,41514,17,买盘
1303,10:36:09,24.42,14649,6,买盘
1304,10:36:12,24.42,124523,51,买盘
1305,10:36:15,24.42,625288,256,卖盘
1306,10:36:18,24.43,19537,8,买盘
1307,10:36:21,24.42,24423,10,卖盘
1308,10:36:24,24.43,36645,15,买盘
1309,10:36:27,24.42,102576,42,卖盘
1310,10:36:30,24.42,95238,39,买盘
1311,10:36:33,24.42,39072,16,买盘
1312,10:36:36,24.42,14652,6,买盘
1313,10:36:39,24.42,29304,12,买盘
1314,10:36:42,24.41,31733,13,卖盘
1315,10:36:45,24.42,12208,5,买盘
1316,10:36:51,24.42,39072,16,买盘
1317,10:36:54,24.41,63466,26,卖盘
1318,10:37:00,24.41,63456,26,买盘
1319,10:37:03,24.4,31720,13,卖盘
1320,10:37:06,24.4,34161,14,卖盘
1321,10:37:09,24.39,136638,56,卖盘
1322,10:37:12,24.41,373340,153,买盘
1323,10:37:15,24.4,85394,35,买盘
1324,10:37:18,24.39,26832,11,卖盘
1325,10:37:21,24.4,7318,3,买盘
1326,10:37:24,24.4,34160,14,买盘
1327,10:37:27,24.39,51225,21,卖盘
1328,10:37:30,24.4,7320,3,买盘
1329,10:37:33,24.39,212203,87,卖盘
1330,10:37:36,24.39,151188,62,买盘
1331,10:37:39,24.39,48780,20,买盘
1332,10:37:45,24.4,17075,7,买盘
1333,10:37:48,24.4,31720,13,买盘
1334,10:37:51,24.39,24390,10,卖盘
1335,10:37:54,24.39,19512,8,买盘
1336,10:37:57,24.39,26829,11,买盘
1337,10:38:00,24.38,112148,46,卖盘
1338,10:38:03,24.38,497353,204,卖盘
1339,10:38:06,24.37,53628,22,卖盘
1340,10:38:09,24.37,134035,55,卖盘
1341,10:38:12,24.37,17059,7,买盘
1342,10:38:15,24.38,63376,26,买盘
1343,10:38:18,24.39,78018,32,买盘
1344,10:38:21,24.4,124400,51,买盘
1345,10:38:24,24.39,43903,18,卖盘
1346,10:38:27,24.4,104920,43,买盘
1347,10:38:30,24.4,36591,15,买盘
1348,10:38:33,24.4,139051,57,买盘
1349,10:38:36,24.41,331885,136,买盘
1350,10:38:39,24.42,117179,48,买盘
1351,10:38:42,24.41,80575,33,卖盘
1352,10:38:45,24.42,136752,56,买盘
1353,10:38:48,24.43,173414,71,买盘
1354,10:38:51,24.44,73319,30,买盘
1355,10:38:54,24.44,51342,21,中性盘
1356,10:38:57,24.45,44002,18,买盘
1357,10:39:00,24.46,7337,3,买盘
1358,10:39:03,24.47,75829,31,买盘
1359,10:39:06,24.46,24463,10,卖盘
1360,10:39:09,24.49,100370,41,买盘
1361,10:39:12,24.5,188648,77,买盘
1362,10:39:15,24.54,233043,95,买盘
1363,10:39:18,24.53,83394,34,中性盘
1364,10:39:21,24.52,58865,24,卖盘
1365,10:39:24,24.5,272047,111,卖盘
1366,10:39:27,24.51,159273,65,买盘
1367,10:39:30,24.52,181365,74,中性盘
1368,10:39:33,24.51,46554,19,中性盘
1369,10:39:36,24.52,115212,47,买盘
1370,10:39:39,24.52,269825,110,买盘
1371,10:39:45,24.52,321228,131,卖盘
1372,10:39:48,24.52,132418,54,卖盘
1373,10:39:51,24.52,142265,58,买盘
1374,10:39:54,24.52,98100,40,卖盘
1375,10:39:57,24.53,112784,46,买盘
1376,10:40:00,24.53,34341,14,中性盘
1377,10:40:03,24.52,223290,91,卖盘
1378,10:40:06,24.52,88305,36,卖盘
1379,10:40:09,24.53,24529,10,买盘
1380,10:40:12,24.52,83370,34,卖盘
1381,10:40:15,24.52,218231,89,卖盘
1382,10:40:18,24.52,147095,60,卖盘
1383,10:40:21,24.52,174097,71,买盘
1384,10:40:24,24.51,12257,5,卖盘
1385,10:40:30,24.51,53936,22,卖盘
1386,10:40:33,24.52,402078,164,买盘
1387,10:40:36,24.51,51471,21,卖盘
1388,10:40:39,24.51,41667,17,买盘
1389,10:40:42,24.5,17151,7,卖盘
1390,10:40:45,24.5,36754,15,卖盘
1391,10:40:48,24.51,193563,79,买盘
1392,10:40:51,24.5,34305,14,卖盘
1393,10:40:54,24.5,44093,18,买盘
1394,10:40:57,24.5,7350,3,买盘
1395,10:41:00,24.49,159201,65,卖盘
1396,10:41:03,24.5,957825,391,买盘
1397,10:41:06,24.55,1420259,579,买盘
1398,10:41:09,24.52,176709,72,中性盘
1399,10:41:12,24.52,12269,5,卖盘
1400,10:41:15,24.53,4907,2,中性盘
1401,10:41:18,24.53,39237,16,卖盘
1402,10:41:21,24.55,31913,13,买盘
1403,10:41:24,24.54,73644,30,卖盘
1404,10:41:27,24.55,7365,3,买盘
1405,10:41:30,24.54,41734,17,卖盘
1406,10:41:33,24.55,73650,30,买盘
1407,10:41:36,24.55,4911,2,卖盘
1408,10:41:39,24.55,277518,113,卖盘
1409,10:41:42,24.56,331540,135,买盘
1410,10:41:45,24.56,100676,41,买盘
1411,10:41:48,24.56,115432,47,买盘
1412,10:41:51,24.55,385582,157,卖盘
1413,10:41:54,24.56,58941,24,买盘
1414,10:41:57,24.55,66285,27,卖盘
1415,10:42:00,24.56,663094,270,买盘
1416,10:42:03,24.56,31928,13,买盘
1417,10:42:06,24.55,564848,230,卖盘
1418,10:42:09,24.55,58941,24,卖盘
1419,10:42:12,24.55,54010,22,卖盘
1420,10:42:15,24.55,81028,33,卖盘
1421,10:42:18,24.55,61375,25,买盘
1422,10:42:21,24.54,27000,11,卖盘
1423,10:42:24,24.55,7365,3,买盘
1424,10:42:27,24.54,198820,81,卖盘
1425,10:42:30,24.53,103084,42,卖盘
1426,10:42:33,24.55,22089,9,买盘
1427,10:42:36,24.54,284662,116,买盘
1428,10:42:39,24.56,108040,44,买盘
1429,10:42:42,24.56,78592,32,买盘
1430,10:42:45,24.56,12280,5,买盘
1431,10:42:48,24.55,66291,27,卖盘
1432,10:42:51,24.55,115414,47,卖盘
1433,10:42:54,24.55,19640,8,买盘
1434,10:42:57,24.54,44178,18,卖盘
1435,10:43:00,24.55,88355,36,买盘
1436,10:43:03,24.54,34357,14,中性盘
1437,10:43:06,24.54,85860,35,中性盘
1438,10:43:09,24.54,24534,10,买盘
1439,10:43:12,24.54,152156,62,买盘
1440,10:43:15,24.55,272584,111,买盘
1441,10:43:21,24.56,292293,119,卖盘
1442,10:43:24,24.56,171920,70,买盘
1443,10:43:27,24.57,36851,15,买盘
1444,10:43:30,24.57,22113,9,买盘
1445,10:43:33,24.61,2752354,1119,买盘
1446,10:43:36,24.63,679492,276,买盘
1447,10:43:39,24.63,64038,26,买盘
1448,10:43:42,24.63,86205,35,买盘
1449,10:43:45,24.63,261078,106,买盘
1450,10:43:48,24.63,96074,39,买盘
1451,10:43:51,24.63,209431,85,卖盘
1452,10:43:54,24.64,458222,186,买盘
1453,10:43:57,24.65,123249,50,买盘
1454,10:44:00,24.65,1059874,430,买盘
1455,10:44:03,24.64,384532,156,卖盘
1456,10:44:06,24.64,640823,260,卖盘
1457,10:44:09,24.63,234063,95,卖盘
1458,10:44:12,24.63,238918,97,卖盘
1459,10:44:15,24.62,105897,43,卖盘
1460,10:44:18,24.61,95912,39,中性盘
1461,10:44:21,24.6,169853,69,中性盘
1462,10:44:24,24.6,135330,55,卖盘
1463,10:44:27,24.56,49196,20,卖盘
1464,10:44:30,24.6,140109,57,买盘
1465,10:44:33,24.6,31958,13,买盘
1466,10:44:36,24.57,51650,21,卖盘
1467,10:44:39,24.58,12286,5,买盘
1468,10:44:42,24.57,868573,353,卖盘
1469,10:44:45,24.6,103316,42,买盘
1470,10:44:48,24.59,63956,26,卖盘
1471,10:44:51,24.6,86088,35,卖盘
1472,10:44:54,24.6,71330,29,卖盘
1473,10:44:57,24.61,174674,71,买盘
1474,10:45:00,24.6,61501,25,中性盘
1475,10:45:03,24.61,137798,56,买盘
1476,10:45:06,24.61,14765,6,卖盘
1477,10:45:09,24.6,159982,65,卖盘
1478,10:45:12,24.6,615360,250,卖盘
1479,10:45:15,24.61,233703,95,买盘
1480,10:45:18,24.61,46744,19,买盘
1481,10:45:21,24.61,280389,114,买盘
1482,10:45:24,24.61,118099,48,买盘
1483,10:45:27,24.59,248473,101,卖盘
1484,10:45:30,24.59,302480,123,买盘
1485,10:45:33,24.58,363847,148,卖盘
1486,10:45:36,24.58,275653,112,卖盘
1487,10:45:39,24.58,110615,45,卖盘
1488,10:45:42,24.58,452274,184,卖盘
1489,10:45:45,24.6,341799,139,买盘
1490,10:45:48,24.61,86135,35,买盘
1491,10:45:51,24.62,388872,158,买盘
1492,10:45:54,24.6,159935,65,卖盘
1493,10:45:57,24.61,95948,39,买盘
1494,10:46:00,24.61,159929,65,买盘
1495,10:46:03,24.6,88564,36,卖盘
1496,10:46:06,24.61,167275,68,买盘
1497,10:46:09,24.6,275585,112,卖盘
1498,10:46:12,24.6,34440,14,卖盘
1499,10:46:15,24.6,154982,63,卖盘
1500,10:46:18,24.59,465015,189,卖盘
1501,10:46:21,24.59,113157,46,卖盘
1502,10:46:24,24.61,334463,136,买盘
1503,10:46:27,24.59,1546472,629,卖盘
1504,10:46:30,24.58,61462,25,卖盘
1505,10:46:33,24.59,1673777,680,买盘
1506,10:46:36,24.59,54093,22,买盘
1507,10:46:39,24.59,209072,85,卖盘
1508,10:46:42,24.62,268298,109,买盘
1509,10:46:45,24.62,34468,14,买盘
1510,10:46:48,24.62,182178,74,买盘
1511,10:46:51,24.63,61553,25,买盘
1512,10:46:54,24.62,115716,47,卖盘
1513,10:46:57,24.62,54166,22,卖盘
1514,10:47:00,24.64,911281,370,买盘
1515,10:47:03,24.66,2891350,1173,买盘
1516,10:47:06,24.68,3096136,1255,买盘
1517,10:47:09,24.72,1919509,777,买盘
1518,10:47:12,24.75,457632,185,买盘
1519,10:47:15,24.76,688042,278,买盘
1520,10:47:18,24.77,1057466,427,买盘
1521,10:47:21,24.77,485337,196,买盘
1522,10:47:24,24.77,2438709,985,买盘
1523,10:47:27,24.76,727806,294,卖盘
1524,10:47:30,24.77,420984,170,买盘
1525,10:47:33,24.75,899224,363,买盘
1526,10:47:36,24.76,679044,274,卖盘
1527,10:47:39,24.75,666447,269,卖盘
1528,10:47:42,24.75,71782,29,卖盘
1529,10:47:45,24.75,341517,138,卖盘
1530,10:47:48,24.75,457819,185,买盘
1531,10:47:51,24.76,898467,363,买盘
1532,10:47:54,24.76,309406,125,买盘
1533,10:47:57,24.76,151034,61,买盘
1534,10:48:00,24.76,408551,165,卖盘
1535,10:48:03,24.76,183215,74,卖盘
1536,10:48:06,24.76,274902,111,买盘
1537,10:48:09,24.7,779591,315,卖盘
1538,10:48:12,24.73,108823,44,中性盘
1539,10:48:15,24.7,118612,48,卖盘
1540,10:48:18,24.72,272025,110,买盘
1541,10:48:21,24.7,51870,21,买盘
1542,10:48:24,24.7,424840,172,买盘
1543,10:48:27,24.72,249420,101,买盘
1544,10:48:30,24.69,32106,13,卖盘
1545,10:48:33,24.72,111159,45,买盘
1546,10:48:36,24.7,394753,160,卖盘
1547,10:48:39,24.71,128457,52,中性盘
1548,10:48:42,24.7,96347,39,卖盘
1549,10:48:45,24.7,548628,222,卖盘
1550,10:48:48,24.7,103741,42,卖盘
1551,10:48:51,24.7,370440,150,买盘
1552,10:48:54,24.71,61758,25,买盘
1553,10:48:57,24.71,69175,28,买盘
1554,10:49:00,24.73,637445,258,买盘
1555,10:49:03,24.73,474367,192,买盘
1556,10:49:06,24.72,79138,32,卖盘
1557,10:49:09,24.74,277051,112,买盘
1558,10:49:12,24.74,338954,137,卖盘
1559,10:49:15,24.74,44532,18,卖盘
1560,10:49:18,24.74,118751,48,买盘
1561,10:49:21,24.71,729660,295,卖盘
1562,10:49:24,24.73,32148,13,买盘
1563,10:49:27,24.74,244898,99,买盘
1564,10:49:30,24.74,98921,40,买盘
1565,10:49:33,24.73,464775,188,中性盘
1566,10:49:36,24.73,133575,54,买盘
1567,10:49:39,24.73,81563,33,卖盘
1568,10:49:42,24.74,64310,26,买盘
1569,10:49:45,24.73,207753,84,卖盘
1570,10:49:48,24.72,19783,8,卖盘
1571,10:49:51,24.73,277068,112,买盘
1572,10:49:54,24.73,69248,28,买盘
1573,10:49:57,24.73,368485,149,卖盘
1574,10:50:00,24.74,98922,40,买盘
1575,10:50:03,24.74,378381,153,买盘
1576,10:50:06,24.74,158319,64,买盘
1577,10:50:09,24.74,116260,47,买盘
1578,10:50:12,24.74,794023,321,买盘
1579,10:50:15,24.72,526909,213,卖盘
1580,10:50:18,24.74,140988,57,买盘
1581,10:50:21,24.74,91539,37,卖盘
1582,10:50:24,24.75,84123,34,买盘
1583,10:50:27,24.75,49488,20,买盘
1584,10:50:30,24.74,259841,105,卖盘
1585,10:50:33,24.75,205425,83,买盘
1586,10:50:36,24.75,143520,58,买盘
1587,10:50:39,24.76,547032,221,买盘
1588,10:50:42,24.76,641178,259,买盘
1589,10:50:45,24.78,151079,61,买盘
1590,10:50:48,24.78,69357,28,买盘
1591,10:50:51,24.78,237869,96,买盘
1592,10:50:54,24.79,237882,96,买盘
1593,10:50:57,24.79,770948,311,买盘
1594,10:51:00,24.8,1748298,705,买盘
1595,10:51:03,24.8,71915,29,买盘
1596,10:51:06,24.8,1026597,414,买盘
1597,10:51:09,24.8,91763,37,卖盘
1598,10:51:12,24.83,1300321,524,买盘
1599,10:51:15,24.8,243281,98,卖盘
1600,10:51:18,24.88,1863589,750,买盘
1601,10:51:21,24.89,181632,73,买盘
1602,10:51:24,24.92,2906716,1168,买盘
1603,10:51:27,24.96,937926,376,买盘
1604,10:51:30,24.98,848998,340,买盘
1605,10:51:33,25.05,4940139,1976,买盘
1606,10:51:36,25.09,378432,151,买盘
1607,10:51:39,25.09,476441,190,买盘
1608,10:51:42,25.1,1151898,459,买盘
1609,10:51:45,25.13,1167595,465,买盘
1610,10:51:48,25.09,3569229,1423,卖盘
1611,10:51:51,25.0,1005773,401,卖盘
1612,10:51:54,25.09,955713,381,买盘
1613,10:51:57,25.1,869942,347,买盘
1614,10:52:00,25.08,444065,177,中性盘
1615,10:52:03,25.03,599249,239,卖盘
1616,10:52:06,25.03,1015895,406,买盘
1617,10:52:09,25.04,1427768,570,中性盘
1618,10:52:12,25.05,962375,384,中性盘
1619,10:52:15,25.05,832474,332,卖盘
1620,10:52:18,25.05,368418,147,卖盘
1621,10:52:21,25.07,1343863,536,买盘
1622,10:52:24,25.09,986162,393,中性盘
1623,10:52:27,25.1,592294,236,买盘
1624,10:52:30,25.09,893560,356,卖盘
1625,10:52:33,25.15,3626986,1443,买盘
1626,10:52:36,25.17,2122801,844,买盘
1627,10:52:39,25.18,964359,383,买盘
1628,10:52:42,25.21,1275427,506,买盘
1629,10:52:45,25.26,613394,243,买盘
1630,10:52:48,25.27,363760,144,买盘
1631,10:52:51,25.27,879739,348,卖盘
1632,10:52:54,25.3,2608144,1030,买盘
1633,10:52:57,25.36,850816,336,买盘
1634,10:53:00,25.36,1029616,406,卖盘
1635,10:53:03,25.4,2307046,909,买盘
1636,10:53:06,25.41,1726180,679,中性盘
1637,10:53:09,25.46,1241103,488,买盘
1638,10:53:12,25.46,2831443,1114,买盘
1639,10:53:15,25.46,1692320,665,买盘
1640,10:53:18,25.46,2145453,843,买盘
1641,10:53:21,25.47,3556941,1397,卖盘
1642,10:53:24,25.5,2289413,898,买盘
1643,10:53:27,25.51,1339482,525,中性盘
1644,10:53:30,25.52,666434,261,中性盘
1645,10:53:33,25.55,1430885,560,买盘
1646,10:53:36,25.6,1688792,660,买盘
1647,10:53:39,25.62,714425,279,买盘
1648,10:53:42,25.62,1114351,435,卖盘
1649,10:53:45,25.62,2908777,1136,买盘
1650,10:53:48,25.57,2409821,941,卖盘
1651,10:53:51,25.53,1217039,476,卖盘
1652,10:53:54,25.53,2793630,1093,卖盘
1653,10:53:57,25.53,1578551,618,卖盘
1654,10:54:00,25.56,1052865,412,买盘
1655,10:54:03,25.6,2760049,1079,买盘
1656,10:54:06,25.62,1536912,600,买盘
1657,10:54:09,25.63,978467,382,买盘
1658,10:54:12,25.61,1632871,637,卖盘
1659,10:54:15,25.63,3033259,1184,买盘
1660,10:54:18,25.61,679580,265,卖盘
1661,10:54:21,25.61,979697,382,卖盘
1662,10:54:24,25.61,1459452,570,卖盘
1663,10:54:27,25.59,675795,264,中性盘
1664,10:54:30,25.53,1139780,446,卖盘
1665,10:54:33,25.53,627723,246,买盘
1666,10:54:36,25.52,599574,235,中性盘
1667,10:54:39,25.5,910630,357,中性盘
1668,10:54:42,25.5,680931,267,买盘
1669,10:54:45,25.49,364323,143,买盘
1670,10:54:48,25.49,591227,232,买盘
1671,10:54:51,25.47,445852,175,卖盘
1672,10:54:54,25.43,2987880,1175,中性盘
1673,10:54:57,25.42,1370936,538,卖盘
1674,10:55:00,25.42,465440,183,卖盘
1675,10:55:03,25.4,277027,109,卖盘
1676,10:55:06,25.45,1138850,448,买盘
1677,10:55:09,25.45,638700,251,买盘
1678,10:55:12,25.46,526994,207,中性盘
1679,10:55:15,25.53,1188406,466,买盘
1680,10:55:18,25.53,416064,163,买盘
1681,10:55:21,25.55,503094,197,买盘
1682,10:55:24,25.58,738459,289,买盘
1683,10:55:27,25.58,283873,111,买盘
1684,10:55:30,25.59,1218153,476,买盘
1685,10:55:33,25.6,2079633,813,买盘
1686,10:55:36,25.59,939379,367,卖盘
1687,10:55:39,25.55,2387778,933,卖盘
1688,10:55:42,25.57,1170870,458,中性盘
1689,10:55:45,25.49,1736554,680,卖盘
1690,10:55:48,25.49,1170332,459,买盘
1691,10:55:51,25.49,196311,77,卖盘
1692,10:55:54,25.47,596378,234,卖盘
1693,10:55:57,25.46,521812,205,卖盘
1694,10:56:00,25.46,157849,62,买盘
1695,10:56:03,25.42,490748,193,卖盘
1696,10:56:06,25.42,419383,165,买盘
1697,10:56:09,25.4,561675,221,卖盘
1698,10:56:12,25.4,505487,199,卖盘
1699,10:56:15,25.4,132077,52,买盘
1700,10:56:18,25.4,530656,209,买盘
1701,10:56:21,25.39,162486,64,中性盘
1702,10:56:24,25.38,296960,117,卖盘
1703,10:56:27,25.36,233444,92,卖盘
1704,10:56:30,25.35,103941,41,卖盘
1705,10:56:33,25.33,408121,161,卖盘
1706,10:56:36,25.33,585388,231,卖盘
1707,10:56:39,25.32,298823,118,卖盘
1708,10:56:42,25.32,633143,250,卖盘
1709,10:56:45,25.32,2927784,1154,买盘
1710,10:56:48,25.35,407942,161,中性盘
1711,10:56:51,25.36,443886,175,中性盘
1712,10:56:54,25.38,88822,35,买盘
1713,10:56:57,25.42,159941,63,买盘
1714,10:57:00,25.42,167784,66,中性盘
1715,10:57:03,25.46,434825,171,买盘
1716,10:57:06,25.46,183267,72,买盘
1717,10:57:09,25.48,185922,73,买盘
1718,10:57:12,25.48,259864,102,买盘
1719,10:57:15,25.55,1137850,446,买盘
1720,10:57:18,25.55,97013,38,买盘
1721,10:57:21,25.55,1311253,513,买盘
1722,10:57:24,25.58,633788,248,买盘
1723,10:57:27,25.58,319688,125,买盘
1724,10:57:30,25.59,637012,249,买盘
1725,10:57:33,25.55,1680213,657,卖盘
1726,10:57:36,25.5,2213014,866,卖盘
1727,10:57:39,25.5,390696,153,卖盘
1728,10:57:42,25.5,198969,78,卖盘
1729,10:57:45,25.5,237252,93,卖盘
1730,10:57:48,25.51,630395,247,中性盘
1731,10:57:51,25.53,436655,171,买盘
1732,10:57:54,25.58,168745,66,买盘
1733,10:57:57,25.53,467785,183,卖盘
1734,10:58:00,25.56,1016192,398,买盘
1735,10:58:03,25.53,697550,273,卖盘
1736,10:58:06,25.53,421677,165,卖盘
1737,10:58:09,25.53,477903,187,卖盘
1738,10:58:12,25.53,288569,113,卖盘
1739,10:58:15,25.54,163478,64,中性盘
1740,10:58:18,25.54,344837,135,卖盘
1741,10:58:21,25.56,186514,73,买盘
1742,10:58:24,25.56,416480,163,买盘
1743,10:58:27,25.55,1101289,431,卖盘
1744,10:58:30,25.55,293829,115,买盘
1745,10:58:33,25.56,291282,114,买盘
1746,10:58:36,25.55,383341,150,卖盘
1747,10:58:39,25.56,434385,170,买盘
1748,10:58:42,25.53,444615,174,卖盘
1749,10:58:45,25.56,373220,146,买盘
1750,10:58:48,25.55,189134,74,卖盘
1751,10:58:51,25.51,1807866,708,卖盘
1752,10:58:54,25.53,1247603,489,中性盘
1753,10:58:57,25.5,79114,31,卖盘
1754,10:59:00,25.51,349589,137,中性盘
1755,10:59:03,25.51,559000,219,卖盘
1756,10:59:06,25.51,275506,108,卖盘
1757,10:59:09,25.53,880450,345,买盘
1758,10:59:12,25.54,45960,18,买盘
1759,10:59:15,25.53,86809,34,卖盘
1760,10:59:18,25.53,357485,140,卖盘
1761,10:59:21,25.54,370270,145,买盘
1762,10:59:24,25.5,3486311,1367,卖盘
1763,10:59:27,25.5,509974,200,买盘
1764,10:59:30,25.5,155508,61,买盘
1765,10:59:33,25.5,252439,99,买盘
1766,10:59:36,25.5,122384,48,买盘
1767,10:59:39,25.46,410261,161,卖盘
1768,10:59:42,25.35,5001451,1972,卖盘
1769,10:59:45,25.4,795431,314,买盘
1770,10:59:48,25.4,22895,9,卖盘
1771,10:59:51,25.32,162533,64,卖盘
1772,10:59:54,25.4,266652,105,买盘
1773,10:59:57,25.4,106681,42,卖盘
1774,11:00:00,25.4,93982,37,卖盘
1775,11:00:03,25.4,129501,51,卖盘
1776,11:00:06,25.36,43165,17,中性盘
1777,11:00:09,25.42,1310750,516,买盘
1778,11:00:12,25.37,154906,61,卖盘
1779,11:00:15,25.4,53345,21,中性盘
1780,11:00:18,25.42,462415,182,买盘
1781,11:00:21,25.43,68636,27,买盘
1782,11:00:24,25.4,404049,159,卖盘
1783,11:00:27,25.4,25400,10,买盘
1784,11:00:30,25.4,147361,58,买盘
1785,11:00:33,25.4,352947,139,买盘
1786,11:00:36,25.4,297217,117,卖盘
1787,11:00:39,25.37,284464,112,卖盘
1788,11:00:42,25.37,187970,74,卖盘
1789,11:00:45,25.4,925415,365,买盘
1790,11:00:48,25.38,169979,67,中性盘
1791,11:00:51,25.35,241034,95,卖盘
1792,11:00:54,25.34,283824,112,卖盘
1793,11:00:57,25.34,478857,189,买盘
1794,11:01:00,25.33,116556,46,中性盘
1795,11:01:03,25.32,172213,68,卖盘
1796,11:01:06,25.31,693776,274,卖盘
1797,11:01:09,25.3,478329,189,卖盘
1798,11:01:12,25.3,629974,249,卖盘
1799,11:01:15,25.28,495852,196,卖盘
1800,11:01:18,25.28,166875,66,卖盘
1801,11:01:21,25.26,502808,199,卖盘
1802,11:01:24,25.26,512705,203,买盘
1803,11:01:27,25.25,292899,116,卖盘
1804,11:01:30,25.24,398775,158,卖盘
1805,11:01:33,25.22,524957,208,卖盘
1806,11:01:36,25.22,668128,265,卖盘
1807,11:01:39,25.22,247133,98,买盘
1808,11:01:42,25.22,131105,52,卖盘
1809,11:01:45,25.21,484166,192,买盘
1810,11:01:48,25.2,846835,336,卖盘
1811,11:01:51,25.18,322467,128,卖盘
1812,11:01:54,25.19,267043,106,中性盘
1813,11:01:57,25.2,881814,350,买盘
1814,11:02:00,25.19,592012,235,卖盘
1815,11:02:03,25.18,402954,160,卖盘
1816,11:02:06,25.18,281979,112,买盘
1817,11:02:09,25.17,100715,40,卖盘
1818,11:02:12,25.18,90622,36,买盘
1819,11:02:15,25.18,100686,40,买盘
1820,11:02:18,25.19,208974,83,买盘
1821,11:02:21,25.18,183857,73,卖盘
1822,11:02:24,25.2,335082,133,买盘
1823,11:02:27,25.2,267109,106,买盘
1824,11:02:30,25.21,322690,128,买盘
1825,11:02:33,25.21,55446,22,卖盘
1826,11:02:36,25.22,295057,117,买盘
1827,11:02:39,25.21,857188,340,卖盘
1828,11:02:42,25.2,347966,138,卖盘
1829,11:02:45,25.2,315121,125,卖盘
1830,11:02:48,25.19,640001,254,卖盘
1831,11:02:51,25.2,261947,104,买盘
1832,11:02:54,25.18,108294,43,卖盘
1833,11:02:57,25.18,440666,175,卖盘
1834,11:03:00,25.19,659796,262,买盘
1835,11:03:03,25.19,241835,96,卖盘
1836,11:03:06,25.2,541687,215,买盘
1837,11:03:09,25.19,1921794,763,卖盘
1838,11:03:12,25.18,692083,275,买盘
1839,11:03:15,25.16,186128,74,中性盘
1840,11:03:18,25.14,1790383,712,卖盘
1841,11:03:21,25.13,110534,44,中性盘
1842,11:03:24,25.1,258631,103,卖盘
1843,11:03:27,25.11,612935,244,买盘
1844,11:03:30,25.1,117994,47,卖盘
1845,11:03:33,25.13,268871,107,中性盘
1846,11:03:36,25.14,301362,120,买盘
1847,11:03:39,25.13,17593,7,中性盘
1848,11:03:42,25.13,128168,51,买盘
1849,11:03:45,25.13,10052,4,买盘
1850,11:03:48,25.14,80433,32,买盘
1851,11:03:51,25.15,118138,47,中性盘
1852,11:03:54,25.15,30180,12,买盘
1853,11:03:57,25.15,550627,219,买盘
1854,11:04:00,25.14,1665417,663,卖盘
1855,11:04:03,25.1,201092,80,卖盘
1856,11:04:06,25.13,65295,26,买盘
1857,11:04:09,25.12,27619,11,中性盘
1858,11:04:12,25.11,118012,47,中性盘
1859,11:04:15,25.11,220957,88,买盘
1860,11:04:18,25.1,138083,55,卖盘
1861,11:04:21,25.1,200806,80,买盘
1862,11:04:24,25.1,148090,59,卖盘
1863,11:04:27,25.11,140560,56,买盘
1864,11:04:30,25.11,100441,40,买盘
1865,11:04:33,25.11,346632,138,卖盘
1866,11:04:36,25.12,155685,62,中性盘
1867,11:04:39,25.12,168265,67,买盘
1868,11:04:42,25.12,185888,74,卖盘
1869,11:04:45,25.11,499781,199,卖盘
1870,11:04:48,25.12,150685,60,买盘
1871,11:04:51,25.11,60284,24,卖盘
1872,11:04:54,25.12,42710,17,卖盘
1873,11:04:57,25.12,203480,81,卖盘
1874,11:05:00,25.13,103021,41,买盘
1875,11:05:03,25.13,291442,116,买盘
1876,11:05:06,25.13,110532,44,买盘
1877,11:05:09,25.12,40201,16,卖盘
1878,11:05:12,25.13,356844,142,买盘
1879,11:05:15,25.13,472451,188,卖盘
1880,11:05:18,25.12,359241,143,卖盘
1881,11:05:21,25.12,221021,88,买盘
1882,11:05:24,25.11,52736,21,卖盘
1883,11:05:27,25.12,27632,11,买盘
1884,11:05:30,25.12,291317,116,买盘
1885,11:05:33,25.12,148195,59,买盘
1886,11:05:36,25.12,92941,37,买盘
1887,11:05:39,25.12,35168,14,卖盘
1888,11:05:42,25.14,55282,22,买盘
1889,11:05:45,25.13,130667,52,中性盘
1890,11:05:48,25.14,45240,18,买盘
1891,11:05:51,25.15,93032,37,买盘
1892,11:05:54,25.14,30168,12,卖盘
1893,11:05:57,25.14,460080,183,卖盘
1894,11:06:00,25.13,434853,173,卖盘
1895,11:06:03,25.06,2038208,812,卖盘
1896,11:06:06,25.05,162830,65,卖盘
1897,11:06:09,25.02,515707,206,卖盘
1898,11:06:12,25.0,735476,294,卖盘
1899,11:06:15,25.0,250077,100,卖盘
1900,11:06:18,25.0,147534,59,卖盘
1901,11:06:21,25.0,440059,176,卖盘
1902,11:06:24,25.01,142529,57,中性盘
1903,11:06:27,25.01,322522,129,买盘
1904,11:06:30,25.01,315014,126,卖盘
1905,11:06:33,25.0,250108,100,卖盘
1906,11:06:36,25.01,237588,95,买盘
1907,11:06:39,25.01,90018,36,买盘
1908,11:06:42,25.0,160041,64,卖盘
1909,11:06:45,25.02,112582,45,买盘
1910,11:06:48,25.02,20016,8,卖盘
1911,11:06:51,25.03,15018,6,买盘
1912,11:06:54,25.04,27537,11,买盘
1913,11:06:57,25.05,27540,11,买盘
1914,11:07:00,25.05,65128,26,买盘
1915,11:07:03,25.06,10024,4,买盘
1916,11:07:06,25.06,37590,15,买盘
1917,11:07:09,25.06,408445,163,买盘
1918,11:07:12,25.06,190477,76,买盘
1919,11:07:15,25.05,1794983,717,卖盘
1920,11:07:18,25.02,537852,215,买盘
1921,11:07:21,25.01,32517,13,中性盘
1922,11:07:24,25.01,80057,32,卖盘
1923,11:07:27,25.01,90044,36,卖盘
1924,11:07:30,25.02,1128315,451,买盘
1925,11:07:33,25.03,215173,86,买盘
1926,11:07:36,25.03,70076,28,卖盘
1927,11:07:39,25.04,27540,11,买盘
1928,11:07:42,25.04,27544,11,卖盘
1929,11:07:45,25.04,125228,50,卖盘
1930,11:07:48,25.05,353129,141,买盘
1931,11:07:51,25.04,47591,19,卖盘
1932,11:07:54,25.05,90119,36,买盘
1933,11:07:57,25.01,615648,246,卖盘
1934,11:08:00,25.01,672646,269,卖盘
1935,11:08:03,25.0,622531,249,卖盘
1936,11:08:06,24.99,537350,215,卖盘
1937,11:08:09,24.98,297407,119,卖盘
1938,11:08:12,24.98,39972,16,卖盘
1939,11:08:15,24.99,239838,96,买盘
1940,11:08:18,24.99,117461,47,卖盘
1941,11:08:21,24.99,94993,38,卖盘
1942,11:08:24,24.99,47489,19,卖盘
1943,11:08:27,24.99,77473,31,卖盘
1944,11:08:30,24.99,142456,57,卖盘
1945,11:08:33,24.99,84960,34,买盘
1946,11:08:36,24.99,192443,77,买盘
1947,11:08:39,24.99,47497,19,卖盘
1948,11:08:42,24.99,107477,43,卖盘
1949,11:08:45,25.0,79984,32,买盘
1950,11:08:48,24.98,619689,248,卖盘
1951,11:08:51,24.98,232327,93,卖盘
1952,11:08:54,24.98,62451,25,卖盘
1953,11:08:57,24.98,219857,88,卖盘
1954,11:09:00,24.97,497113,199,卖盘
1955,11:09:03,24.95,174744,70,卖盘
1956,11:09:06,24.96,19962,8,买盘
1957,11:09:09,24.96,57395,23,买盘
1958,11:09:12,24.94,154688,62,卖盘
1959,11:09:15,24.95,37422,15,买盘
1960,11:09:18,24.95,19960,8,买盘
1961,11:09:21,24.95,14970,6,买盘
1962,11:09:24,24.95,112273,45,买盘
1963,11:09:27,24.95,34922,14,买盘
1964,11:09:30,24.95,22455,9,买盘
1965,11:09:33,24.96,52412,21,买盘
1966,11:09:36,24.96,62400,25,买盘
1967,11:09:39,24.96,159730,64,买盘
1968,11:09:42,24.96,69891,28,卖盘
1969,11:09:45,24.97,32461,13,买盘
1970,11:09:48,24.97,209748,84,卖盘
1971,11:09:51,24.96,733894,294,卖盘
1972,11:09:54,24.96,99850,40,买盘
1973,11:09:57,24.96,252128,101,买盘
1974,11:10:00,24.97,9988,4,买盘
1975,11:10:03,24.97,84898,34,买盘
1976,11:10:09,24.98,127398,51,买盘
1977,11:10:12,24.98,2498,1,卖盘
1978,11:10:15,24.99,87462,35,买盘
1979,11:10:18,24.98,399827,160,卖盘
1980,11:10:21,24.98,317314,127,卖盘
1981,11:10:24,24.99,164925,66,中性盘
1982,11:10:27,25.0,222483,89,买盘
1983,11:10:30,24.99,119999,48,卖盘
1984,11:10:33,24.99,412478,165,卖盘
1985,11:10:36,24.99,287415,115,买盘
1986,11:10:39,25.0,152469,61,买盘
1987,11:10:42,25.0,45000,18,买盘
1988,11:10:45,25.0,194997,78,买盘
1989,11:10:48,25.0,57505,23,买盘
1990,11:10:51,25.0,20002,8,卖盘
1991,11:10:54,25.0,519967,208,卖盘
1992,11:10:57,24.96,1341417,537,卖盘
1993,11:11:00,24.94,907838,364,卖盘
1994,11:11:03,24.92,62300,25,卖盘
1995,11:11:06,24.92,266594,107,买盘
1996,11:11:09,24.91,112135,45,卖盘
1997,11:11:12,24.9,428459,172,卖盘
1998,11:11:15,24.91,27397,11,中性盘
1999,11:11:18,24.91,62261,25,买盘
2000,11:11:21,24.91,415939,167,买盘
2001,11:11:24,24.91,127033,51,买盘
2002,11:11:27,24.91,112090,45,买盘
2003,11:11:30,24.91,64768,26,买盘
2004,11:11:33,24.92,82224,33,买盘
2005,11:11:36,24.93,32404,13,买盘
2006,11:11:39,24.93,17449,7,买盘
2007,11:11:42,24.93,104701,42,买盘
2008,11:11:45,24.94,19950,8,买盘
2009,11:11:48,24.94,4988,2,买盘
2010,11:11:51,24.95,82289,33,买盘
2011,11:11:54,24.94,84787,34,卖盘
2012,11:11:57,24.94,598627,240,卖盘
2013,11:12:00,24.94,189477,76,买盘
2014,11:12:03,24.9,1118547,449,卖盘
2015,11:12:06,24.88,308722,124,卖盘
2016,11:12:09,24.88,109490,44,卖盘
2017,11:12:12,24.89,52250,21,买盘
2018,11:12:15,24.88,256280,103,卖盘
2019,11:12:18,24.88,253770,102,买盘
2020,11:12:21,24.89,47280,19,买盘
2021,11:12:24,24.89,94559,38,买盘
2022,11:12:27,24.88,1114667,448,卖盘
2023,11:12:30,24.88,82098,33,买盘
2024,11:12:33,24.88,64686,26,买盘
2025,11:12:36,24.88,64679,26,买盘
2026,11:12:39,24.87,184093,74,卖盘
2027,11:12:42,24.87,64666,26,卖盘
2028,11:12:45,24.87,64671,26,卖盘
2029,11:12:48,24.87,131832,53,卖盘
2030,11:12:51,24.88,57218,23,买盘
2031,11:12:54,24.88,67174,27,买盘
2032,11:12:57,24.87,189047,76,卖盘
2033,11:13:00,24.88,47266,19,买盘
2034,11:13:03,24.88,231361,93,买盘
2035,11:13:06,24.88,226373,91,买盘
2036,11:13:09,24.88,398080,160,买盘
2037,11:13:12,24.88,64686,26,买盘
2038,11:13:15,24.88,171672,69,卖盘
2039,11:13:18,24.89,34846,14,买盘
2040,11:13:21,24.9,7469,3,买盘
2041,11:13:24,24.87,1010002,406,卖盘
2042,11:13:27,24.9,425536,171,买盘
2043,11:13:30,24.9,14935,6,买盘
2044,11:13:36,24.87,438082,176,卖盘
2045,11:13:39,24.87,204011,82,卖盘
2046,11:13:42,24.87,52239,21,卖盘
2047,11:13:48,24.88,39808,16,买盘
2048,11:13:51,24.88,9952,4,买盘
2049,11:13:57,24.88,29864,12,卖盘
2050,11:14:00,24.89,9955,4,买盘
2051,11:14:03,24.9,4980,2,买盘
2052,11:14:06,24.9,799148,321,买盘
2053,11:14:09,24.91,161858,65,买盘
2054,11:14:12,24.91,4981,2,买盘
2055,11:14:15,24.91,67253,27,买盘
2056,11:14:18,24.91,186787,75,买盘
2057,11:14:21,24.91,346221,139,买盘
2058,11:14:27,24.92,4983,2,买盘
2059,11:14:30,24.92,64792,26,买盘
2060,11:14:33,24.92,52332,21,卖盘
2061,11:14:36,24.93,428569,172,买盘
2062,11:14:39,24.92,181914,73,买盘
2063,11:14:42,24.93,84737,34,买盘
2064,11:14:45,24.92,171948,69,买盘
2065,11:14:48,24.93,2493,1,买盘
2066,11:14:51,24.93,112185,45,买盘
2067,11:14:54,24.94,244424,98,买盘
2068,11:14:57,24.94,174580,70,卖盘
2069,11:15:00,24.94,192064,77,卖盘
2070,11:15:03,24.96,598729,240,买盘
2071,11:15:06,24.94,1311741,526,卖盘
2072,11:15:09,24.91,638018,256,卖盘
2073,11:15:12,24.91,346315,139,卖盘
2074,11:15:15,24.9,361092,145,卖盘
2075,11:15:18,24.9,59759,24,中性盘
2076,11:15:21,24.9,477972,192,买盘
2077,11:15:24,24.89,92093,37,中性盘
2078,11:15:27,24.89,79647,32,买盘
2079,11:15:30,24.89,97085,39,买盘
2080,11:15:33,24.9,32364,13,买盘
2081,11:15:36,24.91,2491,1,买盘
2082,11:15:39,24.91,54793,22,买盘
2083,11:15:42,24.91,19927,8,买盘
2084,11:15:45,24.91,29882,12,买盘
2085,11:15:48,24.91,14946,6,买盘
2086,11:15:51,24.91,425961,171,买盘
2087,11:15:54,24.92,37378,15,买盘
2088,11:15:57,24.92,9968,4,买盘
2089,11:16:00,24.92,24920,10,买盘
2090,11:16:03,24.91,413501,166,卖盘
2091,11:16:06,24.91,24910,10,买盘
2092,11:16:09,24.9,383711,154,卖盘
2093,11:16:12,24.92,97152,39,买盘
2094,11:16:15,24.91,9967,4,卖盘
2095,11:16:18,24.92,386260,155,买盘
2096,11:16:21,24.93,12465,5,买盘
2097,11:16:24,24.93,2493,1,买盘
2098,11:16:27,24.93,244263,98,买盘
2099,11:16:30,24.93,124626,50,买盘
2100,11:16:33,24.93,117171,47,卖盘
2101,11:16:36,24.93,710681,285,买盘
2102,11:16:39,24.93,72298,29,卖盘
2103,11:16:42,24.93,37396,15,卖盘
2104,11:16:45,24.94,236925,95,买盘
2105,11:16:48,24.94,17458,7,卖盘
2106,11:16:51,24.94,64856,26,卖盘
2107,11:16:54,24.96,257028,103,买盘
2108,11:16:57,24.95,62384,25,中性盘
2109,11:17:00,24.94,299306,120,卖盘
2110,11:17:03,24.9,1689148,678,卖盘
2111,11:17:06,24.91,697119,280,买盘
2112,11:17:09,24.91,82185,33,买盘
2113,11:17:12,24.91,2491,1,卖盘
2114,11:17:15,24.91,17437,7,卖盘
2115,11:17:18,24.91,139499,56,卖盘
2116,11:17:21,24.91,42347,17,买盘
2117,11:17:24,24.92,62292,25,买盘
2118,11:17:27,24.92,12460,5,买盘
2119,11:17:30,24.91,54812,22,卖盘
2120,11:17:33,24.91,438418,176,卖盘
2121,11:17:36,24.92,72263,29,买盘
2122,11:17:39,24.92,24920,10,卖盘
2123,11:17:42,24.93,132118,53,买盘
2124,11:17:45,24.93,12465,5,卖盘
2125,11:17:48,24.94,12470,5,买盘
2126,11:17:51,24.94,57362,23,买盘
2127,11:17:54,24.94,37410,15,买盘
2128,11:18:00,24.94,172109,69,卖盘
2129,11:18:03,24.93,281767,113,卖盘
2130,11:18:06,24.93,181968,73,卖盘
2131,11:18:09,24.92,682844,274,卖盘
2132,11:18:12,24.92,97162,39,买盘
2133,11:18:15,24.92,323924,130,买盘
2134,11:18:18,24.92,72256,29,买盘
2135,11:18:21,24.92,19936,8,买盘
2136,11:18:24,24.91,139516,56,卖盘
2137,11:18:27,24.91,57293,23,买盘
2138,11:18:30,24.92,22428,9,买盘
2139,11:18:33,24.91,7474,3,卖盘
2140,11:18:36,24.92,104663,42,买盘
2141,11:18:39,24.92,22436,9,卖盘
2142,11:18:42,24.93,19943,8,买盘
2143,11:18:45,24.94,211985,85,买盘
2144,11:18:48,24.93,124650,50,卖盘
2145,11:18:51,24.93,37398,15,卖盘
2146,11:18:54,24.93,27421,11,卖盘
2147,11:18:57,24.91,687567,276,卖盘
2148,11:19:00,24.89,941147,378,卖盘
2149,11:19:03,24.88,455487,183,卖盘
2150,11:19:06,24.9,116985,47,买盘
2151,11:19:09,24.89,44811,18,中性盘
2152,11:19:12,24.9,89634,36,买盘
2153,11:19:15,24.9,22403,9,买盘
2154,11:19:18,24.9,39839,16,买盘
2155,11:19:21,24.9,102085,41,买盘
2156,11:19:24,24.9,17431,7,卖盘
2157,11:19:27,24.9,82170,33,卖盘
2158,11:19:30,24.9,44820,18,买盘
2159,11:19:33,24.9,7472,3,卖盘
2160,11:19:36,24.9,139440,56,卖盘
2161,11:19:39,24.9,39841,16,卖盘
2162,11:19:42,24.9,2490,1,买盘
2163,11:19:45,24.9,69716,28,买盘
2164,11:19:48,24.88,1769217,711,卖盘
2165,11:19:51,24.87,350703,141,卖盘
2166,11:19:54,24.82,1943642,782,卖盘
2167,11:19:57,24.82,94283,38,买盘
2168,11:20:00,24.81,101757,41,卖盘
2169,11:20:03,24.81,19850,8,卖盘
2170,11:20:06,24.82,253071,102,买盘
2171,11:20:09,24.81,32253,13,卖盘
2172,11:20:12,24.82,441561,178,买盘
2173,11:20:15,24.81,32266,13,卖盘
2174,11:20:18,24.82,17375,7,卖盘
2175,11:20:21,24.82,14893,6,卖盘
2176,11:20:24,24.83,89359,36,买盘
2177,11:20:27,24.83,89375,36,买盘
2178,11:20:30,24.82,32268,13,卖盘
2179,11:20:33,24.85,151418,61,买盘
2180,11:20:36,24.85,2485,1,买盘
2181,11:20:39,24.85,17395,7,买盘
2182,11:20:42,24.85,59640,24,买盘
2183,11:20:45,24.84,589007,237,中性盘
2184,11:20:48,24.83,4967,2,卖盘
2185,11:20:51,24.84,9936,4,卖盘
2186,11:20:54,24.84,54654,22,卖盘
2187,11:20:57,24.85,114287,46,买盘
2188,11:21:00,24.84,4968,2,卖盘
2189,11:21:03,24.85,144130,58,买盘
2190,11:21:06,24.85,161529,65,卖盘
2191,11:21:09,24.83,1028439,414,卖盘
2192,11:21:12,24.83,608329,245,卖盘
2193,11:21:15,24.83,94344,38,买盘
2194,11:21:18,24.83,57109,23,买盘
2195,11:21:21,24.82,176278,71,卖盘
2196,11:21:27,24.84,19868,8,买盘
2197,11:21:30,24.84,74500,30,买盘
2198,11:21:33,24.84,19872,8,卖盘
2199,11:21:36,24.84,17389,7,卖盘
2200,11:21:39,24.84,109305,44,卖盘
2201,11:21:42,24.84,74508,30,买盘
2202,11:21:45,24.84,49680,20,买盘
2203,11:21:48,24.83,34771,14,卖盘
2204,11:21:51,24.84,22356,9,买盘
2205,11:21:54,24.84,17388,7,买盘
2206,11:21:57,24.84,72012,29,买盘
2207,11:22:00,24.84,59612,24,买盘
2208,11:22:03,24.84,81965,33,买盘
2209,11:22:06,24.84,2484,1,买盘
2210,11:22:09,24.84,104316,42,买盘
2211,11:22:12,24.84,27319,11,买盘
2212,11:22:15,24.84,77004,31,买盘
2213,11:22:18,24.84,141588,57,买盘
2214,11:22:21,24.84,116748,47,买盘
2215,11:22:24,24.84,106797,43,买盘
2216,11:22:30,24.85,22365,9,买盘
2217,11:22:36,24.86,14916,6,买盘
2218,11:22:39,24.86,47234,19,买盘
2219,11:22:45,24.87,2487,1,买盘
2220,11:22:48,24.87,14922,6,买盘
2221,11:22:51,24.87,79604,32,卖盘
2222,11:22:54,24.88,52243,21,买盘
2223,11:22:57,24.88,2488,1,买盘
2224,11:23:00,24.87,472563,190,卖盘
2225,11:23:03,24.86,708485,285,卖盘
2226,11:23:06,24.85,323025,130,卖盘
2227,11:23:09,24.84,4968,2,卖盘
2228,11:23:12,24.82,295481,119,卖盘
2229,11:23:15,24.83,161341,65,买盘
2230,11:23:18,24.83,104283,42,买盘
2231,11:23:21,24.83,69505,28,中性盘
2232,11:23:24,24.84,27323,11,买盘
2233,11:23:27,24.84,156468,63,买盘
2234,11:23:30,24.84,19870,8,买盘
2235,11:23:33,24.84,47195,19,买盘
2236,11:23:36,24.84,39744,16,卖盘
2237,11:23:39,24.83,27323,11,卖盘
2238,11:23:42,24.83,76987,31,卖盘
2239,11:23:45,24.82,121664,49,卖盘
2240,11:23:48,24.83,101801,41,买盘
2241,11:23:51,24.83,67038,27,买盘
2242,11:23:54,24.83,67041,27,买盘
2243,11:23:57,24.83,12415,5,买盘
2244,11:24:00,24.83,54609,22,买盘
2245,11:24:03,24.8,1625079,655,卖盘
2246,11:24:06,24.8,203375,82,卖盘
2247,11:24:09,24.79,669517,270,卖盘
2248,11:24:12,24.79,118993,48,卖盘
2249,11:24:15,24.78,215602,87,卖盘
2250,11:24:18,24.78,96652,39,卖盘
2251,11:24:21,24.78,188338,76,卖盘
2252,11:24:24,24.78,81774,33,卖盘
2253,11:24:27,24.78,22302,9,买盘
2254,11:24:30,24.77,47072,19,卖盘
2255,11:24:33,24.77,42114,17,卖盘
2256,11:24:36,24.77,9908,4,卖盘
2257,11:24:39,24.77,19823,8,卖盘
2258,11:24:42,24.77,94134,38,卖盘
2259,11:24:45,24.79,138785,56,买盘
2260,11:24:48,24.79,22311,9,卖盘
2261,11:24:51,24.79,54538,22,卖盘
2262,11:24:54,24.79,96709,39,卖盘
2263,11:24:57,24.79,52078,21,卖盘
2264,11:25:00,24.79,94204,38,卖盘
2265,11:25:03,24.8,143744,58,买盘
2266,11:25:06,24.79,106575,43,买盘
2267,11:25:09,24.8,183519,74,买盘
2268,11:25:12,24.81,7443,3,买盘
2269,11:25:15,24.81,2481,1,买盘
2270,11:25:18,24.81,119083,48,买盘
2271,11:25:21,24.82,119086,48,买盘
2272,11:25:24,24.82,94310,38,买盘
2273,11:25:27,24.82,24817,10,买盘
2274,11:25:30,24.83,384670,155,买盘
2275,11:25:33,24.83,24830,10,卖盘
2276,11:25:36,24.83,836775,337,卖盘
2277,11:25:39,24.82,101816,41,卖盘
2278,11:25:42,24.82,116686,47,卖盘
2279,11:25:45,24.83,39734,16,买盘
2280,11:25:48,24.84,17383,7,买盘
2281,11:25:51,24.83,14898,6,卖盘
2282,11:25:54,24.81,54602,22,卖盘
2283,11:25:57,24.84,42197,17,买盘
2284,11:26:00,24.8,119084,48,卖盘
2285,11:26:03,24.81,104176,42,中性盘
2286,11:26:06,24.81,7443,3,买盘
2287,11:26:09,24.8,17363,7,卖盘
2288,11:26:12,24.81,191001,77,买盘
2289,11:26:18,24.82,22337,9,买盘
2290,11:26:21,24.81,2481,1,卖盘
2291,11:26:27,24.81,178632,72,卖盘
2292,11:26:30,24.81,12405,5,买盘
2293,11:26:33,24.81,74430,30,买盘
2294,11:26:36,24.77,838040,338,卖盘
2295,11:26:39,24.77,39639,16,卖盘
2296,11:26:42,24.78,4955,2,买盘
2297,11:26:45,24.77,170922,69,卖盘
2298,11:26:48,24.77,49542,20,卖盘
2299,11:26:54,24.78,42126,17,买盘
2300,11:26:57,24.78,71853,29,买盘
2301,11:27:00,24.78,47083,19,卖盘
2302,11:27:06,24.79,19832,8,买盘
2303,11:27:09,24.79,4958,2,买盘
2304,11:27:12,24.78,74349,30,卖盘
2305,11:27:15,24.8,4960,2,买盘
2306,11:27:18,24.8,27280,11,买盘
2307,11:27:21,24.8,29755,12,买盘
2308,11:27:24,24.79,386775,156,卖盘
2309,11:27:27,24.79,123950,50,卖盘
2310,11:27:30,24.79,19832,8,买盘
2311,11:27:36,24.8,34708,14,买盘
2312,11:27:39,24.8,19840,8,卖盘
2313,11:27:42,24.8,121523,49,中性盘
2314,11:27:45,24.81,89286,36,买盘
2315,11:27:48,24.81,34734,14,买盘
2316,11:27:51,24.81,52089,21,买盘
2317,11:27:54,24.81,22324,9,买盘
2318,11:27:57,24.81,481306,194,买盘
2319,11:28:00,24.81,29772,12,买盘
2320,11:28:03,24.81,47139,19,买盘
2321,11:28:06,24.81,24810,10,卖盘
2322,11:28:09,24.82,27293,11,买盘
2323,11:28:12,24.82,7446,3,买盘
2324,11:28:15,24.82,22338,9,买盘
2325,11:28:18,24.82,42194,17,买盘
2326,11:28:21,24.82,9928,4,买盘
2327,11:28:24,24.82,86870,35,买盘
2328,11:28:27,24.81,32256,13,卖盘
2329,11:28:33,24.82,17374,7,卖盘
2330,11:28:36,24.83,7449,3,买盘
2331,11:28:39,24.82,9928,4,卖盘
2332,11:28:42,24.83,126633,51,买盘
2333,11:28:45,24.83,136614,55,卖盘
2334,11:28:48,24.84,19872,8,买盘
2335,11:28:51,24.84,2484,1,买盘
2336,11:28:54,24.85,9937,4,买盘
2337,11:28:57,24.85,37265,15,买盘
2338,11:29:00,24.84,648095,261,卖盘
2339,11:29:03,24.81,684970,276,卖盘
2340,11:29:06,24.81,444000,179,卖盘
2341,11:29:09,24.82,86847,35,买盘
2342,11:29:12,24.79,257892,104,卖盘
2343,11:29:15,24.79,143782,58,买盘
2344,11:29:18,24.79,66921,27,买盘
2345,11:29:21,24.78,128903,52,卖盘
2346,11:29:24,24.79,96677,39,买盘
2347,11:29:27,24.79,106590,43,买盘
2348,11:29:30,24.78,91693,37,卖盘
2349,11:29:33,24.79,14874,6,买盘
2350,11:29:36,24.79,111555,45,卖盘
2351,11:29:39,24.79,7437,3,卖盘
2352,11:29:42,24.79,441264,178,卖盘
2353,11:29:45,24.79,99165,40,卖盘
2354,11:29:48,24.79,47101,19,卖盘
2355,11:29:54,24.79,17363,7,卖盘
2356,11:29:57,24.81,17367,7,买盘
2357,11:30:00,24.79,188513,76,卖盘
2358,13:00:00,24.82,29767,12,买盘
2359,13:00:03,24.8,218292,88,卖盘
2360,13:00:06,24.81,588210,237,中性盘
2361,13:00:09,24.82,409453,165,买盘
2362,13:00:12,24.82,590716,238,卖盘
2363,13:00:15,24.82,803770,324,卖盘
2364,13:00:18,24.82,129040,52,买盘
2365,13:00:21,24.8,505975,204,卖盘
2366,13:00:24,24.8,758880,306,卖盘
2367,13:00:27,24.75,2395607,967,卖盘
2368,13:00:30,24.75,1789370,723,卖盘
2369,13:00:33,24.74,108858,44,卖盘
2370,13:00:36,24.72,390655,158,卖盘
2371,13:00:39,24.75,34632,14,买盘
2372,13:00:42,24.72,44499,18,卖盘
2373,13:00:45,24.73,29676,12,买盘
2374,13:00:48,24.73,2473,1,买盘
2375,13:00:51,24.73,42040,17,买盘
2376,13:00:54,24.72,12360,5,卖盘
2377,13:00:57,24.71,113697,46,卖盘
2378,13:01:00,24.67,1600501,648,卖盘
2379,13:01:03,24.66,130716,53,卖盘
2380,13:01:06,24.67,54273,22,买盘
2381,13:01:09,24.67,268895,109,买盘
2382,13:01:12,24.67,185014,75,买盘
2383,13:01:15,24.68,64144,26,中性盘
2384,13:01:18,24.68,125821,51,中性盘
2385,13:01:21,24.69,39480,16,买盘
2386,13:01:24,24.69,46903,19,买盘
2387,13:01:27,24.69,71605,29,买盘
2388,13:01:30,24.7,41978,17,买盘
2389,13:01:33,24.69,22228,9,卖盘
2390,13:01:36,24.69,88899,36,卖盘
2391,13:01:39,24.71,56820,23,买盘
2392,13:01:42,24.71,83984,34,买盘
2393,13:01:45,24.7,41992,17,中性盘
2394,13:01:48,24.71,69183,28,买盘
2395,13:01:51,24.71,14826,6,卖盘
2396,13:01:54,24.72,44488,18,买盘
2397,13:01:57,24.72,111232,45,买盘
2398,13:02:00,24.72,111235,45,买盘
2399,13:02:03,24.73,2473,1,买盘
2400,13:02:06,24.73,9889,4,买盘
2401,13:02:09,24.73,195328,79,买盘
2402,13:02:12,24.73,44514,18,买盘
2403,13:02:15,24.73,54406,22,买盘
2404,13:02:18,24.73,232459,94,买盘
2405,13:02:21,24.73,116231,47,买盘
2406,13:02:24,24.73,39568,16,买盘
2407,13:02:27,24.73,12365,5,买盘
2408,13:02:30,24.74,2474,1,买盘
2409,13:02:33,24.75,81671,33,买盘
2410,13:02:39,24.76,14853,6,买盘
2411,13:02:42,24.76,17332,7,卖盘
2412,13:02:45,24.77,59439,24,买盘
2413,13:02:48,24.77,19816,8,中性盘
2414,13:02:51,24.78,260050,105,买盘
2415,13:02:54,24.79,54482,22,买盘
2416,13:02:57,24.77,37160,15,卖盘
2417,13:03:00,24.77,32201,13,买盘
2418,13:03:03,24.79,42126,17,买盘
2419,13:03:06,24.79,71891,29,买盘
2420,13:03:09,24.79,54548,22,卖盘
2421,13:03:12,24.79,76861,31,卖盘
2422,13:03:15,24.8,148784,60,买盘
2423,13:03:18,24.8,29760,12,买盘
2424,13:03:21,24.8,163683,66,买盘
2425,13:03:24,24.8,12400,5,卖盘
2426,13:03:27,24.81,32247,13,买盘
2427,13:03:30,24.81,2481,1,买盘
2428,13:03:33,24.81,19853,8,卖盘
2429,13:03:36,24.83,27303,11,买盘
2430,13:03:39,24.81,186085,75,卖盘
2431,13:03:42,24.83,7449,3,卖盘
2432,13:03:45,24.85,141583,57,买盘
2433,13:03:48,24.84,151505,61,卖盘
2434,13:03:51,24.87,134166,54,买盘
2435,13:03:54,24.88,87006,35,买盘
2436,13:03:57,24.87,22386,9,卖盘
2437,13:04:00,24.85,268587,108,卖盘
2438,13:04:03,24.87,131755,53,中性盘
2439,13:04:06,24.85,156634,63,卖盘
2440,13:04:09,24.81,1364080,549,卖盘
2441,13:04:12,24.81,163727,66,买盘
2442,13:04:15,24.8,74426,30,卖盘
2443,13:04:18,24.82,14889,6,中性盘
2444,13:04:21,24.82,29792,12,中性盘
2445,13:04:24,24.82,22338,9,买盘
2446,13:04:27,24.83,2483,1,卖盘
2447,13:04:30,24.83,17385,7,卖盘
2448,13:04:33,24.83,12415,5,卖盘
2449,13:04:36,24.84,54641,22,买盘
2450,13:04:39,24.84,129168,52,买盘
2451,13:04:42,24.85,131699,53,买盘
2452,13:04:45,24.85,89461,36,卖盘
2453,13:04:48,24.85,29820,12,买盘
2454,13:04:51,24.85,136673,55,买盘
2455,13:04:54,24.86,382724,154,买盘
2456,13:04:57,24.86,9944,4,卖盘
2457,13:05:00,24.88,99433,40,买盘
2458,13:05:03,24.88,39808,16,买盘
2459,13:05:06,24.88,258741,104,买盘
2460,13:05:09,24.91,149419,60,买盘
2461,13:05:12,24.91,9964,4,卖盘
2462,13:05:15,24.91,221598,89,卖盘
2463,13:05:18,24.88,709126,285,卖盘
2464,13:05:21,24.92,330971,133,买盘
2465,13:05:24,24.94,77262,31,买盘
2466,13:05:27,24.92,57319,23,中性盘
2467,13:05:30,24.93,24927,10,买盘
2468,13:05:33,24.93,246750,99,买盘
2469,13:05:36,24.92,201900,81,买盘
2470,13:05:39,24.9,406007,163,卖盘
2471,13:05:42,24.91,269056,108,买盘
2472,13:05:45,24.9,107168,43,中性盘
2473,13:05:48,24.9,77252,31,卖盘
2474,13:05:51,24.9,169345,68,卖盘
2475,13:05:54,24.92,97151,39,买盘
2476,13:05:57,24.92,34888,14,买盘
2477,13:06:00,24.94,102212,41,买盘
2478,13:06:03,24.92,29904,12,卖盘
2479,13:06:06,24.92,102183,41,卖盘
2480,13:06:09,24.93,264259,106,买盘
2481,13:06:12,24.94,87284,35,买盘
2482,13:06:15,24.94,29928,12,买盘
2483,13:06:18,24.95,403977,162,买盘
2484,13:06:21,24.95,92315,37,买盘
2485,13:06:24,24.99,149774,60,买盘
2486,13:06:27,24.97,94829,38,中性盘
2487,13:06:30,24.96,42429,17,买盘
2488,13:06:33,24.95,366805,147,卖盘
2489,13:06:36,24.96,773618,310,买盘
2490,13:06:39,24.97,17474,7,买盘
2491,13:06:42,25.0,132419,53,买盘
2492,13:06:45,24.97,182520,73,卖盘
2493,13:06:48,25.02,22518,9,买盘
2494,13:06:51,25.0,130078,52,卖盘
2495,13:06:54,24.99,94989,38,卖盘
2496,13:06:57,24.99,154947,62,买盘
2497,13:07:00,25.0,49987,20,买盘
2498,13:07:03,24.99,492271,197,卖盘
2499,13:07:06,25.0,137474,55,买盘
2500,13:07:09,24.99,187442,75,卖盘
2501,13:07:12,25.0,114984,46,买盘
2502,13:07:15,24.99,72496,29,卖盘
2503,13:07:18,25.0,90000,36,买盘
2504,13:07:21,25.0,42501,17,卖盘
2505,13:07:24,25.0,135007,54,卖盘
2506,13:07:27,25.0,430079,172,卖盘
2507,13:07:30,25.0,465204,186,卖盘
2508,13:07:33,25.01,432715,173,买盘
2509,13:07:36,25.02,82548,33,买盘
2510,13:07:39,25.02,85065,34,买盘
2511,13:07:42,25.02,115079,46,买盘
2512,13:07:45,25.02,112587,45,买盘
2513,13:07:48,25.03,167631,67,买盘
2514,13:07:51,25.03,60051,24,买盘
2515,13:07:54,25.03,32539,13,买盘
2516,13:07:57,25.0,1205600,482,卖盘
2517,13:08:00,25.0,134990,54,买盘
2518,13:08:03,24.99,67490,27,卖盘
2519,13:08:06,25.01,72504,29,买盘
2520,13:08:09,25.0,117510,47,卖盘
2521,13:08:12,25.0,210081,84,买盘
2522,13:08:15,24.99,135010,54,卖盘
2523,13:08:18,25.02,35016,14,买盘
2524,13:08:21,25.01,117527,47,中性盘
2525,13:08:24,25.02,182607,73,买盘
2526,13:08:27,25.03,95052,38,买盘
2527,13:08:30,25.05,67609,27,买盘
2528,13:08:33,25.05,5010,2,买盘
2529,13:08:36,25.05,55105,22,买盘
2530,13:08:39,25.05,35062,14,卖盘
2531,13:08:42,25.07,92726,37,买盘
2532,13:08:45,25.05,283138,113,卖盘
2533,13:08:48,24.97,1300634,520,卖盘
2534,13:08:51,24.98,37470,15,买盘
2535,13:08:54,24.98,49960,20,买盘
2536,13:09:00,24.99,84939,34,买盘
2537,13:09:03,24.99,59961,24,买盘
2538,13:09:06,24.99,52479,21,买盘
2539,13:09:09,24.99,7497,3,卖盘
2540,13:09:12,24.99,372324,149,卖盘
2541,13:09:15,24.93,514130,206,卖盘
2542,13:09:18,24.92,52350,21,卖盘
2543,13:09:21,24.92,7476,3,卖盘
2544,13:09:24,24.93,226797,91,买盘
2545,13:09:27,24.92,279204,112,卖盘
2546,13:09:30,24.92,104664,42,卖盘
2547,13:09:33,24.91,176867,71,卖盘
2548,13:09:36,24.9,348642,140,卖盘
2549,13:09:39,24.9,44819,18,卖盘
2550,13:09:42,24.89,166803,67,卖盘
2551,13:09:45,24.88,39811,16,卖盘
2552,13:09:48,24.88,14928,6,卖盘
2553,13:09:51,24.86,4972,2,中性盘
2554,13:09:54,24.86,77112,31,卖盘
2555,13:09:57,24.86,9944,4,卖盘
2556,13:10:00,24.86,114356,46,买盘
2557,13:10:03,24.86,14916,6,卖盘
2558,13:10:06,24.88,156724,63,买盘
2559,13:10:12,24.86,64680,26,卖盘
2560,13:10:15,24.88,22392,9,买盘
2561,13:10:18,24.88,209112,84,买盘
2562,13:10:21,24.88,14927,6,买盘
2563,13:10:24,24.88,4976,2,买盘
2564,13:10:27,24.88,44784,18,买盘
2565,13:10:30,24.88,49760,20,卖盘
2566,13:10:33,24.88,114448,46,卖盘
2567,13:10:36,24.88,131854,53,卖盘
2568,13:10:39,24.89,99517,40,买盘
2569,13:10:42,24.89,136841,55,买盘
2570,13:10:45,24.89,146817,59,买盘
2571,13:10:48,24.88,47258,19,买盘
2572,13:10:51,24.87,17409,7,买盘
2573,13:10:54,24.88,64677,26,买盘
2574,13:10:57,24.87,99505,40,卖盘
2575,13:11:00,24.88,129330,52,买盘
2576,13:11:03,24.88,2488,1,买盘
2577,13:11:06,24.88,32344,13,买盘
2578,13:11:09,24.88,82104,33,卖盘
2579,13:11:12,24.84,1101455,443,卖盘
2580,13:11:15,24.82,389856,157,卖盘
2581,13:11:18,24.83,91835,37,买盘
2582,13:11:21,24.81,37221,15,卖盘
2583,13:11:24,24.81,178682,72,卖盘
2584,13:11:30,24.8,19847,8,卖盘
2585,13:11:33,24.8,52081,21,卖盘
2586,13:11:36,24.8,138881,56,卖盘
2587,13:11:39,24.8,1031674,416,卖盘
2588,13:11:42,24.79,89265,36,卖盘
2589,13:11:45,24.79,96680,39,卖盘
2590,13:11:48,24.79,9916,4,买盘
2591,13:11:51,24.78,32214,13,卖盘
2592,13:11:57,24.79,74368,30,买盘
2593,13:12:00,24.79,42137,17,买盘
2594,13:12:03,24.78,52038,21,卖盘
2595,13:12:06,24.77,178418,72,卖盘
2596,13:12:09,24.78,34695,14,买盘
2597,13:12:12,24.78,14872,6,卖盘
2598,13:12:15,24.79,4957,2,买盘
2599,13:12:18,24.78,12390,5,买盘
2600,13:12:21,24.79,2479,1,卖盘
2601,13:12:24,24.8,7440,3,买盘
2602,13:12:27,24.8,39679,16,买盘
2603,13:12:30,24.81,12405,5,买盘
2604,13:12:33,24.81,17367,7,买盘
2605,13:12:39,24.83,19864,8,买盘
2606,13:12:42,24.84,4968,2,买盘
2607,13:12:45,24.83,39728,16,卖盘
2608,13:12:48,24.84,12419,5,买盘
2609,13:12:51,24.84,27323,11,买盘
2610,13:12:54,24.84,114264,46,买盘
2611,13:12:57,24.81,446913,180,卖盘
2612,13:13:00,24.8,287671,116,卖盘
2613,13:13:03,24.8,94236,38,中性盘
2614,13:13:06,24.81,136400,55,买盘
2615,13:13:09,24.8,104121,42,卖盘
2616,13:13:12,24.8,131438,53,卖盘
2617,13:13:15,24.79,27269,11,中性盘
2618,13:13:18,24.8,9920,4,买盘
2619,13:13:21,24.79,99124,40,卖盘
2620,13:13:24,24.77,428570,173,卖盘
2621,13:13:27,24.77,89172,36,卖盘
2622,13:13:30,24.77,9906,4,买盘
2623,13:13:33,24.77,12385,5,买盘
2624,13:13:36,24.77,297156,120,买盘
2625,13:13:39,24.77,329411,133,买盘
2626,13:13:42,24.77,12385,5,卖盘
2627,13:13:45,24.77,2477,1,卖盘
2628,13:13:48,24.78,61936,25,买盘
2629,13:13:51,24.78,32214,13,买盘
2630,13:13:57,24.78,4956,2,卖盘
2631,13:14:00,24.79,153677,62,买盘
2632,13:14:06,24.79,29748,12,买盘
2633,13:14:09,24.78,22310,9,卖盘
2634,13:14:12,24.79,39664,16,卖盘
2635,13:14:15,24.79,42153,17,中性盘
2636,13:14:18,24.79,2479,1,买盘
2637,13:14:21,24.79,14874,6,买盘
2638,13:14:24,24.79,17353,7,买盘
2639,13:14:27,24.79,76825,31,买盘
2640,13:14:30,24.79,9916,4,卖盘
2641,13:14:33,24.79,49580,20,卖盘
2642,13:14:36,24.8,14875,6,买盘
2643,13:14:39,24.8,4960,2,买盘
2644,13:14:42,24.79,24797,10,卖盘
2645,13:14:45,24.79,2479,1,卖盘
2646,13:14:48,24.79,4958,2,卖盘
2647,13:14:51,24.79,7438,3,卖盘
2648,13:14:54,24.8,24800,10,买盘
2649,13:15:00,24.79,525558,212,卖盘
2650,13:15:03,24.76,1147182,463,卖盘
2651,13:15:06,24.75,690625,279,卖盘
2652,13:15:09,24.73,225116,91,卖盘
2653,13:15:12,24.72,66774,27,卖盘
2654,13:15:15,24.74,155798,63,买盘
2655,13:15:18,24.72,81572,33,中性盘
2656,13:15:21,24.72,37090,15,卖盘
2657,13:15:24,24.73,84059,34,买盘
2658,13:15:27,24.72,46979,19,卖盘
2659,13:15:30,24.73,32147,13,买盘
2660,13:15:33,24.73,128546,52,买盘
2661,13:15:36,24.72,51912,21,卖盘
2662,13:15:39,24.73,2473,1,买盘
2663,13:15:42,24.73,84067,34,买盘
2664,13:15:48,24.72,51926,21,卖盘
2665,13:15:51,24.73,49459,20,买盘
2666,13:15:54,24.73,180522,73,买盘
2667,13:15:57,24.73,44514,18,买盘
2668,13:16:00,24.73,143433,58,买盘
2669,13:16:03,24.73,116203,47,卖盘
2670,13:16:06,24.74,24740,10,买盘
2671,13:16:09,24.74,66771,27,买盘
2672,13:16:12,24.74,84116,34,买盘
2673,13:16:18,24.74,12370,5,卖盘
2674,13:16:21,24.75,34647,14,买盘
2675,13:16:24,24.75,190514,77,买盘
2676,13:16:27,24.74,29697,12,卖盘
2677,13:16:30,24.74,22269,9,卖盘
2678,13:16:33,24.74,4948,2,卖盘
2679,13:16:36,24.74,7422,3,卖盘
2680,13:16:39,24.75,4949,2,买盘
2681,13:16:42,24.74,145953,59,卖盘
2682,13:16:45,24.74,66798,27,买盘
2683,13:16:48,24.74,32162,13,买盘
2684,13:16:51,24.73,29686,12,卖盘
2685,13:16:54,24.74,14843,6,买盘
2686,13:16:57,24.74,61850,25,买盘
2687,13:17:00,24.74,34636,14,买盘
2688,13:17:06,24.74,91538,37,卖盘
2689,13:17:09,24.74,121226,49,卖盘
2690,13:17:12,24.74,101434,41,卖盘
2691,13:17:15,24.73,264689,107,卖盘
2692,13:17:18,24.72,494528,200,卖盘
2693,13:17:21,24.73,341188,138,买盘
2694,13:17:24,24.72,24721,10,卖盘
2695,13:17:27,24.73,37095,15,买盘
2696,13:17:33,24.74,42053,17,买盘
2697,13:17:39,24.74,76653,31,买盘
2698,13:17:42,24.72,74170,30,卖盘
2699,13:17:45,24.73,123645,50,买盘
2700,13:17:48,24.73,42041,17,卖盘
2701,13:17:51,24.73,106339,43,卖盘
2702,13:17:54,24.73,59352,24,买盘
2703,13:17:57,24.73,49462,20,卖盘
2704,13:18:00,24.74,49480,20,买盘
2705,13:18:03,24.73,143434,58,卖盘
2706,13:18:06,24.74,37110,15,买盘
2707,13:18:09,24.73,59369,24,卖盘
2708,13:18:12,24.73,12365,5,买盘
2709,13:18:15,24.73,32149,13,买盘
2710,13:18:18,24.73,121177,49,买盘
2711,13:18:21,24.72,113741,46,卖盘
2712,13:18:24,24.74,37110,15,买盘
2713,13:18:30,24.73,64303,26,卖盘
2714,13:18:33,24.74,17318,7,买盘
2715,13:18:36,24.74,4947,2,买盘
2716,13:18:39,24.74,7420,3,买盘
2717,13:18:42,24.73,27213,11,卖盘
2718,13:18:45,24.74,7422,3,买盘
2719,13:18:48,24.73,103892,42,卖盘
2720,13:18:51,24.73,47005,19,卖盘
2721,13:18:54,24.73,59355,24,卖盘
2722,13:18:57,24.75,94023,38,买盘
2723,13:19:00,24.74,14849,6,卖盘
2724,13:19:03,24.76,12377,5,买盘
2725,13:19:06,24.75,2475,1,中性盘
2726,13:19:09,24.76,76749,31,买盘
2727,13:19:12,24.76,7428,3,买盘
2728,13:19:15,24.76,14856,6,买盘
2729,13:19:18,24.76,289626,117,卖盘
2730,13:19:21,24.75,210444,85,卖盘
2731,13:19:24,24.75,37134,15,买盘
2732,13:19:27,24.75,76723,31,卖盘
2733,13:19:30,24.76,4952,2,买盘
2734,13:19:33,24.76,2476,1,买盘
2735,13:19:42,24.77,27247,11,买盘
2736,13:19:45,24.77,52017,21,买盘
2737,13:19:48,24.77,4954,2,卖盘
2738,13:19:54,24.76,190716,77,卖盘
2739,13:19:57,24.78,175845,71,买盘
2740,13:20:00,24.76,66872,27,卖盘
2741,13:20:03,24.77,17339,7,买盘
2742,13:20:06,24.77,49539,20,买盘
2743,13:20:09,24.76,94118,38,卖盘
2744,13:20:12,24.76,126296,51,卖盘
2745,13:20:15,24.77,200564,81,买盘
2746,13:20:18,24.75,158437,64,卖盘
2747,13:20:21,24.7,3518978,1423,卖盘
2748,13:20:24,24.68,1254648,508,卖盘
2749,13:20:27,24.68,103689,42,卖盘
2750,13:20:30,24.68,37031,15,卖盘
2751,13:20:33,24.69,66644,27,买盘
2752,13:20:36,24.68,246823,100,卖盘
2753,13:20:39,24.69,22220,9,买盘
2754,13:20:42,24.68,153016,62,卖盘
2755,13:20:45,24.68,56774,23,卖盘
2756,13:20:48,24.68,12340,5,卖盘
2757,13:20:51,24.68,222129,90,卖盘
2758,13:20:54,24.68,22210,9,中性盘
2759,13:20:57,24.67,177654,72,卖盘
2760,13:21:00,24.66,508056,206,卖盘
2761,13:21:03,24.64,470892,191,卖盘
2762,13:21:06,24.63,123179,50,卖盘
2763,13:21:09,24.63,229059,93,买盘
2764,13:21:12,24.65,12317,5,买盘
2765,13:21:15,24.64,44362,18,中性盘
2766,13:21:18,24.65,110895,45,买盘
2767,13:21:21,24.65,61588,25,卖盘
2768,13:21:24,24.65,4929,2,买盘
2769,13:21:27,24.65,12323,5,买盘
2770,13:21:30,24.65,2465,1,卖盘
2771,13:21:33,24.66,7398,3,买盘
2772,13:21:36,24.65,140515,57,卖盘
2773,13:21:39,24.65,108462,44,卖盘
2774,13:21:42,24.65,423783,172,卖盘
2775,13:21:45,24.63,59137,24,卖盘
2776,13:21:48,24.63,41873,17,卖盘
2777,13:21:51,24.63,19705,8,卖盘
2778,13:21:54,24.63,71426,29,卖盘
2779,13:21:57,24.64,234020,95,买盘
2780,13:22:00,24.63,32020,13,卖盘
2781,13:22:03,24.64,66528,27,买盘
2782,13:22:06,24.63,98547,40,卖盘
2783,13:22:09,24.61,593430,241,卖盘
2784,13:22:12,24.61,526686,214,卖盘
2785,13:22:15,24.62,324971,132,买盘
2786,13:22:18,24.6,314971,128,卖盘
2787,13:22:21,24.6,24606,10,卖盘
2788,13:22:24,24.6,63970,26,卖盘
2789,13:22:27,24.6,578121,235,卖盘
2790,13:22:30,24.6,312434,127,卖盘
2791,13:22:33,24.62,44300,18,买盘
2792,13:22:36,24.61,71354,29,中性盘
2793,13:22:39,24.62,14767,6,买盘
2794,13:22:42,24.62,24620,10,买盘
2795,13:22:45,24.62,27079,11,买盘
2796,13:22:48,24.62,19695,8,买盘
2797,13:22:51,24.62,36937,15,卖盘
2798,13:22:54,24.62,4924,2,卖盘
2799,13:22:57,24.63,125566,51,买盘
2800,13:23:00,24.63,22167,9,买盘
2801,13:23:03,24.63,4926,2,买盘
2802,13:23:06,24.63,2463,1,卖盘
2803,13:23:09,24.64,7392,3,买盘
2804,13:23:12,24.64,61600,25,买盘
2805,13:23:15,24.64,59135,24,买盘
2806,13:23:18,24.64,51764,21,卖盘
2807,13:23:21,24.65,76412,31,买盘
2808,13:23:24,24.66,86309,35,买盘
2809,13:23:27,24.65,83819,34,卖盘
2810,13:23:30,24.65,22187,9,卖盘
2811,13:23:33,24.66,39456,16,买盘
2812,13:23:36,24.66,2466,1,买盘
2813,13:23:39,24.66,12330,5,买盘
2814,13:23:45,24.68,2468,1,买盘
2815,13:23:48,24.68,12340,5,买盘
2816,13:23:51,24.68,303564,123,买盘
2817,13:23:54,24.68,19744,8,中性盘
2818,13:23:57,24.68,83882,34,买盘
2819,13:24:00,24.68,61684,25,买盘
2820,13:24:03,24.68,46890,19,买盘
2821,13:24:06,24.68,81439,33,买盘
2822,13:24:09,24.68,27148,11,卖盘
2823,13:24:12,24.68,39488,16,中性盘
2824,13:24:15,24.69,98725,40,买盘
2825,13:24:18,24.69,78996,32,买盘
2826,13:24:21,24.66,283754,115,卖盘
2827,13:24:24,24.68,180151,73,买盘
2828,13:24:27,24.67,157895,64,买盘
2829,13:24:30,24.66,377323,153,卖盘
2830,13:24:33,24.67,222023,90,买盘
2831,13:24:36,24.67,19736,8,卖盘
2832,13:24:39,24.67,17270,7,卖盘
2833,13:24:42,24.66,150426,61,卖盘
2834,13:24:45,24.66,4932,2,买盘
2835,13:24:48,24.67,34535,14,买盘
2836,13:24:51,24.66,123281,50,卖盘
2837,13:24:54,24.66,2466,1,卖盘
2838,13:24:57,24.67,64142,26,买盘
2839,13:25:00,24.67,194893,79,卖盘
2840,13:25:03,24.67,19736,8,买盘
2841,13:25:06,24.66,2466,1,卖盘
2842,13:25:09,24.66,32062,13,卖盘
2843,13:25:12,24.67,24668,10,买盘
2844,13:25:15,24.66,64137,26,卖盘
2845,13:25:18,24.66,9867,4,卖盘
2846,13:25:21,24.66,22194,9,卖盘
2847,13:25:24,24.67,54262,22,买盘
2848,13:25:27,24.67,2467,1,买盘
2849,13:25:33,24.66,276206,112,卖盘
2850,13:25:36,24.66,39456,16,买盘
2851,13:25:39,24.66,2466,1,买盘
2852,13:25:42,24.66,14796,6,买盘
2853,13:25:45,24.66,374832,152,买盘
2854,13:25:48,24.66,4932,2,卖盘
2855,13:25:51,24.67,2467,1,买盘
2856,13:25:54,24.67,39472,16,买盘
2857,13:26:03,24.68,86375,35,买盘
2858,13:26:06,24.68,9871,4,买盘
2859,13:26:09,24.68,44419,18,买盘
2860,13:26:12,24.68,241863,98,买盘
2861,13:26:15,24.68,106118,43,买盘
2862,13:26:18,24.68,241864,98,买盘
2863,13:26:21,24.67,505640,205,卖盘
2864,13:26:24,24.68,81423,33,买盘
2865,13:26:30,24.66,143042,58,卖盘
2866,13:26:33,24.66,39465,16,卖盘
2867,13:26:36,24.65,103553,42,卖盘
2868,13:26:39,24.66,175026,71,中性盘
2869,13:26:42,24.66,73980,30,买盘
2870,13:26:45,24.66,27126,11,买盘
2871,13:26:48,24.66,165282,67,卖盘
2872,13:26:51,24.67,4934,2,买盘
2873,13:27:00,24.68,37011,15,买盘
2874,13:27:03,24.68,46892,19,买盘
2875,13:27:06,24.68,76508,31,买盘
2876,13:27:09,24.67,2467,1,卖盘
2877,13:27:15,24.69,7409,3,中性盘
2878,13:27:27,24.69,64204,26,卖盘
2879,13:27:30,24.7,14817,6,买盘
2880,13:27:33,24.69,59265,24,卖盘
2881,13:27:36,24.7,7409,3,买盘
2882,13:27:39,24.69,39516,16,卖盘
2883,13:27:42,24.7,17290,7,中性盘
2884,13:27:45,24.7,14818,6,买盘
2885,13:27:48,24.7,130859,53,买盘
2886,13:27:51,24.7,88920,36,卖盘
2887,13:27:54,24.7,192695,78,卖盘
2888,13:27:57,24.7,192658,78,卖盘
2889,13:28:00,24.69,17288,7,卖盘
2890,13:28:03,24.69,192517,78,卖盘
2891,13:28:06,24.68,61700,25,卖盘
2892,13:28:09,24.67,162830,66,卖盘
2893,13:28:12,24.66,2466,1,卖盘
2894,13:28:15,24.67,7400,3,买盘
2895,13:28:18,24.67,64123,26,买盘
2896,13:28:21,24.67,39467,16,买盘
2897,13:28:27,24.66,61666,25,卖盘
2898,13:28:30,24.68,32084,13,买盘
2899,13:28:33,24.66,19728,8,卖盘
2900,13:28:36,24.67,14802,6,买盘
2901,13:28:39,24.67,37005,15,买盘
2902,13:28:42,24.66,434043,176,卖盘
2903,13:28:45,24.65,234216,95,卖盘
2904,13:28:48,24.66,9864,4,买盘
2905,13:28:51,24.66,49318,20,买盘
2906,13:28:54,24.65,2465,1,卖盘
2907,13:28:57,24.67,125814,51,买盘
2908,13:29:00,24.65,49307,20,卖盘
2909,13:29:03,24.66,22191,9,买盘
2910,13:29:06,24.66,347576,141,买盘
2911,13:29:09,24.66,19727,8,买盘
2912,13:29:12,24.66,29592,12,买盘
2913,13:29:15,24.66,81356,33,买盘
2914,13:29:18,24.66,76444,31,买盘
2915,13:29:24,24.66,9865,4,卖盘
2916,13:29:27,24.66,212076,86,卖盘
2917,13:29:30,24.66,175086,71,卖盘
2918,13:29:36,24.65,120825,49,卖盘
2919,13:29:39,24.65,61647,25,卖盘
2920,13:29:45,24.65,152830,62,卖盘
2921,13:29:48,24.65,2465,1,买盘
2922,13:29:51,24.64,27113,11,卖盘
2923,13:29:54,24.65,2465,1,买盘
2924,13:29:57,24.65,184850,75,买盘
2925,13:30:00,24.65,2465,1,卖盘
2926,13:30:03,24.65,64090,26,卖盘
2927,13:30:06,24.65,69022,28,卖盘
2928,13:30:09,24.64,704887,286,卖盘
2929,13:30:12,24.63,679736,276,卖盘
2930,13:30:15,24.62,4924,2,中性盘
2931,13:30:21,24.62,17233,7,买盘
2932,13:30:24,24.62,7384,3,买盘
2933,13:30:27,24.62,12310,5,买盘
2934,13:30:30,24.62,103392,42,买盘
2935,13:30:33,24.61,194464,79,卖盘
2936,13:30:36,24.62,78784,32,买盘
2937,13:30:39,24.62,61530,25,卖盘
2938,13:30:42,24.62,36930,15,买盘
2939,13:30:45,24.62,7385,3,中性盘
2940,13:30:48,24.6,780012,317,卖盘
2941,13:30:51,24.59,907682,369,卖盘
2942,13:30:54,24.58,71292,29,卖盘
2943,13:30:57,24.58,405569,165,卖盘
2944,13:31:00,24.56,140027,57,卖盘
2945,13:31:03,24.55,311861,127,卖盘
2946,13:31:06,24.55,95739,39,卖盘
2947,13:31:09,24.55,66293,27,买盘
2948,13:31:12,24.55,147338,60,卖盘
2949,13:31:15,24.56,12280,5,中性盘
2950,13:31:18,24.55,186641,76,卖盘
2951,13:31:21,24.55,213643,87,卖盘
2952,13:31:24,24.55,95762,39,卖盘
2953,13:31:27,24.56,68763,28,买盘
2954,13:31:30,24.55,159579,65,卖盘
2955,13:31:33,24.55,81045,33,卖盘
2956,13:31:36,24.55,115391,47,卖盘
2957,13:31:39,24.55,68740,28,买盘
2958,13:31:42,24.55,365650,149,卖盘
2959,13:31:45,24.55,19642,8,卖盘
2960,13:31:48,24.55,245500,100,卖盘
2961,13:31:51,24.55,250423,102,买盘
2962,13:31:54,24.56,9822,4,买盘
2963,13:31:57,24.56,22102,9,买盘
2964,13:32:00,24.55,54010,22,卖盘
2965,13:32:03,24.55,93307,38,卖盘
2966,13:32:06,24.55,78570,32,卖盘
2967,13:32:09,24.55,14731,6,卖盘
2968,13:32:12,24.56,125255,51,买盘
2969,13:32:15,24.56,179240,73,买盘
2970,13:32:18,24.56,132621,54,买盘
2971,13:32:21,24.55,95776,39,卖盘
2972,13:32:24,24.55,186582,76,卖盘
2973,13:32:27,24.55,63830,26,买盘
2974,13:32:30,24.55,152210,62,买盘
2975,13:32:33,24.56,41739,17,买盘
2976,13:32:36,24.56,4911,2,买盘
2977,13:32:39,24.55,83501,34,卖盘
2978,13:32:42,24.56,83504,34,买盘
2979,13:32:45,24.57,98210,40,买盘
2980,13:32:48,24.57,203931,83,买盘
2981,13:32:51,24.58,2458,1,买盘
2982,13:32:54,24.58,39319,16,买盘
2983,13:32:57,24.58,29496,12,买盘
2984,13:33:00,24.58,17206,7,卖盘
2985,13:33:03,24.6,4920,2,买盘
2986,13:33:06,24.59,86085,35,卖盘
2987,13:33:09,24.59,169676,69,卖盘
2988,13:33:12,24.59,51636,21,买盘
2989,13:33:15,24.59,41803,17,买盘
2990,13:33:18,24.59,24590,10,买盘
2991,13:33:21,24.59,19671,8,买盘
2992,13:33:24,24.56,982727,400,卖盘
2993,13:33:27,24.59,179379,73,买盘
2994,13:33:30,24.58,31962,13,卖盘
2995,13:33:33,24.6,36894,15,买盘
2996,13:33:36,24.6,1520280,618,卖盘
2997,13:33:39,24.6,49200,20,卖盘
2998,13:33:42,24.61,83671,34,买盘
2999,13:33:45,24.61,9844,4,卖盘
3000,13:33:48,24.62,9848,4,买盘
3001,13:33:51,24.62,19696,8,买盘
3002,13:33:54,24.62,27082,11,卖盘
3003,13:34:03,24.62,103414,42,卖盘
3004,13:34:06,24.64,32030,13,买盘
3005,13:34:12,24.65,4930,2,买盘
3006,13:34:15,24.65,69011,28,卖盘
3007,13:34:18,24.64,49286,20,卖盘
3008,13:34:21,24.64,44354,18,买盘
3009,13:34:24,24.64,54194,22,中性盘
3010,13:34:27,24.63,189667,77,中性盘
3011,13:34:30,24.63,133035,54,卖盘
3012,13:34:33,24.62,194506,79,卖盘
3013,13:34:36,24.62,4924,2,买盘
3014,13:34:39,24.62,39392,16,买盘
3015,13:34:42,24.62,118176,48,卖盘
3016,13:34:45,24.62,9848,4,买盘
3017,13:34:48,24.62,44319,18,卖盘
3018,13:34:51,24.61,9845,4,卖盘
3019,13:34:54,24.6,243612,99,卖盘
3020,13:34:57,24.59,110698,45,卖盘
3021,13:35:00,24.59,2459,1,卖盘
3022,13:35:03,24.58,27042,11,卖盘
3023,13:35:06,24.59,171993,70,买盘
3024,13:35:09,24.58,4916,2,卖盘
3025,13:35:12,24.58,46702,19,卖盘
3026,13:35:15,24.58,31948,13,买盘
3027,13:35:21,24.57,14743,6,卖盘
3028,13:35:24,24.58,12290,5,卖盘
3029,13:35:27,24.58,49160,20,卖盘
3030,13:35:30,24.59,34426,14,买盘
3031,13:35:39,24.59,137704,56,买盘
3032,13:35:42,24.59,9836,4,卖盘
3033,13:35:45,24.59,108196,44,卖盘
3034,13:35:48,24.59,36885,15,卖盘
3035,13:35:51,24.6,46729,19,买盘
3036,13:35:54,24.6,9840,4,买盘
3037,13:35:57,24.6,100824,41,买盘
3038,13:36:00,24.59,17214,7,中性盘
3039,13:36:03,24.6,73800,30,买盘
3040,13:36:06,24.59,19672,8,卖盘
3041,13:36:09,24.59,186895,76,卖盘
3042,13:36:12,24.59,34426,14,买盘
3043,13:36:15,24.59,34426,14,买盘
3044,13:36:18,24.59,2459,1,买盘
3045,13:36:21,24.59,71311,29,买盘
3046,13:36:24,24.59,90983,37,买盘
3047,13:36:27,24.59,41803,17,买盘
3048,13:36:30,24.59,44262,18,买盘
3049,13:36:33,24.59,34426,14,买盘
3050,13:36:39,24.6,4919,2,买盘
3051,13:36:42,24.6,7380,3,买盘
3052,13:36:48,24.6,51660,21,买盘
3053,13:36:51,24.6,24600,10,买盘
3054,13:36:54,24.6,7380,3,卖盘
3055,13:36:57,24.6,2460,1,卖盘
3056,13:37:00,24.6,14760,6,卖盘
3057,13:37:03,24.6,27070,11,卖盘
3058,13:37:06,24.6,78720,32,卖盘
3059,13:37:09,24.6,4920,2,买盘
3060,13:37:12,24.6,73800,30,买盘
3061,13:37:15,24.6,44280,18,买盘
3062,13:37:18,24.6,24600,10,买盘
3063,13:37:21,24.6,31980,13,买盘
3064,13:37:24,24.6,27060,11,买盘
3065,13:37:27,24.6,24600,10,卖盘
3066,13:37:30,24.61,36913,15,买盘
3067,13:37:39,24.62,12310,5,买盘
3068,13:37:42,24.62,7386,3,买盘
3069,13:37:45,24.62,27082,11,买盘
3070,13:37:57,24.62,17237,7,卖盘
3071,13:38:00,24.63,73890,30,买盘
3072,13:38:06,24.64,22176,9,买盘
3073,13:38:09,24.64,61594,25,买盘
3074,13:38:12,24.61,952605,387,卖盘
3075,13:38:15,24.63,91111,37,买盘
3076,13:38:18,24.62,36930,15,中性盘
3077,13:38:21,24.62,2462,1,买盘
3078,13:38:24,24.62,14772,6,买盘
3079,13:38:27,24.62,7386,3,买盘
3080,13:38:30,24.62,76319,31,买盘
3081,13:38:33,24.62,22158,9,买盘
3082,13:38:42,24.62,2462,1,卖盘
3083,13:38:45,24.62,44317,18,卖盘
3084,13:38:48,24.63,2463,1,买盘
3085,13:38:51,24.63,9852,4,买盘
3086,13:38:54,24.63,29556,12,买盘
3087,13:39:03,24.64,29568,12,买盘
3088,13:39:09,24.65,14790,6,买盘
3089,13:39:15,24.66,44387,18,买盘
3090,13:39:18,24.66,719755,292,买盘
3091,13:39:21,24.67,115921,47,买盘
3092,13:39:24,24.67,17269,7,买盘
3093,13:39:27,24.68,32082,13,买盘
3094,13:39:30,24.68,103658,42,卖盘
3095,13:39:33,24.69,71601,29,买盘
3096,13:39:36,24.69,96266,39,中性盘
3097,13:39:39,24.7,442245,179,买盘
3098,13:39:42,24.68,108585,44,卖盘
3099,13:39:45,24.68,111081,45,买盘
3100,13:39:48,24.68,78982,32,卖盘
3101,13:39:51,24.68,22211,9,中性盘
