,成交时间,成交价格,成交金额,成交量,性质
0,09:25:03,54.3,6163050,1135,卖盘
1,09:30:00,55.0,1566094,285,买盘
2,09:30:04,55.01,539014,98,买盘
3,09:30:06,55.2,1519668,276,买盘
4,09:30:10,55.13,4225343,768,卖盘
5,09:30:12,55.29,888117,161,买盘
6,09:30:16,55.13,2080545,377,卖盘
7,09:30:18,55.13,1485157,269,卖盘
8,09:30:22,55.32,470058,85,买盘
9,09:30:24,55.31,18233803,3313,卖盘
10,09:30:28,55.14,2091222,378,中性盘
11,09:30:30,54.93,1406758,255,卖盘
12,09:30:33,55.31,2912200,528,买盘
13,09:30:36,55.31,3874317,700,卖盘
14,09:30:39,55.31,2836995,513,卖盘
15,09:30:42,55.47,2603548,470,买盘
16,09:30:45,55.52,2620200,472,买盘
17,09:30:49,55.5,1361195,245,卖盘
18,09:30:51,55.6,2259369,406,买盘
19,09:30:54,55.61,1923085,345,中性盘
20,09:30:57,55.59,2452632,441,卖盘
21,09:31:01,55.84,2740093,492,买盘
22,09:31:03,55.8,2192939,393,卖盘
23,09:31:06,55.69,1443883,259,中性盘
24,09:31:09,55.79,1204635,216,买盘
25,09:31:12,55.68,2180190,392,卖盘
26,09:31:15,55.68,673278,121,买盘
27,09:31:19,55.8,1365644,245,买盘
28,09:31:21,55.8,2047989,367,卖盘
29,09:31:24,55.85,2725187,488,买盘
30,09:31:27,55.85,1871446,335,卖盘
31,09:31:30,55.87,3714777,665,买盘
32,09:31:33,56.0,2216032,396,买盘
33,09:31:36,55.99,526323,94,卖盘
34,09:31:39,56.01,963412,172,买盘
35,09:31:42,56.04,761976,136,买盘
36,09:31:45,56.04,1176961,210,卖盘
37,09:31:49,56.12,1430305,255,买盘
38,09:31:51,56.24,1336613,238,买盘
39,09:31:54,56.25,1198559,213,买盘
40,09:31:57,56.25,3469157,617,卖盘
41,09:32:00,56.12,1100694,196,卖盘
42,09:32:03,56.15,2726180,486,买盘
43,09:32:06,55.89,6040507,1077,卖盘
44,09:32:09,55.88,1426498,255,卖盘
45,09:32:12,55.93,2078504,371,买盘
46,09:32:15,56.0,1507473,269,卖盘
47,09:32:18,55.94,1318050,235,卖盘
48,09:32:21,56.03,1902187,339,买盘
49,09:32:24,56.28,3743332,666,买盘
50,09:32:27,56.32,2805431,498,买盘
51,09:32:30,56.3,2395553,425,卖盘
52,09:32:33,56.47,3334537,591,买盘
53,09:32:36,56.4,5988455,1060,卖盘
54,09:32:39,56.55,2180930,386,买盘
55,09:32:42,56.58,1345301,238,买盘
56,09:32:45,56.66,1194549,211,买盘
57,09:32:48,56.67,1128635,199,买盘
58,09:32:52,56.9,2329003,410,买盘
59,09:32:54,56.94,723027,127,买盘
60,09:32:57,57.01,3271990,574,买盘
61,09:33:01,56.9,10021743,1758,卖盘
62,09:33:03,56.93,3151166,553,买盘
63,09:33:06,56.95,1976397,347,买盘
64,09:33:09,57.0,2943173,516,买盘
65,09:33:12,57.0,1932406,339,买盘
66,09:33:15,56.9,1864116,327,卖盘
67,09:33:18,56.93,2929186,514,买盘
68,09:33:21,57.0,1755315,308,中性盘
69,09:33:24,57.15,1723011,302,买盘
70,09:33:27,57.22,1623774,284,买盘
71,09:33:30,57.18,2009207,351,卖盘
72,09:33:33,57.35,4632629,809,买盘
73,09:33:36,57.28,4332472,757,卖盘
74,09:33:39,57.25,1195403,209,中性盘
75,09:33:42,57.16,2413663,422,中性盘
76,09:33:45,57.08,2044922,358,卖盘
77,09:33:48,57.09,1159401,203,买盘
78,09:33:51,57.08,1096086,192,卖盘
79,09:33:54,56.99,1248847,219,卖盘
80,09:33:57,56.95,1829820,321,卖盘
81,09:34:00,57.1,5059266,887,买盘
82,09:34:03,57.28,5741007,1003,买盘
83,09:34:06,57.31,3698734,645,买盘
84,09:34:09,57.42,1657911,289,买盘
85,09:34:12,57.4,803774,140,卖盘
86,09:34:15,57.45,2436470,424,买盘
87,09:34:18,57.54,3853158,670,买盘
88,09:34:21,57.45,4497962,782,卖盘
89,09:34:24,57.43,2011401,350,中性盘
90,09:34:28,57.45,2273495,396,买盘
91,09:34:30,57.42,723515,126,买盘
92,09:34:33,57.43,1746164,304,买盘
93,09:34:36,57.43,5690837,990,买盘
94,09:34:39,57.43,3332005,580,中性盘
95,09:34:42,57.48,5905631,1027,买盘
96,09:34:45,57.5,1615647,281,买盘
97,09:34:48,57.42,1672453,291,卖盘
98,09:34:51,57.38,677363,118,卖盘
99,09:34:54,57.38,1170718,204,卖盘
100,09:34:57,57.26,2247889,392,卖盘
101,09:35:00,57.3,1161806,203,买盘
102,09:35:04,57.17,915092,160,卖盘
103,09:35:06,56.83,1088416,191,卖盘
104,09:35:09,56.83,556851,98,卖盘
105,09:35:12,56.8,761208,134,中性盘
106,09:35:15,56.66,1061006,187,卖盘
107,09:35:18,56.66,515901,91,卖盘
108,09:35:21,56.61,515005,91,中性盘
109,09:35:24,56.59,571366,101,卖盘
110,09:35:27,56.59,769225,136,买盘
111,09:35:30,56.45,1141453,202,卖盘
112,09:35:33,56.5,3558971,629,卖盘
113,09:35:36,56.65,1239412,219,买盘
114,09:35:39,56.6,900600,159,中性盘
115,09:35:42,56.65,1013239,179,买盘
116,09:35:45,56.47,1667986,295,卖盘
117,09:35:48,56.48,1078346,191,买盘
118,09:35:51,56.5,1756107,311,买盘
119,09:35:54,56.48,1197896,212,卖盘
120,09:35:57,56.5,734815,130,买盘
121,09:36:00,56.48,1163234,206,卖盘
122,09:36:04,56.33,1529879,271,卖盘
123,09:36:06,56.26,923720,164,卖盘
124,09:36:10,56.33,872873,155,买盘
125,09:36:12,56.2,1387807,247,卖盘
126,09:36:15,56.28,450142,80,买盘
127,09:36:18,56.29,590656,105,买盘
128,09:36:21,56.12,916805,163,卖盘
129,09:36:24,56.2,921256,164,买盘
130,09:36:27,56.12,376351,67,卖盘
131,09:36:30,56.1,1789976,319,卖盘
132,09:36:33,56.26,1510965,269,买盘
133,09:36:36,56.14,1393420,248,卖盘
134,09:36:39,56.22,404788,72,买盘
135,09:36:42,56.28,1710005,304,中性盘
136,09:36:45,56.28,753746,134,卖盘
137,09:36:48,56.16,596107,106,卖盘
138,09:36:51,56.18,629210,112,买盘
139,09:36:54,56.23,460499,82,买盘
140,09:36:57,56.22,281089,50,买盘
141,09:37:01,56.21,696905,124,卖盘
142,09:37:03,56.18,730454,130,中性盘
143,09:37:06,56.16,831555,148,卖盘
144,09:37:09,56.09,1150420,205,卖盘
145,09:37:12,56.03,1020228,182,卖盘
146,09:37:15,56.0,1719846,307,卖盘
147,09:37:18,56.17,5670251,1010,买盘
148,09:37:21,56.19,816405,145,中性盘
149,09:37:24,56.19,1367613,243,卖盘
150,09:37:27,56.35,1239059,220,买盘
151,09:37:30,56.67,8371677,1474,买盘
152,09:37:33,56.47,2039996,360,卖盘
153,09:37:36,56.43,1226069,217,卖盘
154,09:37:39,56.43,411914,73,中性盘
155,09:37:42,56.57,1168329,207,买盘
156,09:37:45,56.46,1168600,207,中性盘
157,09:37:48,56.44,1167452,207,中性盘
158,09:37:51,56.43,942895,167,买盘
159,09:37:54,56.29,1471245,261,卖盘
160,09:37:57,56.38,1069845,190,买盘
161,09:38:00,56.38,1132392,201,买盘
162,09:38:03,56.36,850964,151,卖盘
163,09:38:06,56.21,405405,72,中性盘
164,09:38:09,56.12,455328,81,卖盘
165,09:38:12,56.18,954978,170,中性盘
166,09:38:15,56.18,331519,59,买盘
167,09:38:19,56.17,522207,93,中性盘
168,09:38:21,56.12,499717,89,卖盘
169,09:38:24,56.13,2009765,358,买盘
170,09:38:27,56.19,810065,144,中性盘
171,09:38:30,56.28,1345130,239,卖盘
172,09:38:33,56.57,1603229,284,买盘
173,09:38:36,56.67,906024,160,买盘
174,09:38:39,56.66,283443,50,中性盘
175,09:38:42,56.68,799181,141,买盘
176,09:38:45,56.64,844784,149,卖盘
177,09:38:48,56.67,885377,156,买盘
178,09:38:51,56.73,244169,43,中性盘
179,09:38:54,56.77,210063,37,卖盘
180,09:38:57,56.9,2107089,371,买盘
181,09:39:00,56.9,614765,108,买盘
182,09:39:03,57.2,2469844,433,买盘
183,09:39:06,57.1,1971279,345,卖盘
184,09:39:09,57.07,810763,142,卖盘
185,09:39:12,56.96,2064003,362,卖盘
186,09:39:15,56.94,2481886,435,中性盘
187,09:39:18,57.1,976344,171,中性盘
188,09:39:21,57.1,2027479,355,卖盘
189,09:39:24,57.07,1552861,272,买盘
190,09:39:28,56.98,399391,70,中性盘
191,09:39:30,57.04,1141205,200,中性盘
192,09:39:33,57.0,484886,85,卖盘
193,09:39:36,56.94,239247,42,卖盘
194,09:39:40,57.0,1128795,198,买盘
195,09:39:42,56.98,872114,153,卖盘
196,09:39:45,56.98,797877,140,卖盘
197,09:39:49,56.99,951824,167,买盘
198,09:39:51,57.06,592960,104,买盘
199,09:39:54,57.11,3324135,582,买盘
200,09:39:57,57.16,2795670,489,买盘
201,09:40:01,57.2,772297,135,买盘
202,09:40:03,57.36,3299730,576,买盘
203,09:40:06,57.38,797570,139,买盘
204,09:40:09,57.28,865857,151,卖盘
205,09:40:12,57.2,1248607,218,卖盘
206,09:40:15,57.07,1920612,336,卖盘
207,09:40:18,57.14,981148,172,买盘
208,09:40:22,56.97,1094274,192,卖盘
209,09:40:24,56.94,2080039,365,卖盘
210,09:40:27,56.81,403778,71,卖盘
211,09:40:30,56.79,476808,84,卖盘
212,09:40:33,56.8,1236984,218,买盘
213,09:40:37,56.7,674783,119,卖盘
214,09:40:39,56.78,1072492,189,买盘
215,09:40:42,56.71,839657,148,卖盘
216,09:40:45,56.67,402830,71,卖盘
217,09:40:48,56.71,289221,51,买盘
218,09:40:51,56.66,640974,113,卖盘
219,09:40:54,56.7,3486694,615,买盘
220,09:40:57,56.66,2708734,478,中性盘
221,09:41:00,56.71,2947985,520,买盘
222,09:41:03,56.66,2529532,446,卖盘
223,09:41:06,56.6,1570038,277,中性盘
224,09:41:09,56.53,181171,32,卖盘
225,09:41:13,56.62,345537,61,买盘
226,09:41:15,56.6,101838,18,中性盘
227,09:41:19,56.46,1369242,242,卖盘
228,09:41:21,56.5,401125,71,买盘
229,09:41:24,56.51,197779,35,中性盘
230,09:41:28,56.52,203478,36,中性盘
231,09:41:30,56.58,690081,122,买盘
232,09:41:33,56.46,2847983,504,卖盘
233,09:41:36,56.3,693452,123,卖盘
234,09:41:39,56.28,658878,117,卖盘
235,09:41:42,56.28,354816,63,卖盘
236,09:41:45,56.28,270260,48,卖盘
237,09:41:48,56.28,163226,29,卖盘
238,09:41:51,56.37,50692,9,中性盘
239,09:41:54,56.24,562831,100,卖盘
240,09:41:57,56.2,938773,167,卖盘
241,09:42:00,56.2,123632,22,买盘
242,09:42:03,56.18,432653,77,卖盘
243,09:42:06,56.18,370788,66,买盘
244,09:42:09,56.18,382007,68,买盘
245,09:42:12,56.18,1016613,181,买盘
246,09:42:15,56.18,252754,45,买盘
247,09:42:18,56.17,561756,100,中性盘
248,09:42:21,56.16,219015,39,卖盘
249,09:42:24,56.14,533321,95,卖盘
250,09:42:27,56.1,375913,67,卖盘
251,09:42:30,56.14,881263,157,买盘
252,09:42:33,56.1,415064,74,卖盘
253,09:42:36,56.1,460259,82,买盘
254,09:42:39,56.15,370450,66,买盘
255,09:42:43,56.08,431910,77,卖盘
256,09:42:45,55.99,2072626,370,卖盘
257,09:42:48,56.09,1013764,181,买盘
258,09:42:51,56.0,235374,42,卖盘
259,09:42:54,56.06,252118,45,中性盘
260,09:42:57,55.97,548760,98,卖盘
261,09:43:00,55.99,156752,28,买盘
262,09:43:03,55.9,469899,84,卖盘
263,09:43:06,55.86,486356,87,卖盘
264,09:43:09,55.75,563906,101,卖盘
265,09:43:13,55.8,580189,104,中性盘
266,09:43:15,55.75,89195,16,中性盘
267,09:43:18,55.75,518052,93,买盘
268,09:43:21,55.8,351282,63,买盘
269,09:43:24,55.76,535517,96,卖盘
270,09:43:27,55.8,546602,98,买盘
271,09:43:30,55.81,301168,54,中性盘
272,09:43:33,55.89,3259980,584,买盘
273,09:43:36,55.8,251172,45,中性盘
274,09:43:39,55.74,624569,112,卖盘
275,09:43:42,55.7,267533,48,卖盘
276,09:43:45,55.7,350859,63,买盘
277,09:43:48,55.67,618115,111,卖盘
278,09:43:52,55.67,840451,151,卖盘
279,09:43:54,55.67,172583,31,中性盘
280,09:43:57,55.7,400564,72,买盘
281,09:44:00,55.7,122564,22,卖盘
282,09:44:04,55.7,534148,96,卖盘
283,09:44:06,55.69,217129,39,中性盘
284,09:44:09,55.68,461813,83,中性盘
285,09:44:12,55.75,1097477,197,买盘
286,09:44:15,55.85,1049698,188,买盘
287,09:44:18,55.9,1133715,203,买盘
288,09:44:21,55.83,966366,173,中性盘
289,09:44:24,55.86,916594,164,中性盘
290,09:44:27,55.92,1359864,243,买盘
291,09:44:30,56.0,363918,65,买盘
292,09:44:33,55.95,839109,150,卖盘
293,09:44:36,56.04,414592,74,买盘
294,09:44:39,55.95,744600,133,卖盘
295,09:44:42,56.05,2833693,506,买盘
296,09:44:45,55.97,223957,40,中性盘
297,09:44:48,56.0,263100,47,中性盘
298,09:44:51,56.0,391880,70,买盘
299,09:44:54,55.96,408837,73,中性盘
300,09:44:57,56.01,319196,57,买盘
301,09:45:01,55.94,302199,54,卖盘
302,09:45:03,55.87,631917,113,卖盘
303,09:45:07,55.86,385525,69,卖盘
304,09:45:09,55.86,307520,55,买盘
305,09:45:12,55.81,474802,85,卖盘
306,09:45:15,55.86,435661,78,买盘
307,09:45:18,55.83,329535,59,卖盘
308,09:45:21,55.83,290314,52,卖盘
309,09:45:24,55.76,2922756,525,卖盘
310,09:45:28,55.86,295738,53,买盘
311,09:45:30,55.73,301029,54,买盘
312,09:45:34,55.7,217124,39,卖盘
313,09:45:37,55.68,194801,35,中性盘
314,09:45:39,55.63,194753,35,卖盘
315,09:45:42,55.61,216883,39,卖盘
316,09:45:45,55.63,678363,122,买盘
317,09:45:48,55.66,439493,79,买盘
318,09:45:51,55.66,100191,18,卖盘
319,09:45:54,55.69,172566,31,买盘
320,09:45:57,55.7,440326,79,买盘
321,09:46:00,55.73,50136,9,中性盘
322,09:46:03,55.73,83578,15,买盘
323,09:46:06,55.74,72435,13,买盘
324,09:46:09,55.74,434745,78,中性盘
325,09:46:12,55.78,323478,58,中性盘
326,09:46:15,55.81,27893,5,中性盘
327,09:46:18,55.83,368495,66,买盘
328,09:46:21,55.83,16749,3,卖盘
329,09:46:24,55.82,117243,21,卖盘
330,09:46:28,55.82,614353,110,买盘
331,09:46:31,55.83,837257,150,中性盘
332,09:46:33,55.76,234181,42,中性盘
333,09:46:36,55.75,111497,20,卖盘
334,09:46:39,55.73,284231,51,卖盘
335,09:46:42,55.7,1643051,295,卖盘
336,09:46:45,55.53,1646331,296,卖盘
337,09:46:48,55.53,310905,56,卖盘
338,09:46:51,55.52,49964,9,买盘
339,09:46:54,55.5,333180,60,卖盘
340,09:46:57,55.48,421811,76,卖盘
341,09:47:00,55.45,149794,27,卖盘
342,09:47:03,55.47,316304,57,买盘
343,09:47:06,55.5,344087,62,买盘
344,09:47:09,55.5,116550,21,卖盘
345,09:47:12,55.47,510488,92,卖盘
346,09:47:15,55.46,1226293,221,卖盘
347,09:47:18,55.41,1580760,285,卖盘
348,09:47:22,55.33,88558,16,卖盘
349,09:47:24,55.33,459430,83,卖盘
350,09:47:27,55.33,459239,83,买盘
351,09:47:30,55.4,614539,111,买盘
352,09:47:33,55.41,271464,49,买盘
353,09:47:36,55.41,105281,19,卖盘
354,09:47:39,55.41,49875,9,中性盘
355,09:47:42,55.42,144103,26,买盘
356,09:47:45,55.4,941941,170,卖盘
357,09:47:48,55.38,498387,90,卖盘
358,09:47:51,55.41,553772,100,买盘
359,09:47:54,55.49,659366,119,买盘
360,09:47:58,55.49,188551,34,卖盘
361,09:48:00,55.5,288522,52,卖盘
362,09:48:04,55.52,560897,101,买盘
363,09:48:06,55.54,227633,41,中性盘
364,09:48:09,55.55,516933,93,买盘
365,09:48:12,55.56,50012,9,中性盘
366,09:48:15,55.56,528140,95,卖盘
367,09:48:19,55.63,1663438,299,买盘
368,09:48:21,55.73,50152,9,买盘
369,09:48:25,55.72,50119,9,买盘
370,09:48:27,55.71,55710,10,卖盘
371,09:48:30,55.66,66817,12,卖盘
372,09:48:33,55.71,144772,26,买盘
373,09:48:36,55.66,622898,112,中性盘
374,09:48:39,55.62,61170,11,中性盘
375,09:48:42,55.55,294571,53,卖盘
376,09:48:45,55.59,1062224,191,买盘
377,09:48:49,55.57,133350,24,中性盘
378,09:48:52,55.47,1115776,201,卖盘
379,09:48:55,55.45,415992,75,中性盘
380,09:48:58,55.5,233018,42,买盘
381,09:49:01,55.55,860793,155,买盘
382,09:49:04,55.67,1167622,210,买盘
383,09:49:07,55.6,205853,37,中性盘
384,09:49:10,55.71,451030,81,买盘
385,09:49:12,55.69,100266,18,卖盘
386,09:49:15,55.66,729231,131,卖盘
387,09:49:18,55.66,155849,28,买盘
388,09:49:21,55.6,483770,87,卖盘
389,09:49:24,55.59,456068,82,卖盘
390,09:49:27,55.59,50043,9,卖盘
391,09:49:30,55.6,105659,19,卖盘
392,09:49:34,55.62,133484,24,买盘
393,09:49:36,55.6,1762979,317,卖盘
394,09:49:39,55.59,739054,133,中性盘
395,09:49:42,55.59,72259,13,买盘
396,09:49:46,55.51,188899,34,卖盘
397,09:49:48,55.55,216603,39,买盘
398,09:49:51,55.55,99972,18,卖盘
399,09:49:54,55.68,867591,156,买盘
400,09:49:57,55.68,133638,24,买盘
401,09:50:00,55.68,122498,22,卖盘
402,09:50:03,55.67,289557,52,卖盘
403,09:50:06,55.68,161409,29,买盘
404,09:50:10,55.68,94641,17,买盘
405,09:50:12,55.67,22268,4,中性盘
406,09:50:15,55.59,244772,44,卖盘
407,09:50:18,55.6,55601,10,买盘
408,09:50:21,55.56,250184,45,卖盘
409,09:50:24,55.56,427787,77,卖盘
410,09:50:27,55.56,283290,51,买盘
411,09:50:30,55.56,72228,13,卖盘
412,09:50:34,55.56,177793,32,卖盘
413,09:50:36,55.56,288927,52,卖盘
414,09:50:40,55.56,500183,90,卖盘
415,09:50:43,55.55,400019,72,卖盘
416,09:50:45,55.5,832656,150,卖盘
417,09:50:48,55.44,244001,44,卖盘
418,09:50:52,55.43,1058073,191,卖盘
419,09:50:54,55.35,38745,7,卖盘
420,09:50:57,55.3,664117,120,卖盘
421,09:51:00,55.34,71938,13,买盘
422,09:51:04,55.32,149392,27,中性盘
423,09:51:06,55.3,707929,128,卖盘
424,09:51:09,55.44,1212518,219,买盘
425,09:51:12,55.42,160787,29,中性盘
426,09:51:15,55.49,299581,54,买盘
427,09:51:18,55.49,16643,3,买盘
428,09:51:21,55.49,116511,21,买盘
429,09:51:24,55.47,471527,85,卖盘
430,09:51:27,55.49,199695,36,买盘
431,09:51:30,55.47,194162,35,卖盘
432,09:51:33,55.41,299243,54,卖盘
433,09:51:36,55.39,326766,59,中性盘
434,09:51:39,55.34,88609,16,卖盘
435,09:51:42,55.31,1951872,353,卖盘
436,09:51:45,55.21,967988,175,卖盘
437,09:51:49,55.34,442299,80,买盘
438,09:51:51,55.34,320966,58,卖盘
439,09:51:54,55.32,210307,38,中性盘
440,09:51:57,55.33,171581,31,中性盘
441,09:52:00,55.35,475981,86,中性盘
442,09:52:03,55.38,99657,18,买盘
443,09:52:06,55.4,293598,53,买盘
444,09:52:09,55.4,49861,9,卖盘
445,09:52:12,55.37,736523,133,卖盘
446,09:52:15,55.31,2224523,402,卖盘
447,09:52:18,55.3,1067242,193,卖盘
448,09:52:21,55.3,276444,50,买盘
449,09:52:24,55.34,1459447,264,买盘
450,09:52:27,55.35,204804,37,买盘
451,09:52:30,55.41,764393,138,买盘
452,09:52:33,55.44,127469,23,买盘
453,09:52:36,55.47,670370,121,买盘
454,09:52:39,55.51,493970,89,买盘
455,09:52:42,55.6,627770,113,买盘
456,09:52:45,55.61,144550,26,买盘
457,09:52:48,55.62,161290,29,买盘
458,09:52:52,55.62,233620,42,中性盘
459,09:52:54,55.61,2886883,519,买盘
460,09:52:57,55.6,694960,125,买盘
461,09:53:00,55.67,1134735,204,买盘
462,09:53:03,55.69,618032,111,买盘
463,09:53:06,55.75,590445,106,买盘
464,09:53:10,55.75,289780,52,买盘
465,09:53:12,55.75,317981,57,买盘
466,09:53:16,55.83,524455,94,中性盘
467,09:53:19,55.8,122753,22,中性盘
468,09:53:21,55.8,507776,91,卖盘
469,09:53:24,55.94,268158,48,买盘
470,09:53:27,55.75,301309,54,卖盘
471,09:53:30,55.8,217690,39,卖盘
472,09:53:33,55.79,223160,40,中性盘
473,09:53:36,55.8,245466,44,买盘
474,09:53:39,55.83,83736,15,买盘
475,09:53:42,55.94,508670,91,买盘
476,09:53:45,55.91,268382,48,卖盘
477,09:53:48,55.93,329924,59,买盘
478,09:53:51,55.95,397071,71,买盘
479,09:53:54,55.9,867337,155,中性盘
480,09:53:57,55.89,687875,123,卖盘
481,09:54:00,55.9,469439,84,买盘
482,09:54:03,55.95,408190,73,买盘
483,09:54:07,56.0,397525,71,买盘
484,09:54:09,56.03,1304973,233,买盘
485,09:54:12,56.0,308113,55,卖盘
486,09:54:15,56.06,308365,55,买盘
487,09:54:18,56.08,112185,20,中性盘
488,09:54:21,56.1,824313,147,买盘
489,09:54:24,56.0,717494,128,卖盘
490,09:54:27,56.0,336025,60,买盘
491,09:54:31,55.95,352660,63,卖盘
492,09:54:34,56.01,229553,41,买盘
493,09:54:36,55.92,117535,21,卖盘
494,09:54:39,55.98,156721,28,买盘
495,09:54:42,55.91,151075,27,卖盘
496,09:54:45,55.88,111792,20,卖盘
497,09:54:48,55.9,458149,82,买盘
498,09:54:51,55.91,178908,32,卖盘
499,09:54:55,55.95,111850,20,买盘
500,09:54:58,55.94,123068,22,买盘
501,09:55:00,55.96,83933,15,买盘
502,09:55:03,55.95,307750,55,卖盘
503,09:55:07,56.03,638373,114,买盘
504,09:55:09,55.97,156804,28,卖盘
505,09:55:12,56.02,111980,20,中性盘
506,09:55:15,55.91,2063365,369,卖盘
507,09:55:18,55.85,313092,56,卖盘
508,09:55:21,55.87,122899,22,中性盘
509,09:55:24,55.86,156426,28,买盘
510,09:55:27,55.82,374060,67,卖盘
511,09:55:30,55.8,156282,28,卖盘
512,09:55:33,55.79,597355,107,卖盘
513,09:55:36,55.78,44624,8,卖盘
514,09:55:39,55.78,563251,101,买盘
515,09:55:42,55.78,262134,47,买盘
516,09:55:45,55.76,306861,55,卖盘
517,09:55:48,55.76,239801,43,卖盘
518,09:55:51,55.76,161714,29,卖盘
519,09:55:54,55.77,223086,40,买盘
520,09:55:57,55.75,5575,1,中性盘
521,09:56:00,55.76,89201,16,买盘
522,09:56:03,55.74,161697,29,卖盘
523,09:56:07,55.76,105941,19,买盘
524,09:56:09,55.82,557879,100,买盘
525,09:56:12,55.87,61445,11,买盘
526,09:56:15,55.95,89476,16,买盘
527,09:56:19,55.98,44783,8,买盘
528,09:56:21,55.96,44776,8,中性盘
529,09:56:25,55.97,156746,28,卖盘
530,09:56:27,55.97,72761,13,卖盘
531,09:56:30,55.98,397538,71,卖盘
532,09:56:33,55.98,106362,19,买盘
533,09:56:37,55.98,201494,36,买盘
534,09:56:40,55.95,83934,15,卖盘
535,09:56:42,55.88,78293,14,卖盘
536,09:56:46,55.87,257012,46,卖盘
537,09:56:49,55.8,145111,26,卖盘
538,09:56:51,55.79,172979,31,卖盘
539,09:56:54,55.8,50210,9,买盘
540,09:56:57,55.8,117176,21,买盘
541,09:57:00,55.82,44652,8,买盘
542,09:57:03,55.85,44665,8,买盘
543,09:57:06,55.85,16755,3,买盘
544,09:57:09,55.89,94993,17,买盘
545,09:57:12,55.89,95013,17,买盘
546,09:57:15,55.89,352171,63,买盘
547,09:57:18,55.94,5594,1,买盘
548,09:57:21,55.96,61556,11,买盘
549,09:57:24,55.96,61564,11,买盘
550,09:57:27,55.98,83951,15,买盘
551,09:57:30,55.98,67183,12,买盘
552,09:57:33,56.0,78401,14,买盘
553,09:57:37,56.0,196034,35,卖盘
554,09:57:39,56.06,313866,56,买盘
555,09:57:42,56.02,353084,63,卖盘
556,09:57:45,56.09,106571,19,买盘
557,09:57:49,56.09,84097,15,买盘
558,09:57:51,56.02,117721,21,卖盘
559,09:57:54,56.06,157004,28,买盘
560,09:58:00,56.08,190620,34,买盘
561,09:58:03,56.09,123376,22,买盘
562,09:58:06,56.08,5608,1,卖盘
563,09:58:09,56.08,72904,13,卖盘
564,09:58:12,56.11,72930,13,买盘
565,09:58:15,56.11,566732,101,买盘
566,09:58:18,56.12,308657,55,买盘
567,09:58:21,56.14,645499,115,买盘
568,09:58:24,56.18,454905,81,买盘
569,09:58:27,56.28,326084,58,买盘
570,09:58:31,56.26,135054,24,中性盘
571,09:58:33,56.28,101291,18,买盘
572,09:58:37,56.19,1938884,345,卖盘
573,09:58:39,56.2,112373,20,买盘
574,09:58:42,56.25,67468,12,买盘
575,09:58:45,56.22,101213,18,中性盘
576,09:58:48,56.3,500877,89,买盘
577,09:58:51,56.35,168952,30,买盘
578,09:58:54,56.35,61988,11,买盘
579,09:58:58,56.35,185967,33,卖盘
580,09:59:01,56.3,721203,128,卖盘
581,09:59:03,56.35,1093133,194,买盘
582,09:59:07,56.35,315554,56,卖盘
583,09:59:10,56.3,95772,17,卖盘
584,09:59:13,56.32,123928,22,中性盘
585,09:59:15,56.28,1182565,210,卖盘
586,09:59:19,56.25,196724,35,卖盘
587,09:59:21,56.24,213506,38,买盘
588,09:59:24,56.18,89907,16,中性盘
589,09:59:27,56.16,657891,117,卖盘
590,09:59:30,56.16,163047,29,卖盘
591,09:59:33,56.16,56190,10,卖盘
592,09:59:36,56.16,44935,8,卖盘
593,09:59:39,56.16,466153,83,卖盘
594,09:59:42,56.18,112296,20,中性盘
595,09:59:45,56.11,33670,6,卖盘
596,09:59:48,56.11,134676,24,卖盘
597,09:59:51,56.17,224521,40,中性盘
598,09:59:54,56.11,44896,8,卖盘
599,09:59:57,56.09,246876,44,卖盘
600,10:00:01,56.14,365030,65,买盘
601,10:00:04,56.09,117878,21,卖盘
602,10:00:07,56.14,84195,15,买盘
603,10:00:10,56.16,151584,27,买盘
604,10:00:12,56.18,550382,98,买盘
605,10:00:16,56.21,325650,58,买盘
606,10:00:18,56.21,73068,13,买盘
607,10:00:21,56.28,354264,63,买盘
608,10:00:24,56.28,1350682,240,买盘
609,10:00:27,56.29,95691,17,买盘
610,10:00:30,56.28,540296,96,卖盘
611,10:00:34,56.16,67454,12,卖盘
612,10:00:36,56.12,583996,104,卖盘
613,10:00:39,56.08,1217134,217,卖盘
614,10:00:42,56.04,117691,21,卖盘
615,10:00:45,56.02,100855,18,卖盘
616,10:00:48,56.04,44828,8,买盘
617,10:00:51,56.06,296983,53,买盘
618,10:00:54,56.08,431676,77,买盘
619,10:00:57,56.11,179439,32,买盘
620,10:01:00,56.12,550032,98,中性盘
621,10:01:03,56.13,185198,33,买盘
622,10:01:06,56.13,84193,15,买盘
623,10:01:10,56.12,140352,25,卖盘
624,10:01:12,56.11,190748,34,中性盘
625,10:01:15,56.1,364689,65,卖盘
626,10:01:18,56.03,784962,140,卖盘
627,10:01:21,55.99,369626,66,卖盘
628,10:01:24,55.95,139909,25,卖盘
629,10:01:27,55.91,50327,9,卖盘
630,10:01:30,55.95,184576,33,买盘
631,10:01:33,55.91,111856,20,卖盘
632,10:01:36,55.91,754145,135,卖盘
633,10:01:39,55.88,413179,74,中性盘
634,10:01:42,55.83,33508,6,卖盘
635,10:01:45,55.92,346464,62,买盘
636,10:01:48,55.88,145373,26,中性盘
637,10:01:51,55.84,402069,72,卖盘
638,10:01:54,55.94,145345,26,买盘
639,10:01:57,55.96,239504,43,买盘
640,10:02:00,55.93,11186,2,中性盘
641,10:02:04,55.93,111806,20,买盘
642,10:02:06,55.86,89362,16,中性盘
643,10:02:09,55.94,178876,32,买盘
644,10:02:12,55.96,83905,15,买盘
645,10:02:15,55.93,229252,41,买盘
646,10:02:18,55.94,128623,23,中性盘
647,10:02:21,55.98,145480,26,买盘
648,10:02:25,55.98,302233,54,买盘
649,10:02:27,55.99,313525,56,买盘
650,10:02:30,55.98,83973,15,卖盘
651,10:02:33,55.98,50395,9,卖盘
652,10:02:36,55.95,403145,72,卖盘
653,10:02:39,55.95,223804,40,卖盘
654,10:02:43,55.94,626459,112,卖盘
655,10:02:45,55.94,246062,44,买盘
656,10:02:49,55.91,39137,7,中性盘
657,10:02:51,55.86,620252,111,卖盘
658,10:02:55,55.85,217785,39,卖盘
659,10:02:57,55.85,161965,29,中性盘
660,10:03:00,55.85,161913,29,买盘
661,10:03:04,55.89,480400,86,买盘
662,10:03:06,55.96,318799,57,买盘
663,10:03:10,55.96,425450,76,卖盘
664,10:03:12,56.0,156776,28,买盘
665,10:03:15,56.01,145566,26,买盘
666,10:03:19,56.0,39202,7,中性盘
667,10:03:21,56.03,89617,16,买盘
668,10:03:24,56.02,16805,3,买盘
669,10:03:27,56.01,39213,7,卖盘
670,10:03:30,56.01,364096,65,卖盘
671,10:03:33,56.01,78408,14,中性盘
672,10:03:36,56.0,302414,54,卖盘
673,10:03:39,56.01,28004,5,中性盘
674,10:03:42,56.01,11202,2,买盘
675,10:03:45,55.98,672009,120,卖盘
676,10:03:48,55.98,302284,54,卖盘
677,10:03:51,55.97,33575,6,中性盘
678,10:03:54,55.96,117546,21,买盘
679,10:03:57,55.87,33519,6,卖盘
680,10:04:00,55.94,128561,23,买盘
681,10:04:03,55.88,5588,1,中性盘
682,10:04:06,55.94,33553,6,买盘
683,10:04:10,55.92,78291,14,买盘
684,10:04:12,55.94,100694,18,买盘
685,10:04:15,55.96,262873,47,买盘
686,10:04:18,55.99,61576,11,买盘
687,10:04:21,56.0,145598,26,买盘
688,10:04:24,56.02,44801,8,买盘
689,10:04:27,56.02,16806,3,买盘
690,10:04:30,56.04,134467,24,买盘
691,10:04:33,56.03,78462,14,中性盘
692,10:04:36,56.06,67272,12,买盘
693,10:04:39,56.18,572356,102,买盘
694,10:04:42,56.25,1034101,184,买盘
695,10:04:46,56.26,196875,35,买盘
696,10:04:48,56.26,208139,37,卖盘
697,10:04:52,56.26,286916,51,买盘
698,10:04:54,56.29,253254,45,买盘
699,10:04:57,56.3,675554,120,买盘
700,10:05:00,56.26,410558,73,卖盘
701,10:05:03,56.29,2239598,398,买盘
702,10:05:07,56.34,478820,85,买盘
703,10:05:09,56.38,1459603,259,买盘
704,10:05:12,56.42,28198,5,买盘
705,10:05:15,56.42,112814,20,买盘
706,10:05:19,56.38,95891,17,卖盘
707,10:05:21,56.41,112819,20,买盘
708,10:05:24,56.37,529879,94,卖盘
709,10:05:28,56.32,417002,74,卖盘
710,10:05:30,56.29,275794,49,卖盘
711,10:05:33,56.11,61745,11,卖盘
712,10:05:36,56.25,494539,88,中性盘
713,10:05:39,56.3,416439,74,买盘
714,10:05:42,56.3,33776,6,买盘
715,10:05:46,56.3,5630,1,买盘
716,10:05:48,56.28,67546,12,卖盘
717,10:05:52,56.29,174508,31,中性盘
718,10:05:54,56.25,343311,61,卖盘
719,10:05:57,56.29,219452,39,买盘
720,10:06:00,56.28,22506,4,买盘
721,10:06:04,56.28,84391,15,买盘
722,10:06:06,56.29,50660,9,买盘
723,10:06:10,56.3,236432,42,买盘
724,10:06:12,56.31,968585,172,买盘
725,10:06:15,56.36,394593,70,买盘
726,10:06:18,56.36,5636,1,卖盘
727,10:06:21,56.39,50739,9,买盘
728,10:06:24,56.39,39473,7,卖盘
729,10:06:27,56.41,231237,41,买盘
730,10:06:30,56.41,22561,4,买盘
731,10:06:34,56.42,225652,40,买盘
732,10:06:36,56.45,186249,33,买盘
733,10:06:40,56.47,11294,2,买盘
734,10:06:42,56.47,16939,3,买盘
735,10:06:45,56.47,163759,29,买盘
736,10:06:48,56.47,225848,40,买盘
737,10:06:51,56.47,982365,174,买盘
738,10:06:54,56.48,914857,162,买盘
739,10:06:57,56.47,271043,48,卖盘
740,10:07:00,56.42,28225,5,卖盘
741,10:07:03,56.43,372441,66,中性盘
742,10:07:06,56.4,592420,105,卖盘
743,10:07:09,56.46,552866,98,买盘
744,10:07:13,56.44,987272,175,买盘
745,10:07:16,56.51,3530536,625,买盘
746,10:07:18,56.51,2199963,389,卖盘
747,10:07:21,56.52,928394,164,中性盘
748,10:07:24,56.62,514772,91,中性盘
749,10:07:27,56.62,152781,27,买盘
750,10:07:31,56.61,1063843,188,买盘
751,10:07:33,56.63,333941,59,买盘
752,10:07:37,56.63,339752,60,买盘
753,10:07:39,56.63,1366470,241,买盘
754,10:07:42,56.63,492826,87,卖盘
755,10:07:45,56.6,271807,48,卖盘
756,10:07:48,56.63,33978,6,买盘
757,10:07:52,56.63,192516,34,买盘
758,10:07:54,56.62,79268,14,中性盘
759,10:07:57,56.62,3602449,636,买盘
760,10:08:00,56.73,662373,117,买盘
761,10:08:03,56.76,640149,113,买盘
762,10:08:06,56.74,266670,47,买盘
763,10:08:10,56.75,681237,120,买盘
764,10:08:12,56.88,539498,95,买盘
765,10:08:15,56.74,306789,54,卖盘
766,10:08:18,56.87,1917680,337,买盘
767,10:08:21,56.88,267092,47,买盘
768,10:08:24,56.73,573509,101,卖盘
769,10:08:27,56.8,198913,35,中性盘
770,10:08:30,56.8,300967,53,买盘
771,10:08:33,56.77,852271,150,卖盘
772,10:08:36,56.83,284121,50,中性盘
773,10:08:39,56.8,1021796,180,中性盘
774,10:08:42,56.89,1574087,277,买盘
775,10:08:45,56.84,488970,86,买盘
776,10:08:48,56.87,415106,73,中性盘
777,10:08:52,56.9,1678247,295,买盘
778,10:08:54,56.9,848702,149,中性盘
779,10:08:57,56.92,461453,81,中性盘
780,10:09:00,57.15,8722362,1530,买盘
781,10:09:03,57.13,2413164,422,卖盘
782,10:09:06,57.11,474149,83,卖盘
783,10:09:09,57.03,142653,25,卖盘
784,10:09:12,57.06,519288,91,卖盘
785,10:09:15,57.07,502503,88,卖盘
786,10:09:18,57.1,331109,58,买盘
787,10:09:21,57.1,416831,73,卖盘
788,10:09:24,57.1,2066318,362,买盘
789,10:09:27,57.07,262450,46,中性盘
790,10:09:31,56.96,102648,18,中性盘
791,10:09:34,56.96,199422,35,卖盘
792,10:09:37,57.06,1453882,255,买盘
793,10:09:40,56.99,968905,170,卖盘
794,10:09:42,56.99,176664,31,卖盘
795,10:09:45,56.98,1145528,201,买盘
796,10:09:49,56.97,227967,40,卖盘
797,10:09:51,56.97,210767,37,买盘
798,10:09:54,56.96,239190,42,中性盘
799,10:09:58,56.94,96810,17,卖盘
800,10:10:01,56.94,62611,11,买盘
801,10:10:04,56.94,631844,111,买盘
802,10:10:07,56.9,660508,116,卖盘
803,10:10:10,56.9,125197,22,卖盘
804,10:10:13,56.81,420976,74,卖盘
805,10:10:16,56.73,96514,17,卖盘
806,10:10:18,56.62,1466962,259,卖盘
807,10:10:21,56.45,328111,58,卖盘
808,10:10:24,56.57,163831,29,买盘
809,10:10:27,56.49,338985,60,卖盘
810,10:10:30,56.5,96052,17,中性盘
811,10:10:33,56.49,858977,152,卖盘
812,10:10:36,56.5,452211,80,中性盘
813,10:10:39,56.55,536732,95,中性盘
814,10:10:42,56.49,203430,36,卖盘
815,10:10:45,56.49,452039,80,买盘
816,10:10:48,56.49,344399,61,买盘
817,10:10:51,56.5,101686,18,中性盘
818,10:10:54,56.49,118630,21,卖盘
819,10:10:58,56.49,480202,85,卖盘
820,10:11:00,56.47,881090,156,卖盘
821,10:11:04,56.46,265372,47,卖盘
822,10:11:06,56.46,135515,24,卖盘
823,10:11:09,56.46,875135,155,卖盘
824,10:11:12,56.39,1139609,202,卖盘
825,10:11:15,56.39,2175526,386,卖盘
826,10:11:18,56.28,968603,172,卖盘
827,10:11:22,56.28,613459,109,卖盘
828,10:11:24,56.28,129479,23,卖盘
829,10:11:28,56.28,236342,42,买盘
830,10:11:30,56.26,45011,8,中性盘
831,10:11:33,56.26,236256,42,买盘
832,10:11:36,56.25,45004,8,卖盘
833,10:11:39,56.25,320619,57,卖盘
834,10:11:42,56.26,1018123,181,买盘
835,10:11:45,56.23,84300,15,买盘
836,10:11:48,56.26,590880,105,买盘
837,10:11:52,56.25,596246,106,卖盘
838,10:11:54,56.33,5633,1,中性盘
839,10:11:57,56.33,5633,1,卖盘
840,10:12:00,56.28,112657,20,卖盘
841,10:12:03,56.23,281339,50,卖盘
842,10:12:06,56.23,885357,158,卖盘
843,10:12:10,56.26,393831,70,买盘
844,10:12:12,56.26,28133,5,卖盘
845,10:12:15,56.26,1215064,216,卖盘
846,10:12:18,56.22,39364,7,卖盘
847,10:12:22,56.21,22489,4,卖盘
848,10:12:24,56.21,365426,65,卖盘
849,10:12:27,56.21,78694,14,卖盘
850,10:12:31,56.25,697215,124,买盘
851,10:12:33,56.25,28125,5,卖盘
852,10:12:37,56.21,742464,132,卖盘
853,10:12:39,56.25,247492,44,买盘
854,10:12:42,56.23,247404,44,中性盘
855,10:12:45,56.23,28112,5,买盘
856,10:12:48,56.22,224887,40,卖盘
857,10:12:52,56.21,163049,29,卖盘
858,10:12:54,56.25,939163,167,买盘
859,10:12:57,56.25,241875,43,卖盘
860,10:13:01,56.26,973416,173,买盘
861,10:13:04,56.28,50652,9,买盘
862,10:13:06,56.3,185766,33,买盘
863,10:13:09,56.33,152075,27,买盘
864,10:13:12,56.3,157630,28,卖盘
865,10:13:15,56.28,365879,65,卖盘
866,10:13:18,56.33,641882,114,买盘
867,10:13:22,56.33,28165,5,中性盘
868,10:13:25,56.36,180292,32,买盘
869,10:13:28,56.32,354876,63,卖盘
870,10:13:30,56.28,731996,130,卖盘
871,10:13:34,56.28,174442,31,买盘
872,10:13:37,56.23,129490,23,卖盘
873,10:13:39,56.23,208377,37,买盘
874,10:13:42,56.27,309392,55,中性盘
875,10:13:46,56.24,1411701,251,卖盘
876,10:13:48,56.15,1682958,299,卖盘
877,10:13:52,56.21,134843,24,买盘
878,10:13:54,56.15,5615,1,卖盘
879,10:13:58,56.23,84329,15,买盘
880,10:14:01,56.22,22481,4,中性盘
881,10:14:03,56.21,708241,126,卖盘
882,10:14:07,56.21,67458,12,卖盘
883,10:14:09,56.16,421574,75,卖盘
884,10:14:12,56.24,1540796,274,买盘
885,10:14:16,56.27,1040533,185,买盘
886,10:14:18,56.3,5630,1,买盘
887,10:14:21,56.4,631454,112,买盘
888,10:14:25,56.39,428597,76,卖盘
889,10:14:27,56.4,180497,32,卖盘
890,10:14:30,56.4,39476,7,买盘
891,10:14:33,56.41,16926,3,卖盘
892,10:14:37,56.44,242688,43,买盘
893,10:14:39,56.44,242707,43,卖盘
894,10:14:42,56.46,361268,64,买盘
895,10:14:45,56.6,1159819,205,买盘
896,10:14:48,56.51,225869,40,中性盘
897,10:14:52,56.46,237165,42,卖盘
898,10:14:54,56.47,50828,9,买盘
899,10:14:57,56.5,39539,7,买盘
900,10:15:01,56.5,960518,170,买盘
901,10:15:04,56.44,1422706,252,卖盘
902,10:15:07,56.44,73361,13,卖盘
903,10:15:10,56.42,50792,9,中性盘
904,10:15:12,56.42,236857,42,卖盘
905,10:15:15,56.4,16924,3,卖盘
906,10:15:18,56.42,242603,43,买盘
907,10:15:21,56.42,101557,18,卖盘
908,10:15:24,56.45,265271,47,买盘
909,10:15:27,56.5,892420,158,买盘
910,10:15:30,56.51,305208,54,买盘
911,10:15:33,56.52,45215,8,中性盘
912,10:15:36,56.5,175202,31,卖盘
913,10:15:39,56.53,45228,8,卖盘
914,10:15:42,56.57,90490,16,买盘
915,10:15:46,56.58,96124,17,买盘
916,10:15:48,56.57,107479,19,中性盘
917,10:15:52,56.53,356219,63,卖盘
918,10:15:55,56.53,1046295,185,卖盘
919,10:15:57,56.51,163935,29,卖盘
920,10:16:00,56.53,130008,23,中性盘
921,10:16:03,56.6,945074,167,买盘
922,10:16:07,56.6,1732680,306,卖盘
923,10:16:09,56.6,118952,21,卖盘
924,10:16:12,56.62,345630,61,中性盘
925,10:16:15,56.64,16989,3,买盘
926,10:16:18,56.7,668346,118,买盘
927,10:16:21,56.71,22683,4,买盘
928,10:16:24,56.73,851026,150,买盘
929,10:16:28,56.72,663534,117,卖盘
930,10:16:30,56.73,340414,60,中性盘
931,10:16:33,56.73,1658706,292,卖盘
932,10:16:36,56.71,294971,52,卖盘
933,10:16:39,56.73,408368,72,买盘
934,10:16:43,56.74,794361,140,卖盘
935,10:16:45,56.89,346576,61,买盘
936,10:16:48,56.75,17025,3,卖盘
937,10:16:51,56.72,107808,19,卖盘
938,10:16:55,56.7,408399,72,卖盘
939,10:16:57,56.68,153078,27,卖盘
940,10:17:00,56.67,221106,39,卖盘
941,10:17:04,56.67,68006,12,卖盘
942,10:17:06,56.68,538367,95,买盘
943,10:17:09,56.69,634830,112,中性盘
944,10:17:12,56.68,17007,3,卖盘
945,10:17:15,56.58,1268994,224,卖盘
946,10:17:18,56.6,237721,42,中性盘
947,10:17:22,56.57,169761,30,卖盘
948,10:17:25,56.59,96207,17,中性盘
949,10:17:28,56.6,305669,54,买盘
950,10:17:31,56.65,73627,13,买盘
951,10:17:33,56.67,118976,21,买盘
952,10:17:37,56.67,5667,1,买盘
953,10:17:39,56.68,45336,8,买盘
954,10:17:42,56.71,578199,102,买盘
955,10:17:46,56.67,345848,61,卖盘
956,10:17:48,56.71,107741,19,买盘
957,10:17:51,56.71,158788,28,卖盘
958,10:17:55,56.75,119131,21,买盘
959,10:17:57,56.75,340458,60,买盘
960,10:18:00,56.75,119226,21,买盘
961,10:18:04,56.75,238487,42,卖盘
962,10:18:06,56.76,22713,4,中性盘
963,10:18:09,56.8,346441,61,中性盘
964,10:18:12,56.78,238530,42,卖盘
965,10:18:15,56.79,22717,4,中性盘
966,10:18:18,56.82,800845,141,买盘
967,10:18:22,56.85,221656,39,买盘
968,10:18:28,56.88,477596,84,买盘
969,10:18:31,56.85,90991,16,卖盘
970,10:18:33,56.86,119428,21,卖盘
971,10:18:36,56.88,307113,54,买盘
972,10:18:40,56.88,11375,2,买盘
973,10:18:43,56.9,716753,126,买盘
974,10:18:46,56.9,91040,16,卖盘
975,10:18:48,56.9,56911,10,卖盘
976,10:18:52,56.93,1195107,210,买盘
977,10:18:55,56.88,1394257,245,卖盘
978,10:18:57,56.88,136553,24,卖盘
979,10:19:00,56.89,978271,172,中性盘
980,10:19:04,56.9,563108,99,买盘
981,10:19:06,56.85,3497400,614,中性盘
982,10:19:09,56.9,153462,27,中性盘
983,10:19:12,56.9,147965,26,卖盘
984,10:19:15,56.9,762209,134,卖盘
985,10:19:19,56.9,511891,90,买盘
986,10:19:21,56.86,278628,49,卖盘
987,10:19:25,56.86,443508,78,买盘
988,10:19:28,56.85,380848,67,中性盘
989,10:19:30,56.82,670722,118,卖盘
990,10:19:33,56.87,869894,153,买盘
991,10:19:37,56.87,90992,16,卖盘
992,10:19:40,56.87,108053,19,卖盘
993,10:19:43,56.87,1518567,267,卖盘
994,10:19:45,56.85,147810,26,中性盘
995,10:19:48,56.87,227302,40,买盘
996,10:19:51,56.8,499908,88,卖盘
997,10:19:54,56.81,198822,35,买盘
998,10:19:58,56.83,357984,63,买盘
999,10:20:00,56.87,631228,111,买盘
1000,10:20:03,56.85,1057605,186,卖盘
1001,10:20:06,56.84,409307,72,卖盘
1002,10:20:09,56.85,591285,104,买盘
1003,10:20:13,56.85,170550,30,卖盘
1004,10:20:16,56.83,545587,96,卖盘
1005,10:20:18,56.76,619137,109,卖盘
1006,10:20:22,56.75,851300,150,卖盘
1007,10:20:24,56.78,1010684,178,中性盘
1008,10:20:27,56.81,289725,51,买盘
1009,10:20:30,56.81,1637247,288,卖盘
1010,10:20:33,56.81,124984,22,卖盘
1011,10:20:36,56.81,363750,64,买盘
1012,10:20:39,56.78,102261,18,卖盘
1013,10:20:45,56.76,266942,47,中性盘
1014,10:20:48,56.78,158972,28,买盘
1015,10:20:52,56.79,244195,43,买盘
1016,10:20:54,56.78,34068,6,卖盘
1017,10:20:57,56.78,73818,13,卖盘
1018,10:21:00,56.79,579222,102,买盘
1019,10:21:03,56.78,51106,9,卖盘
1020,10:21:06,56.79,113569,20,中性盘
1021,10:21:09,56.79,130617,23,卖盘
1022,10:21:13,56.81,1090680,192,买盘
1023,10:21:15,56.83,85211,15,买盘
1024,10:21:19,56.83,147749,26,买盘
1025,10:21:22,56.84,28420,5,买盘
1026,10:21:25,56.87,181920,32,买盘
1027,10:21:27,56.9,898820,158,买盘
1028,10:21:30,56.9,688465,121,买盘
1029,10:21:33,56.88,643038,113,中性盘
1030,10:21:37,56.89,142341,25,中性盘
1031,10:21:40,56.91,136587,24,中性盘
1032,10:21:43,56.91,34147,6,卖盘
1033,10:21:46,56.89,1308903,230,卖盘
1034,10:21:48,56.84,147856,26,卖盘
1035,10:21:52,56.82,357929,63,卖盘
1036,10:21:54,56.8,28400,5,卖盘
1037,10:21:57,56.7,578930,102,卖盘
1038,10:22:00,56.68,141704,25,卖盘
1039,10:22:03,56.7,1020184,180,买盘
1040,10:22:06,56.7,2335991,412,买盘
1041,10:22:09,56.72,4683485,826,买盘
1042,10:22:13,56.72,136125,24,卖盘
1043,10:22:16,56.74,119116,21,买盘
1044,10:22:18,56.7,255454,45,卖盘
1045,10:22:21,56.77,113499,20,买盘
1046,10:22:28,56.72,238099,42,中性盘
1047,10:22:30,56.65,985188,174,中性盘
1048,10:22:33,56.66,1041959,184,买盘
1049,10:22:36,56.65,549570,97,卖盘
1050,10:22:39,56.65,39657,7,卖盘
1051,10:22:43,56.66,311681,55,卖盘
1052,10:22:46,56.66,102000,18,卖盘
1053,10:22:49,56.68,1780495,314,买盘
1054,10:22:52,56.68,73700,13,卖盘
1055,10:22:55,56.75,295160,52,买盘
1056,10:22:57,56.81,244229,43,买盘
1057,10:23:00,56.84,62515,11,买盘
1058,10:23:03,56.84,79564,14,买盘
1059,10:23:06,56.87,28433,5,买盘
1060,10:23:09,56.87,39796,7,买盘
1061,10:23:12,56.87,199039,35,中性盘
1062,10:23:15,56.84,153468,27,卖盘
1063,10:23:18,56.84,176199,31,买盘
1064,10:23:21,56.84,1228290,216,卖盘
1065,10:23:24,56.84,22748,4,卖盘
1066,10:23:27,56.88,2648923,466,买盘
1067,10:23:33,56.85,289837,51,卖盘
1068,10:23:37,56.85,51160,9,买盘
1069,10:23:39,56.83,11366,2,卖盘
1070,10:23:43,56.84,352423,62,买盘
1071,10:23:45,56.86,466260,82,买盘
1072,10:23:49,56.86,62546,11,卖盘
1073,10:23:51,56.88,73930,13,买盘
1074,10:23:54,56.86,648246,114,卖盘
1075,10:23:57,56.83,17051,3,卖盘
1076,10:24:00,56.85,68218,12,中性盘
1077,10:24:04,56.86,301302,53,买盘
1078,10:24:06,56.86,39796,7,买盘
1079,10:24:09,56.91,921667,162,买盘
1080,10:24:13,56.83,1762037,310,卖盘
1081,10:24:16,56.83,267098,47,买盘
1082,10:24:19,56.84,107979,19,买盘
1083,10:24:22,56.85,102333,18,买盘
1084,10:24:24,56.86,22744,4,中性盘
1085,10:24:27,56.86,51179,9,中性盘
1086,10:24:30,56.9,210518,37,买盘
1087,10:24:33,56.9,221910,39,卖盘
1088,10:24:37,56.9,256088,45,卖盘
1089,10:24:39,56.99,1281699,225,买盘
1090,10:24:42,57.01,3254615,571,买盘
1091,10:24:46,57.03,119739,21,买盘
1092,10:24:48,57.06,51348,9,买盘
1093,10:24:51,57.06,216831,38,买盘
1094,10:24:54,57.07,102733,18,买盘
1095,10:24:57,57.09,439579,77,买盘
1096,10:25:00,57.1,776546,136,买盘
1097,10:25:03,57.12,1062270,186,买盘
1098,10:25:07,57.16,514295,90,买盘
1099,10:25:09,57.2,1326854,232,买盘
1100,10:25:12,57.21,1813215,317,买盘
1101,10:25:15,57.21,1407432,246,买盘
1102,10:25:19,57.26,446496,78,买盘
1103,10:25:21,57.24,469495,82,卖盘
1104,10:25:24,57.24,950108,166,买盘
1105,10:25:27,57.25,5262669,918,买盘
1106,10:25:30,57.25,1025212,179,卖盘
1107,10:25:34,57.3,1031336,180,买盘
1108,10:25:37,57.36,280941,49,买盘
1109,10:25:40,57.36,154778,27,中性盘
1110,10:25:42,57.36,137644,24,买盘
1111,10:25:45,57.32,177682,31,卖盘
1112,10:25:48,57.25,487191,85,卖盘
1113,10:25:52,57.32,1089223,190,买盘
1114,10:25:54,57.3,349600,61,买盘
1115,10:25:57,57.35,1043003,182,买盘
1116,10:26:00,57.35,1026270,179,买盘
1117,10:26:03,57.35,693836,121,买盘
1118,10:26:06,57.35,435852,76,卖盘
1119,10:26:10,57.42,3822755,666,买盘
1120,10:26:13,57.43,493841,86,中性盘
1121,10:26:15,57.46,137917,24,买盘
1122,10:26:18,57.49,287366,50,买盘
1123,10:26:21,57.5,15434970,2684,买盘
1124,10:26:24,57.66,8223542,1428,买盘
1125,10:26:28,57.68,1066086,185,买盘
1126,10:26:30,57.69,519095,90,买盘
1127,10:26:33,57.68,1239841,215,中性盘
1128,10:26:36,57.64,784494,136,中性盘
1129,10:26:40,57.68,1089472,189,中性盘
1130,10:26:42,57.65,991625,172,买盘
1131,10:26:45,57.68,4636974,803,买盘
1132,10:26:48,57.68,634568,110,买盘
1133,10:26:52,57.86,375405,65,中性盘
1134,10:26:55,57.77,1904769,330,卖盘
1135,10:26:58,57.79,115506,20,买盘
1136,10:27:01,57.76,323321,56,中性盘
1137,10:27:04,57.79,641460,111,买盘
1138,10:27:06,57.83,341122,59,买盘
1139,10:27:09,57.86,682467,118,买盘
1140,10:27:12,57.86,295099,51,卖盘
1141,10:27:15,57.87,1365992,236,买盘
1142,10:27:19,57.9,405178,70,买盘
1143,10:27:21,57.87,364642,63,卖盘
1144,10:27:24,57.89,868418,150,买盘
1145,10:27:27,57.88,1215734,210,卖盘
1146,10:27:30,57.93,1146326,198,买盘
1147,10:27:33,57.93,411315,71,卖盘
1148,10:27:36,57.95,625771,108,买盘
1149,10:27:39,57.79,3542221,612,卖盘
1150,10:27:42,57.87,769129,133,买盘
1151,10:27:45,57.77,346326,60,买盘
1152,10:27:48,57.74,395580,68,买盘
1153,10:27:51,57.65,196175,34,中性盘
1154,10:27:54,57.64,467108,81,卖盘
1155,10:27:57,57.64,916436,159,卖盘
1156,10:28:00,57.64,870272,151,买盘
1157,10:28:04,57.59,674055,117,中性盘
1158,10:28:06,57.58,702235,122,卖盘
1159,10:28:10,57.5,603653,105,卖盘
1160,10:28:13,57.54,793658,138,买盘
1161,10:28:15,57.51,368122,64,卖盘
1162,10:28:18,57.55,299124,52,中性盘
1163,10:28:21,57.56,517795,90,买盘
1164,10:28:24,57.52,379835,66,卖盘
1165,10:28:27,57.51,172600,30,卖盘
1166,10:28:30,57.52,1104425,192,中性盘
1167,10:28:33,57.5,667146,116,卖盘
1168,10:28:36,57.51,667169,116,买盘
1169,10:28:39,57.5,103496,18,中性盘
1170,10:28:43,57.47,229876,40,卖盘
1171,10:28:46,57.44,51712,9,卖盘
1172,10:28:48,57.45,86166,15,中性盘
1173,10:28:52,57.44,103394,18,卖盘
1174,10:28:55,57.44,419319,73,卖盘
1175,10:28:58,57.43,344633,60,卖盘
1176,10:29:00,57.44,178054,31,买盘
1177,10:29:03,57.44,189548,33,买盘
1178,10:29:07,57.44,1217670,212,买盘
1179,10:29:09,57.44,735529,128,买盘
1180,10:29:12,57.44,132126,23,卖盘
1181,10:29:16,57.45,488253,85,买盘
1182,10:29:18,57.46,97695,17,买盘
1183,10:29:22,57.44,999934,174,卖盘
1184,10:29:24,57.49,126431,22,中性盘
1185,10:29:28,57.47,707142,123,买盘
1186,10:29:30,57.46,80447,14,卖盘
1187,10:29:33,57.5,51750,9,买盘
1188,10:29:36,57.5,1943518,338,买盘
1189,10:29:39,57.5,120750,21,卖盘
1190,10:29:42,57.5,753339,131,卖盘
1191,10:29:45,57.51,34506,6,中性盘
1192,10:29:48,57.51,103521,18,卖盘
1193,10:29:51,57.51,575217,100,卖盘
1194,10:29:54,57.52,172602,30,买盘
1195,10:29:57,57.52,374082,65,买盘
1196,10:30:00,57.52,97796,17,卖盘
1197,10:30:03,57.55,897462,156,买盘
1198,10:30:07,57.55,224388,39,买盘
1199,10:30:09,57.47,1017630,177,卖盘
1200,10:30:13,57.36,574214,100,卖盘
1201,10:30:15,57.36,160602,28,卖盘
1202,10:30:18,57.3,171979,30,卖盘
1203,10:30:21,57.25,148775,26,卖盘
1204,10:30:24,57.23,560609,98,卖盘
1205,10:30:27,57.23,200252,35,买盘
1206,10:30:30,57.21,257469,45,卖盘
1207,10:30:33,57.23,595129,104,买盘
1208,10:30:36,57.24,366360,64,买盘
1209,10:30:39,57.26,154601,27,买盘
1210,10:30:42,57.3,74474,13,买盘
1211,10:30:45,57.31,744475,130,中性盘
1212,10:30:49,57.32,194823,34,买盘
1213,10:30:51,57.32,57324,10,卖盘
1214,10:30:54,57.36,143354,25,买盘
1215,10:30:57,57.37,269637,47,买盘
1216,10:31:00,57.48,741002,129,买盘
1217,10:31:03,57.5,212719,37,买盘
1218,10:31:06,57.49,86235,15,中性盘
1219,10:31:09,57.5,431204,75,买盘
1220,10:31:12,57.49,132240,23,中性盘
1221,10:31:16,57.46,471345,82,卖盘
1222,10:31:18,57.41,913413,159,卖盘
1223,10:31:21,57.5,2288346,398,买盘
1224,10:31:25,57.5,454306,79,卖盘
1225,10:31:27,57.51,448682,78,中性盘
1226,10:31:31,57.55,184112,32,买盘
1227,10:31:33,57.55,126620,22,买盘
1228,10:31:36,57.57,69086,12,卖盘
1229,10:31:39,57.59,80603,14,买盘
1230,10:31:42,57.59,184287,32,买盘
1231,10:31:45,57.59,846694,147,卖盘
1232,10:31:48,57.58,725636,126,卖盘
1233,10:31:52,57.56,1645819,286,卖盘
1234,10:31:54,57.58,1375184,239,买盘
1235,10:31:58,57.56,1191540,207,买盘
1236,10:32:00,57.58,138183,24,买盘
1237,10:32:03,57.58,299388,52,买盘
1238,10:32:06,57.59,184251,32,买盘
1239,10:32:10,57.59,380049,66,买盘
1240,10:32:12,57.59,184286,32,买盘
1241,10:32:16,57.59,1290003,224,买盘
1242,10:32:18,57.58,765956,133,卖盘
1243,10:32:22,57.6,817904,142,买盘
1244,10:32:24,57.66,1843797,320,买盘
1245,10:32:27,57.7,51921,9,买盘
1246,10:32:30,57.71,92358,16,卖盘
1247,10:32:33,57.77,144417,25,中性盘
1248,10:32:36,57.8,664156,115,买盘
1249,10:32:39,57.79,283171,49,卖盘
1250,10:32:42,57.87,1990151,344,买盘
1251,10:32:46,57.81,630712,109,中性盘
1252,10:32:49,57.85,364527,63,中性盘
1253,10:32:51,57.88,601906,104,买盘
1254,10:32:54,57.85,1063483,184,买盘
1255,10:32:57,57.72,514122,89,卖盘
1256,10:33:00,57.75,329089,57,买盘
1257,10:33:03,57.72,854655,148,卖盘
1258,10:33:06,57.65,386405,67,卖盘
1259,10:33:09,57.67,282484,49,买盘
1260,10:33:12,57.67,144129,25,卖盘
1261,10:33:15,57.67,23070,4,卖盘
1262,10:33:18,57.6,1227953,213,卖盘
1263,10:33:21,57.65,599589,104,买盘
1264,10:33:24,57.65,57657,10,卖盘
1265,10:33:28,57.6,34575,6,卖盘
1266,10:33:31,57.53,886940,154,卖盘
1267,10:33:33,57.57,615988,107,买盘
1268,10:33:37,57.53,86313,15,买盘
1269,10:33:39,57.58,281953,49,买盘
1270,10:33:42,57.53,419991,73,买盘
1271,10:33:45,57.53,97833,17,中性盘
1272,10:33:48,57.53,11506,2,卖盘
1273,10:33:51,57.56,28776,5,中性盘
1274,10:33:54,57.5,350980,61,卖盘
1275,10:33:58,57.5,28750,5,卖盘
1276,10:34:00,57.49,45963,8,中性盘
1277,10:34:03,57.44,1257290,219,卖盘
1278,10:34:06,57.36,413486,72,中性盘
1279,10:34:09,57.41,206512,36,中性盘
1280,10:34:12,57.43,17225,3,买盘
1281,10:34:16,57.34,57346,10,卖盘
1282,10:34:18,57.33,103206,18,卖盘
1283,10:34:21,57.34,407078,71,买盘
1284,10:34:24,57.33,177754,31,卖盘
1285,10:34:27,57.33,45864,8,买盘
1286,10:34:30,57.31,68785,12,卖盘
1287,10:34:34,57.33,435561,76,买盘
1288,10:34:36,57.33,108925,19,卖盘
1289,10:34:39,57.33,40131,7,卖盘
1290,10:34:43,57.32,418462,73,卖盘
1291,10:34:45,57.31,269362,47,卖盘
1292,10:34:49,57.3,17190,3,卖盘
1293,10:34:51,57.3,160443,28,卖盘
1294,10:34:54,57.27,11457,2,中性盘
1295,10:35:00,57.27,34368,6,卖盘
1296,10:35:03,57.27,97357,17,卖盘
1297,10:35:06,57.3,257790,45,买盘
1298,10:35:09,57.31,659063,115,买盘
1299,10:35:12,57.29,802059,140,卖盘
1300,10:35:16,57.29,148951,26,买盘
1301,10:35:18,57.29,240608,42,买盘
1302,10:35:22,57.29,114578,20,卖盘
1303,10:35:27,57.29,189025,33,买盘
1304,10:35:31,57.28,137483,24,买盘
1305,10:35:33,57.28,5728,1,卖盘
1306,10:35:36,57.29,595900,104,买盘
1307,10:35:40,57.3,200501,35,买盘
1308,10:35:43,57.27,240606,42,卖盘
1309,10:35:46,57.29,200455,35,买盘
1310,10:35:49,57.29,40101,7,买盘
1311,10:35:51,57.27,223413,39,卖盘
1312,10:35:54,57.27,28635,5,卖盘
1313,10:35:57,57.27,217626,38,卖盘
1314,10:36:01,57.24,137427,24,卖盘
1315,10:36:03,57.26,658430,115,买盘
1316,10:36:06,57.25,68704,12,卖盘
1317,10:36:09,57.25,257666,45,卖盘
1318,10:36:13,57.25,171756,30,卖盘
1319,10:36:15,57.25,154580,27,卖盘
1320,10:36:18,57.25,217550,38,卖盘
1321,10:36:21,57.24,137387,24,卖盘
1322,10:36:24,57.24,28624,5,卖盘
1323,10:36:27,57.25,34343,6,买盘
1324,10:36:30,57.25,80147,14,买盘
1325,10:36:33,57.25,131653,23,买盘
1326,10:36:36,57.25,429442,75,买盘
1327,10:36:39,57.25,57250,10,卖盘
1328,10:36:42,57.25,11450,2,卖盘
1329,10:36:45,57.27,11454,2,买盘
1330,10:36:48,57.26,57260,10,中性盘
1331,10:36:51,57.27,34362,6,买盘
1332,10:36:54,57.27,131722,23,卖盘
1333,10:36:57,57.27,80180,14,卖盘
1334,10:37:01,57.26,171815,30,卖盘
1335,10:37:03,57.27,62993,11,买盘
1336,10:37:06,57.29,246300,43,买盘
1337,10:37:09,57.24,1706264,298,卖盘
1338,10:37:12,57.23,125916,22,中性盘
1339,10:37:16,57.23,188879,33,卖盘
1340,10:37:18,57.23,5723,1,卖盘
1341,10:37:21,57.23,406297,71,卖盘
1342,10:37:24,57.22,17166,3,卖盘
1343,10:37:27,57.23,303311,53,买盘
1344,10:37:31,57.24,692568,121,买盘
1345,10:37:33,57.21,45776,8,卖盘
1346,10:37:36,57.24,286200,50,买盘
1347,10:37:39,57.24,11445,2,买盘
1348,10:37:42,57.21,738024,129,卖盘
1349,10:37:45,57.23,125902,22,买盘
1350,10:37:49,57.23,34338,6,中性盘
1351,10:37:51,57.23,34338,6,卖盘
1352,10:37:55,57.22,40052,7,中性盘
1353,10:37:57,57.23,543692,95,买盘
1354,10:38:00,57.23,45784,8,卖盘
1355,10:38:03,57.24,314817,55,买盘
1356,10:38:06,57.24,74412,13,买盘
1357,10:38:09,57.25,314823,55,买盘
1358,10:38:12,57.25,40077,7,卖盘
1359,10:38:15,57.27,97343,17,买盘
1360,10:38:18,57.28,11456,2,买盘
1361,10:38:21,57.29,114574,20,买盘
1362,10:38:24,57.3,5730,1,买盘
1363,10:38:28,57.3,338066,59,买盘
1364,10:38:30,57.32,97445,17,买盘
1365,10:38:33,57.33,45863,8,买盘
1366,10:38:36,57.38,120392,21,买盘
1367,10:38:39,57.36,390071,68,卖盘
1368,10:38:42,57.33,636277,111,卖盘
1369,10:38:45,57.3,63034,11,卖盘
1370,10:38:48,57.31,286548,50,中性盘
1371,10:38:51,57.31,137606,24,卖盘
1372,10:38:54,57.33,389865,68,买盘
1373,10:38:57,57.35,200655,35,中性盘
1374,10:39:00,57.36,160598,28,买盘
1375,10:39:03,57.36,22945,4,卖盘
1376,10:39:06,57.38,476053,83,中性盘
1377,10:39:10,57.38,57380,10,买盘
1378,10:39:12,57.37,321328,56,卖盘
1379,10:39:15,57.37,45890,8,买盘
1380,10:39:18,57.37,68844,12,买盘
1381,10:39:21,57.37,281113,49,买盘
1382,10:39:25,57.38,131966,23,买盘
1383,10:39:27,57.39,177875,31,买盘
1384,10:39:30,57.39,218118,38,买盘
1385,10:39:33,57.39,34437,6,卖盘
1386,10:39:36,57.41,40185,7,买盘
1387,10:39:39,57.39,22959,4,卖盘
1388,10:39:42,57.41,212413,37,买盘
1389,10:39:46,57.41,5741,1,卖盘
1390,10:39:48,57.4,510941,89,卖盘
1391,10:39:51,57.37,1004207,175,卖盘
1392,10:39:54,57.38,97541,17,买盘
1393,10:39:57,57.39,401670,70,买盘
1394,10:40:00,57.39,97563,17,卖盘
1395,10:40:03,57.39,183663,32,卖盘
1396,10:40:06,57.36,648418,113,卖盘
1397,10:40:09,57.39,57369,10,买盘
1398,10:40:12,57.38,103288,18,卖盘
1399,10:40:15,57.36,126228,22,卖盘
1400,10:40:18,57.36,292538,51,卖盘
1401,10:40:21,57.35,172054,30,卖盘
1402,10:40:24,57.36,263824,46,买盘
1403,10:40:27,57.34,705248,123,买盘
1404,10:40:30,57.34,80286,14,卖盘
1405,10:40:33,57.34,22936,4,卖盘
1406,10:40:36,57.34,137628,24,卖盘
1407,10:40:39,57.34,86014,15,卖盘
1408,10:40:42,57.3,183487,32,卖盘
1409,10:40:45,57.31,45869,8,中性盘
1410,10:40:49,57.34,17199,3,买盘
1411,10:40:51,57.31,143275,25,卖盘
1412,10:40:54,57.33,212069,37,买盘
1413,10:40:57,57.33,538902,94,卖盘
1414,10:41:00,57.33,11465,2,买盘
1415,10:41:03,57.33,22932,4,买盘
1416,10:41:06,57.31,114631,20,卖盘
1417,10:41:09,57.33,160484,28,买盘
1418,10:41:12,57.27,45816,8,卖盘
1419,10:41:15,57.27,22908,4,卖盘
1420,10:41:19,57.27,51543,9,卖盘
1421,10:41:21,57.15,1195772,209,卖盘
1422,10:41:24,57.23,1075178,188,买盘
1423,10:41:27,57.22,17162,3,买盘
1424,10:41:30,57.19,102942,18,卖盘
1425,10:41:33,57.19,131535,23,卖盘
1426,10:41:36,57.22,303203,53,买盘
1427,10:41:39,57.2,22880,4,中性盘
1428,10:41:42,57.15,62890,11,卖盘
1429,10:41:45,57.15,68595,12,卖盘
1430,10:41:48,57.16,148579,26,买盘
1431,10:41:52,57.15,108572,19,买盘
1432,10:41:54,57.16,280034,49,买盘
1433,10:41:58,57.16,74308,13,卖盘
1434,10:42:00,57.12,520082,91,卖盘
1435,10:42:03,57.17,222885,39,买盘
1436,10:42:06,57.17,17151,3,卖盘
1437,10:42:09,57.17,22868,4,卖盘
1438,10:42:12,57.12,114309,20,卖盘
1439,10:42:15,57.12,228534,40,卖盘
1440,10:42:18,57.11,177048,31,卖盘
1441,10:42:21,57.14,257128,45,买盘
1442,10:42:24,57.14,34284,6,卖盘
1443,10:42:27,57.14,91424,16,卖盘
1444,10:42:30,57.15,188575,33,中性盘
1445,10:42:33,57.14,120009,21,卖盘
1446,10:42:36,57.15,28575,5,买盘
1447,10:42:39,57.14,725789,127,卖盘
1448,10:42:42,57.14,57140,10,卖盘
1449,10:42:45,57.13,137135,24,卖盘
1450,10:42:48,57.13,34280,6,卖盘
1451,10:42:51,57.13,131399,23,卖盘
1452,10:42:54,57.12,742637,130,卖盘
1453,10:42:58,57.12,114240,20,买盘
1454,10:43:00,57.12,976884,171,卖盘
1455,10:43:03,57.14,554390,97,买盘
1456,10:43:07,57.17,331586,58,买盘
1457,10:43:09,57.18,240119,42,买盘
1458,10:43:12,57.17,651627,114,卖盘
1459,10:43:16,57.2,228680,40,买盘
1460,10:43:18,57.18,28592,5,卖盘
1461,10:43:21,57.19,11438,2,中性盘
1462,10:43:24,57.2,120098,21,买盘
1463,10:43:27,57.2,68640,12,卖盘
1464,10:43:30,57.2,600603,105,卖盘
1465,10:43:33,57.19,97224,17,卖盘
1466,10:43:36,57.19,91505,16,卖盘
1467,10:43:39,57.19,62909,11,卖盘
1468,10:43:42,57.2,188745,33,买盘
1469,10:43:45,57.2,308880,54,卖盘
1470,10:43:48,57.2,68640,12,卖盘
1471,10:43:52,57.2,11440,2,卖盘
1472,10:43:55,57.21,491997,86,买盘
1473,10:43:57,57.2,263180,46,卖盘
1474,10:44:00,57.2,160169,28,卖盘
1475,10:44:03,57.21,108729,19,买盘
1476,10:44:06,57.24,28620,5,卖盘
1477,10:44:09,57.23,5723,1,买盘
1478,10:44:13,57.19,257410,45,卖盘
1479,10:44:15,57.19,280272,49,买盘
1480,10:44:18,57.17,62904,11,卖盘
1481,10:44:21,57.19,91474,16,买盘
1482,10:44:25,57.19,142975,25,卖盘
1483,10:44:30,57.2,131538,23,买盘
1484,10:44:33,57.19,772070,135,卖盘
1485,10:44:36,57.19,17158,3,买盘
1486,10:44:40,57.19,85785,15,卖盘
1487,10:44:43,57.2,22880,4,买盘
1488,10:44:45,57.19,34314,6,卖盘
1489,10:44:48,57.18,1486939,260,卖盘
1490,10:44:51,57.18,137234,24,卖盘
1491,10:44:55,57.19,697714,122,买盘
1492,10:44:57,57.19,68625,12,买盘
1493,10:45:00,57.18,114365,20,卖盘
1494,10:45:03,57.18,11436,2,卖盘
1495,10:45:06,57.18,57181,10,卖盘
1496,10:45:10,57.18,22872,4,卖盘
1497,10:45:12,57.15,154365,27,卖盘
1498,10:45:15,57.2,2167410,379,买盘
1499,10:45:18,57.18,45747,8,中性盘
1500,10:45:21,57.22,307746,54,买盘
1501,10:45:24,57.23,74388,13,买盘
1502,10:45:27,57.2,177369,31,卖盘
1503,10:45:30,57.2,148734,26,卖盘
1504,10:45:33,57.23,108739,19,中性盘
1505,10:45:36,57.21,165968,29,卖盘
1506,10:45:39,57.23,68683,12,买盘
1507,10:45:42,57.22,45780,8,卖盘
1508,10:45:46,57.21,40049,7,卖盘
1509,10:45:52,57.23,217450,38,买盘
1510,10:45:55,57.25,11450,2,买盘
1511,10:45:57,57.24,5724,1,卖盘
1512,10:46:00,57.23,5723,1,卖盘
1513,10:46:03,57.24,698230,122,买盘
1514,10:46:06,57.24,257572,45,买盘
1515,10:46:10,57.23,17170,3,卖盘
1516,10:46:13,57.24,5724,1,买盘
1517,10:46:15,57.23,28615,5,卖盘
1518,10:46:18,57.23,377720,66,卖盘
1519,10:46:21,57.25,257584,45,买盘
1520,10:46:24,57.25,5725,1,卖盘
1521,10:46:27,57.26,85888,15,买盘
1522,10:46:31,57.25,137400,24,卖盘
1523,10:46:33,57.25,57251,10,卖盘
1524,10:46:36,57.26,257664,45,买盘
1525,10:46:39,57.26,11452,2,卖盘
1526,10:46:42,57.27,22908,4,买盘
1527,10:46:45,57.26,34360,6,卖盘
1528,10:46:48,57.3,360858,63,买盘
1529,10:46:52,57.29,630289,110,卖盘
1530,10:46:54,57.31,418301,73,买盘
1531,10:46:57,57.32,11464,2,买盘
1532,10:47:00,57.32,131845,23,中性盘
1533,10:47:03,57.33,40130,7,中性盘
1534,10:47:06,57.32,91729,16,卖盘
1535,10:47:09,57.32,74519,13,卖盘
1536,10:47:13,57.33,63060,11,买盘
1537,10:47:15,57.34,653626,114,买盘
1538,10:47:18,57.34,40138,7,卖盘
1539,10:47:22,57.35,80286,14,买盘
1540,10:47:24,57.35,349777,61,卖盘
1541,10:47:27,57.35,80287,14,中性盘
1542,10:47:30,57.36,217932,38,买盘
1543,10:47:33,57.35,28676,5,中性盘
1544,10:47:36,57.33,57348,10,卖盘
1545,10:47:39,57.33,68798,12,卖盘
1546,10:47:42,57.28,171902,30,卖盘
1547,10:47:45,57.3,160414,28,中性盘
1548,10:47:48,57.3,120331,21,卖盘
1549,10:47:52,57.35,28674,5,买盘
1550,10:47:54,57.36,40147,7,买盘
1551,10:47:58,57.35,28675,5,卖盘
1552,10:48:00,57.33,5733,1,中性盘
1553,10:48:06,57.31,11464,2,卖盘
1554,10:48:09,57.33,57318,10,买盘
1555,10:48:15,57.35,303906,53,买盘
1556,10:48:18,57.34,418583,73,中性盘
1557,10:48:22,57.34,45874,8,卖盘
1558,10:48:24,57.34,57347,10,卖盘
1559,10:48:27,57.34,63074,11,卖盘
1560,10:48:30,57.33,154816,27,卖盘
1561,10:48:33,57.2,3603780,629,卖盘
1562,10:48:36,57.2,125818,22,买盘
1563,10:48:39,57.23,40043,7,买盘
1564,10:48:42,57.2,45762,8,卖盘
1565,10:48:45,57.23,120146,21,买盘
1566,10:48:48,57.25,103030,18,买盘
1567,10:48:51,57.25,40073,7,买盘
1568,10:48:54,57.25,194672,34,卖盘
1569,10:48:57,57.27,80172,14,买盘
1570,10:49:00,57.27,97359,17,卖盘
1571,10:49:06,57.27,22908,4,中性盘
1572,10:49:09,57.27,217626,38,卖盘
1573,10:49:12,57.25,154569,27,卖盘
1574,10:49:15,57.27,967749,169,买盘
1575,10:49:18,57.25,188967,33,中性盘
1576,10:49:21,57.25,120224,21,买盘
1577,10:49:27,57.25,51514,9,买盘
1578,10:49:31,57.23,17171,3,卖盘
1579,10:49:34,57.23,5723,1,卖盘
1580,10:49:36,57.24,337734,59,买盘
1581,10:49:39,57.23,120189,21,卖盘
1582,10:49:42,57.26,543832,95,买盘
1583,10:49:45,57.26,177507,31,卖盘
1584,10:49:48,57.26,51534,9,卖盘
1585,10:49:52,57.26,40082,7,卖盘
1586,10:49:54,57.24,383616,67,卖盘
1587,10:49:58,57.19,961333,168,卖盘
1588,10:50:00,57.17,1034854,181,卖盘
1589,10:50:03,57.12,394400,69,卖盘
1590,10:50:06,57.11,879554,154,卖盘
1591,10:50:09,57.14,422674,74,买盘
1592,10:50:12,57.15,131430,23,买盘
1593,10:50:15,57.08,2730080,478,卖盘
1594,10:50:18,57.08,176922,31,卖盘
1595,10:50:22,57.08,273950,48,卖盘
1596,10:50:24,57.08,11416,2,卖盘
1597,10:50:27,57.08,262563,46,卖盘
1598,10:50:31,57.08,5708,1,卖盘
1599,10:50:33,57.05,171212,30,卖盘
1600,10:50:36,57.02,188202,33,卖盘
1601,10:50:39,57.06,941436,165,买盘
1602,10:50:42,57.05,131212,23,中性盘
1603,10:50:48,57.03,11406,2,卖盘
1604,10:50:52,57.05,5705,1,买盘
1605,10:50:55,57.05,404958,71,买盘
1606,10:50:57,57.02,1260245,221,卖盘
1607,10:51:00,57.0,153914,27,卖盘
1608,10:51:03,56.99,79785,14,卖盘
1609,10:51:06,56.98,68384,12,卖盘
1610,10:51:09,57.0,1060119,186,买盘
1611,10:51:12,57.03,552994,97,买盘
1612,10:51:15,57.03,142575,25,中性盘
1613,10:51:18,57.05,28525,5,中性盘
1614,10:51:22,57.05,553085,97,卖盘
1615,10:51:24,57.05,45640,8,买盘
1616,10:51:31,57.02,79844,14,卖盘
1617,10:51:33,57.03,17109,3,卖盘
1618,10:51:36,57.03,51326,9,买盘
1619,10:51:39,57.04,633143,111,买盘
1620,10:51:43,57.04,34224,6,卖盘
1621,10:51:45,57.04,171120,30,卖盘
1622,10:51:48,57.04,393569,69,卖盘
1623,10:51:51,57.03,142592,25,卖盘
1624,10:51:57,57.02,96936,17,卖盘
1625,10:52:00,57.0,347760,61,卖盘
1626,10:52:03,57.0,131083,23,买盘
1627,10:52:06,57.0,820799,144,买盘
1628,10:52:09,57.02,210956,37,买盘
1629,10:52:12,57.0,119704,21,卖盘
1630,10:52:15,56.99,347706,61,卖盘
1631,10:52:18,56.99,34194,6,卖盘
1632,10:52:22,56.98,5698,1,卖盘
1633,10:52:24,56.99,153848,27,买盘
1634,10:52:28,57.0,347680,61,买盘
1635,10:52:30,57.0,188049,33,买盘
1636,10:52:33,56.98,11396,2,中性盘
1637,10:52:36,56.98,28490,5,买盘
1638,10:52:40,56.99,398998,70,中性盘
1639,10:52:45,56.99,165272,29,卖盘
1640,10:52:48,57.0,5700,1,买盘
1641,10:52:51,56.99,45594,8,卖盘
1642,10:52:54,57.0,68396,12,买盘
1643,10:52:58,56.99,102590,18,卖盘
1644,10:53:00,56.99,96883,17,卖盘
1645,10:53:03,56.99,22797,4,卖盘
1646,10:53:06,56.99,170979,30,卖盘
1647,10:53:09,56.99,934796,164,卖盘
1648,10:53:12,57.0,233696,41,买盘
1649,10:53:15,57.0,114000,20,买盘
1650,10:53:18,57.0,102597,18,买盘
1651,10:53:21,57.0,51297,9,买盘
1652,10:53:24,57.0,22800,4,买盘
1653,10:53:27,57.0,34200,6,买盘
1654,10:53:30,57.0,11400,2,买盘
1655,10:53:34,56.99,165281,29,卖盘
1656,10:53:36,56.99,125383,22,卖盘
1657,10:53:39,57.0,1470508,258,买盘
1658,10:53:42,57.0,51300,9,买盘
1659,10:53:45,57.0,216586,38,买盘
1660,10:53:48,57.0,142480,25,买盘
1661,10:53:52,56.99,615543,108,卖盘
1662,10:53:54,56.99,205165,36,卖盘
1663,10:53:57,56.96,296275,52,卖盘
1664,10:54:01,56.94,182236,32,卖盘
1665,10:54:04,56.9,136570,24,卖盘
1666,10:54:06,56.93,666013,117,买盘
1667,10:54:09,56.91,478207,84,卖盘
1668,10:54:13,56.91,22764,4,卖盘
1669,10:54:15,56.91,808067,142,卖盘
1670,10:54:18,56.91,256074,45,买盘
1671,10:54:21,56.9,68269,12,中性盘
1672,10:54:24,56.88,79646,14,卖盘
1673,10:54:27,56.86,11372,2,卖盘
1674,10:54:30,56.86,34113,6,中性盘
1675,10:54:33,56.86,130756,23,买盘
1676,10:54:36,56.87,545795,96,买盘
1677,10:54:39,56.87,341236,60,卖盘
1678,10:54:42,56.85,147860,26,卖盘
1679,10:54:45,56.84,22738,4,卖盘
1680,10:54:48,56.84,79580,14,卖盘
1681,10:54:51,56.84,221811,39,卖盘
1682,10:54:54,56.84,164836,29,买盘
1683,10:54:57,56.83,51147,9,卖盘
1684,10:55:00,56.84,284187,50,买盘
1685,10:55:03,56.86,301267,53,买盘
1686,10:55:06,56.86,68239,12,卖盘
1687,10:55:12,56.9,5690,1,买盘
1688,10:55:15,56.86,51174,9,卖盘
1689,10:55:19,56.86,39802,7,卖盘
1690,10:55:21,56.87,62580,11,中性盘
1691,10:55:24,56.9,108065,19,买盘
1692,10:55:27,56.9,51210,9,买盘
1693,10:55:30,56.9,921746,162,买盘
1694,10:55:34,56.91,307198,54,买盘
1695,10:55:37,56.91,927445,163,买盘
1696,10:55:39,56.88,11376,2,中性盘
1697,10:55:43,56.84,1102745,194,卖盘
1698,10:55:45,56.81,73852,13,卖盘
1699,10:55:48,56.79,124959,22,卖盘
1700,10:55:51,56.77,79504,14,卖盘
1701,10:55:54,56.76,45406,8,中性盘
1702,10:55:58,56.7,51078,9,卖盘
1703,10:56:00,56.7,39690,7,卖盘
1704,10:56:03,56.75,147521,26,买盘
1705,10:56:07,56.75,136200,24,买盘
1706,10:56:09,56.75,113513,20,卖盘
1707,10:56:13,56.76,39727,7,中性盘
1708,10:56:15,56.78,215706,38,买盘
1709,10:56:18,56.79,119227,21,买盘
1710,10:56:21,56.75,130533,23,卖盘
1711,10:56:24,56.75,62416,11,买盘
1712,10:56:28,56.74,90793,16,卖盘
1713,10:56:30,56.75,556353,98,买盘
1714,10:56:33,56.79,22708,4,买盘
1715,10:56:37,56.79,318036,56,买盘
1716,10:56:40,56.77,164636,29,卖盘
1717,10:56:42,56.76,45413,8,卖盘
1718,10:56:45,56.76,221366,39,卖盘
1719,10:56:49,56.77,686833,121,买盘
1720,10:56:51,56.77,136247,24,买盘
1721,10:56:55,56.77,79476,14,买盘
1722,10:56:57,56.77,113528,20,买盘
1723,10:57:00,56.77,1588677,280,卖盘
1724,10:57:03,56.72,187270,33,卖盘
1725,10:57:06,56.76,584604,103,买盘
1726,10:57:09,56.75,68124,12,卖盘
1727,10:57:12,56.75,17028,3,卖盘
1728,10:57:15,56.78,124896,22,买盘
1729,10:57:21,56.8,5680,1,买盘
1730,10:57:24,56.8,79520,14,买盘
1731,10:57:27,56.78,198741,35,卖盘
1732,10:57:30,56.77,17033,3,卖盘
1733,10:57:33,56.8,340730,60,买盘
1734,10:57:37,56.78,806414,142,卖盘
1735,10:57:39,56.78,17034,3,买盘
1736,10:57:42,56.77,11355,2,卖盘
1737,10:57:45,56.77,39742,7,卖盘
1738,10:57:48,56.77,34066,6,卖盘
1739,10:57:51,56.77,11354,2,卖盘
1740,10:57:54,56.78,130584,23,买盘
1741,10:57:57,56.78,56776,10,买盘
1742,10:58:00,56.77,124911,22,卖盘
1743,10:58:03,56.79,482622,85,买盘
1744,10:58:06,56.8,107916,19,买盘
1745,10:58:09,56.8,34084,6,卖盘
1746,10:58:12,56.81,28401,5,买盘
1747,10:58:15,56.81,51126,9,买盘
1748,10:58:18,56.8,68162,12,卖盘
1749,10:58:21,56.8,11361,2,卖盘
1750,10:58:24,56.81,22724,4,买盘
1751,10:58:28,56.81,5681,1,卖盘
1752,10:58:30,56.81,198835,35,卖盘
1753,10:58:33,56.82,90910,16,买盘
1754,10:58:36,56.81,1676429,295,卖盘
1755,10:58:39,56.83,125079,22,中性盘
1756,10:58:42,56.82,164777,29,买盘
1757,10:58:45,56.82,34092,6,卖盘
1758,10:58:48,56.79,698638,123,卖盘
1759,10:58:52,56.77,948333,167,卖盘
1760,10:58:55,56.78,45418,8,中性盘
1761,10:58:57,56.77,56768,10,卖盘
1762,10:59:00,56.74,329097,58,卖盘
1763,10:59:04,56.74,629816,111,卖盘
1764,10:59:07,56.76,255365,45,买盘
1765,10:59:09,56.76,289476,51,卖盘
1766,10:59:12,56.77,107861,19,买盘
1767,10:59:15,56.76,113542,20,卖盘
1768,10:59:18,56.77,238394,42,买盘
1769,10:59:21,56.78,158953,28,买盘
1770,10:59:24,56.77,448497,79,卖盘
1771,10:59:27,56.78,79497,14,买盘
1772,10:59:30,56.79,90849,16,中性盘
1773,10:59:34,56.79,11358,2,卖盘
1774,10:59:36,56.81,323734,57,买盘
1775,10:59:45,56.86,73876,13,买盘
1776,10:59:48,56.81,56835,10,卖盘
1777,10:59:51,56.86,34105,6,买盘
1778,10:59:54,56.81,5681,1,卖盘
1779,10:59:57,56.86,113718,20,买盘
1780,11:00:00,56.85,39798,7,中性盘
1781,11:00:03,56.86,102316,18,买盘
1782,11:00:06,56.85,45468,8,卖盘
1783,11:00:09,56.86,28430,5,买盘
1784,11:00:12,56.85,1307645,230,卖盘
1785,11:00:15,56.82,45484,8,卖盘
1786,11:00:21,56.83,17049,3,中性盘
1787,11:00:24,56.9,125107,22,买盘
1788,11:00:28,56.83,119343,21,卖盘
1789,11:00:30,56.83,420716,74,卖盘
1790,11:00:33,56.86,56860,10,买盘
1791,11:00:36,56.9,335515,59,买盘
1792,11:00:39,56.93,153669,27,买盘
1793,11:00:42,56.9,34136,6,中性盘
1794,11:00:45,56.9,34140,6,卖盘
1795,11:00:49,56.91,221928,39,中性盘
1796,11:00:51,56.87,182013,32,卖盘
1797,11:00:54,56.88,68249,12,买盘
1798,11:00:57,56.88,11376,2,买盘
1799,11:01:01,56.9,153573,27,买盘
1800,11:01:03,56.89,73944,13,买盘
1801,11:01:07,56.9,1171909,206,买盘
1802,11:01:09,56.88,45504,8,卖盘
1803,11:01:12,56.88,91007,16,中性盘
1804,11:01:15,56.87,96695,17,卖盘
1805,11:01:18,56.86,580016,102,卖盘
1806,11:01:21,56.86,34111,6,买盘
1807,11:01:24,56.86,90971,16,买盘
1808,11:01:27,56.86,193322,34,卖盘
1809,11:01:30,56.85,68220,12,卖盘
1810,11:01:33,56.87,130791,23,买盘
1811,11:01:37,56.87,51183,9,卖盘
1812,11:01:39,56.88,96696,17,买盘
1813,11:01:43,56.88,5688,1,买盘
1814,11:01:45,56.88,34128,6,买盘
1815,11:01:49,56.87,56870,10,卖盘
1816,11:01:52,56.88,39816,7,买盘
1817,11:01:54,56.88,39815,7,卖盘
1818,11:01:58,56.88,5688,1,卖盘
1819,11:02:00,56.89,5689,1,买盘
1820,11:02:03,56.93,227596,40,买盘
1821,11:02:06,56.95,199259,35,买盘
1822,11:02:09,56.96,28480,5,卖盘
1823,11:02:12,56.96,28479,5,买盘
1824,11:02:16,56.97,592386,104,买盘
1825,11:02:18,57.0,416067,73,买盘
1826,11:02:21,57.02,216649,38,买盘
1827,11:02:24,57.02,11404,2,买盘
1828,11:02:27,57.03,456313,80,卖盘
1829,11:02:30,57.03,188209,33,中性盘
1830,11:02:33,57.04,5704,1,买盘
1831,11:02:36,57.05,182548,32,买盘
1832,11:02:39,57.06,45646,8,买盘
1833,11:02:42,57.08,17124,3,买盘
1834,11:02:46,57.09,11418,2,买盘
1835,11:02:48,57.1,102780,18,买盘
1836,11:02:51,57.18,102842,18,买盘
1837,11:02:54,57.19,97196,17,买盘
1838,11:02:57,57.25,480637,84,买盘
1839,11:03:01,57.25,383575,67,卖盘
1840,11:03:03,57.2,80087,14,卖盘
1841,11:03:07,57.23,961208,168,买盘
1842,11:03:09,57.23,40061,7,卖盘
1843,11:03:13,57.23,62960,11,卖盘
1844,11:03:15,57.26,211761,37,买盘
1845,11:03:18,57.17,125828,22,卖盘
1846,11:03:21,57.17,508821,89,卖盘
1847,11:03:24,57.14,417332,73,卖盘
1848,11:03:27,57.17,34294,6,买盘
1849,11:03:30,57.14,28570,5,卖盘
1850,11:03:34,57.1,154194,27,卖盘
1851,11:03:36,57.14,91430,16,买盘
1852,11:03:39,57.14,28570,5,买盘
1853,11:03:42,57.14,5714,1,买盘
1854,11:03:46,57.12,68551,12,卖盘
1855,11:03:48,57.14,22855,4,买盘
1856,11:03:52,57.14,114268,20,买盘
1857,11:03:54,57.13,28570,5,卖盘
1858,11:03:57,57.14,17143,3,卖盘
1859,11:04:01,57.16,28574,5,买盘
1860,11:04:03,57.18,45743,8,买盘
1861,11:04:06,57.19,17157,3,买盘
1862,11:04:10,57.19,97181,17,买盘
1863,11:04:13,57.17,28584,5,中性盘
1864,11:04:16,57.18,80058,14,买盘
1865,11:04:18,57.19,5719,1,买盘
1866,11:04:21,57.19,28593,5,买盘
1867,11:04:24,57.17,85765,15,卖盘
1868,11:04:27,57.19,85782,15,买盘
1869,11:04:30,57.23,200230,35,买盘
1870,11:04:33,57.26,200372,35,买盘
1871,11:04:36,57.3,1288404,225,买盘
1872,11:04:39,57.3,80220,14,买盘
1873,11:04:45,57.28,11456,2,买盘
1874,11:04:48,57.33,91683,16,买盘
1875,11:04:51,57.33,40131,7,卖盘
1876,11:04:55,57.33,212121,37,卖盘
1877,11:04:58,57.33,22930,4,买盘
1878,11:05:01,57.34,149060,26,买盘
1879,11:05:03,57.33,11466,2,卖盘
1880,11:05:06,57.33,636259,111,买盘
1881,11:05:09,57.32,68789,12,卖盘
1882,11:05:12,57.32,108908,19,卖盘
1883,11:05:15,57.33,269408,47,买盘
1884,11:05:18,57.33,57326,10,买盘
1885,11:05:21,57.3,22924,4,卖盘
1886,11:05:24,57.3,11460,2,卖盘
1887,11:05:27,57.32,332334,58,买盘
1888,11:05:31,57.32,17197,3,卖盘
1889,11:05:33,57.32,636274,111,卖盘
1890,11:05:36,57.32,166251,29,卖盘
1891,11:05:39,57.33,63057,11,买盘
1892,11:05:42,57.32,28661,5,卖盘
1893,11:05:45,57.31,177688,31,卖盘
1894,11:05:48,57.28,131766,23,卖盘
1895,11:05:51,57.33,533129,93,买盘
1896,11:05:54,57.29,126078,22,买盘
1897,11:05:57,57.31,11462,2,买盘
1898,11:06:00,57.32,206321,36,买盘
1899,11:06:03,57.32,11463,2,买盘
1900,11:06:06,57.32,17196,3,卖盘
1901,11:06:10,57.32,5732,1,买盘
1902,11:06:12,57.31,286559,50,卖盘
1903,11:06:16,57.31,74503,13,卖盘
1904,11:06:18,57.32,97428,17,买盘
1905,11:06:22,57.33,103186,18,买盘
1906,11:06:24,57.32,45863,8,中性盘
1907,11:06:27,57.33,57322,10,买盘
1908,11:06:30,57.34,1043388,182,买盘
1909,11:06:33,57.36,303953,53,买盘
1910,11:06:36,57.36,63096,11,买盘
1911,11:06:45,57.36,34411,6,买盘
1912,11:06:48,57.36,22944,4,买盘
1913,11:06:51,57.35,11470,2,买盘
1914,11:06:54,57.34,17200,3,中性盘
1915,11:06:57,57.33,487449,85,卖盘
1916,11:07:00,57.35,97495,17,卖盘
1917,11:07:03,57.36,57352,10,买盘
1918,11:07:06,57.35,137648,24,卖盘
1919,11:07:12,57.31,1456315,254,卖盘
1920,11:07:15,57.28,17186,3,卖盘
1921,11:07:19,57.26,17178,3,卖盘
1922,11:07:24,57.23,5723,1,卖盘
1923,11:07:27,57.25,211786,37,买盘
1924,11:07:30,57.25,28625,5,卖盘
1925,11:07:33,57.25,51530,9,卖盘
1926,11:07:36,57.25,5725,1,卖盘
1927,11:07:39,57.26,131688,23,买盘
1928,11:07:42,57.25,62975,11,卖盘
1929,11:07:45,57.25,11450,2,卖盘
1930,11:07:48,57.29,515521,90,买盘
1931,11:07:51,57.25,11450,2,卖盘
1932,11:07:54,57.26,34354,6,买盘
1933,11:07:57,57.25,263407,46,卖盘
1934,11:08:00,57.28,68736,12,中性盘
1935,11:08:03,57.29,11457,2,买盘
1936,11:08:06,57.28,847744,148,卖盘
1937,11:08:09,57.26,62997,11,卖盘
1938,11:08:15,57.26,166054,29,卖盘
1939,11:08:18,57.25,57251,10,卖盘
1940,11:08:21,57.23,618258,108,卖盘
1941,11:08:24,57.25,114468,20,买盘
1942,11:08:27,57.21,34326,6,卖盘
1943,11:08:30,57.22,5722,1,买盘
1944,11:08:34,57.23,40067,7,卖盘
1945,11:08:37,57.23,97293,17,卖盘
1946,11:08:39,57.26,595402,104,买盘
1947,11:08:43,57.23,80155,14,卖盘
1948,11:08:45,57.23,125906,22,卖盘
1949,11:08:48,57.26,68712,12,买盘
1950,11:08:51,57.26,148879,26,卖盘
1951,11:08:55,57.27,51539,9,买盘
1952,11:08:57,57.29,303611,53,买盘
1953,11:09:01,57.3,234929,41,买盘
1954,11:09:03,57.3,206280,36,买盘
1955,11:09:06,57.3,246395,43,买盘
1956,11:09:13,57.35,154813,27,买盘
1957,11:09:15,57.37,413019,72,买盘
1958,11:09:18,57.37,137688,24,买盘
1959,11:09:21,57.35,22940,4,中性盘
1960,11:09:24,57.34,86017,15,卖盘
1961,11:09:28,57.38,992670,173,买盘
1962,11:09:30,57.39,332831,58,买盘
1963,11:09:33,57.39,109041,19,买盘
1964,11:09:36,57.39,45911,8,买盘
1965,11:09:39,57.39,34434,6,买盘
1966,11:09:43,57.39,91819,16,买盘
1967,11:09:45,57.37,57378,10,卖盘
1968,11:09:48,57.38,5738,1,买盘
1969,11:09:52,57.38,11476,2,买盘
1970,11:09:54,57.38,424611,74,买盘
1971,11:09:57,57.39,1319921,230,买盘
1972,11:10:00,57.39,321337,56,买盘
1973,11:10:03,57.39,149209,26,买盘
1974,11:10:06,57.38,1165014,203,卖盘
1975,11:10:09,57.39,1176495,205,买盘
1976,11:10:13,57.4,97579,17,买盘
1977,11:10:16,57.4,80359,14,买盘
1978,11:10:19,57.41,86109,15,买盘
1979,11:10:21,57.41,103330,18,买盘
1980,11:10:24,57.43,63172,11,买盘
1981,11:10:27,57.46,5746,1,买盘
1982,11:10:31,57.46,585904,102,买盘
1983,11:10:33,57.43,68928,12,卖盘
1984,11:10:36,57.45,45961,8,买盘
1985,11:10:39,57.44,91912,16,卖盘
1986,11:10:42,57.46,178121,31,买盘
1987,11:10:46,57.46,1213193,211,卖盘
1988,11:10:48,57.5,241500,42,买盘
1989,11:10:51,57.5,74747,13,买盘
1990,11:10:54,57.5,126493,22,买盘
1991,11:10:57,57.5,1075240,187,买盘
1992,11:11:00,57.49,74731,13,买盘
1993,11:11:03,57.48,689976,120,中性盘
1994,11:11:06,57.48,86223,15,买盘
1995,11:11:09,57.5,247250,43,买盘
1996,11:11:12,57.5,34499,6,买盘
1997,11:11:15,57.49,183975,32,卖盘
1998,11:11:18,57.49,68985,12,买盘
1999,11:11:21,57.48,11496,2,卖盘
2000,11:11:25,57.47,149424,26,卖盘
2001,11:11:27,57.48,1235619,215,买盘
2002,11:11:31,57.47,45971,8,买盘
2003,11:11:33,57.47,172427,30,卖盘
2004,11:11:36,57.47,178147,31,卖盘
2005,11:11:39,57.47,11494,2,买盘
2006,11:11:42,57.46,189617,33,卖盘
2007,11:11:45,57.46,63203,11,买盘
2008,11:11:49,57.45,5745,1,卖盘
2009,11:11:52,57.45,218310,38,卖盘
2010,11:11:55,57.44,45955,8,卖盘
2011,11:11:57,57.46,787190,137,买盘
2012,11:12:00,57.45,459704,80,卖盘
2013,11:12:03,57.49,166701,29,买盘
2014,11:12:06,57.49,109227,19,买盘
2015,11:12:10,57.49,45987,8,买盘
2016,11:12:12,57.49,166721,29,买盘
2017,11:12:15,57.5,264486,46,买盘
2018,11:12:19,57.49,91992,16,卖盘
2019,11:12:21,57.49,11498,2,买盘
2020,11:12:24,57.49,40241,7,买盘
2021,11:12:27,57.5,1828528,318,买盘
2022,11:12:30,57.46,1034952,180,卖盘
2023,11:12:34,57.45,91928,16,卖盘
2024,11:12:36,57.48,218392,38,买盘
2025,11:12:39,57.46,11492,2,买盘
2026,11:12:42,57.46,275902,48,卖盘
2027,11:12:45,57.48,22986,4,买盘
2028,11:12:49,57.6,2415522,420,买盘
2029,11:12:51,57.6,143991,25,买盘
2030,11:12:54,57.6,213118,37,买盘
2031,11:12:57,57.6,1088626,189,买盘
2032,11:13:00,57.6,599012,104,买盘
2033,11:13:03,57.66,1188908,206,买盘
2034,11:13:06,57.79,52010,9,买盘
2035,11:13:09,57.63,17289,3,卖盘
2036,11:13:12,57.72,34632,6,卖盘
2037,11:13:15,57.8,1017143,176,买盘
2038,11:13:18,57.81,1387170,240,买盘
2039,11:13:21,57.85,404707,70,买盘
2040,11:13:24,57.85,381725,66,买盘
2041,11:13:28,57.85,213998,37,买盘
2042,11:13:31,57.8,69415,12,卖盘
2043,11:13:33,57.81,236948,41,卖盘
2044,11:13:36,57.81,225452,39,买盘
2045,11:13:39,57.78,11558,2,卖盘
2046,11:13:42,57.8,161809,28,买盘
2047,11:13:46,57.75,34652,6,卖盘
2048,11:13:48,57.74,92389,16,卖盘
2049,11:13:51,57.76,277162,48,买盘
2050,11:13:54,57.75,51975,9,卖盘
2051,11:13:57,57.76,92416,16,买盘
2052,11:14:00,57.8,57791,10,买盘
2053,11:14:03,57.82,173410,30,买盘
2054,11:14:06,57.83,104062,18,买盘
2055,11:14:10,57.83,5783,1,卖盘
2056,11:14:12,57.81,69383,12,卖盘
2057,11:14:15,57.83,52035,9,买盘
2058,11:14:18,57.81,109823,19,买盘
2059,11:14:21,57.82,578441,100,买盘
2060,11:14:25,57.81,52029,9,卖盘
2061,11:14:27,57.86,456789,79,买盘
2062,11:14:30,57.83,266104,46,卖盘
2063,11:14:34,57.86,63641,11,中性盘
2064,11:14:37,57.84,5784,1,中性盘
2065,11:14:39,57.85,254516,44,买盘
2066,11:14:42,57.85,92573,16,卖盘
2067,11:14:45,57.85,370240,64,卖盘
2068,11:14:49,57.85,439779,76,卖盘
2069,11:14:51,57.88,671334,116,买盘
2070,11:14:54,57.86,5786,1,卖盘
2071,11:14:57,57.88,462965,80,买盘
2072,11:15:00,57.88,1169302,202,卖盘
2073,11:15:03,57.88,521035,90,卖盘
2074,11:15:06,57.88,509348,88,卖盘
2075,11:15:09,57.84,161990,28,卖盘
2076,11:15:13,57.75,2467438,427,卖盘
2077,11:15:16,57.74,473497,82,卖盘
2078,11:15:18,57.74,155918,27,卖盘
2079,11:15:21,57.75,173219,30,中性盘
2080,11:15:25,57.72,23092,4,卖盘
2081,11:15:27,57.83,456469,79,买盘
2082,11:15:30,57.83,104096,18,卖盘
2083,11:15:33,57.83,370115,64,卖盘
2084,11:15:36,57.82,2208885,382,卖盘
2085,11:15:39,57.77,456404,79,卖盘
2086,11:15:43,57.75,86588,15,卖盘
2087,11:15:45,57.67,51930,9,卖盘
2088,11:15:49,57.77,132849,23,买盘
2089,11:15:51,57.7,190517,33,卖盘
2090,11:15:54,57.7,17310,3,买盘
2091,11:15:57,57.71,28859,5,中性盘
2092,11:16:00,57.73,11546,2,中性盘
2093,11:16:04,57.73,971243,168,中性盘
2094,11:16:07,57.75,629202,109,中性盘
2095,11:16:10,57.8,115595,20,买盘
2096,11:16:13,57.75,17326,3,卖盘
2097,11:16:15,57.8,161843,28,买盘
2098,11:16:18,57.8,75140,13,卖盘
2099,11:16:21,57.8,381493,66,卖盘
2100,11:16:24,57.76,28884,5,卖盘
2101,11:16:27,57.74,92410,16,卖盘
2102,11:16:30,57.78,242563,42,买盘
2103,11:16:36,57.79,46234,8,买盘
2104,11:16:39,57.8,57799,10,买盘
2105,11:16:42,57.79,1502787,260,卖盘
2106,11:16:45,57.79,28895,5,买盘
2107,11:16:48,57.79,92464,16,买盘
2108,11:16:52,57.79,40453,7,卖盘
2109,11:16:54,57.76,953376,165,卖盘
2110,11:16:57,57.76,115513,20,卖盘
2111,11:17:01,57.77,837703,145,买盘
2112,11:17:03,57.77,259965,45,卖盘
2113,11:17:06,57.77,670133,116,卖盘
2114,11:17:09,57.78,652815,113,买盘
2115,11:17:12,57.74,11547,2,买盘
2116,11:17:15,57.72,305991,53,卖盘
2117,11:17:18,57.74,121253,21,买盘
2118,11:17:21,57.74,46198,8,卖盘
2119,11:17:24,57.74,831850,144,卖盘
2120,11:17:27,57.74,612048,106,卖盘
2121,11:17:30,57.71,1010037,175,卖盘
2122,11:17:33,57.76,577526,100,买盘
2123,11:17:36,57.74,63514,11,中性盘
2124,11:17:42,57.74,687006,119,买盘
2125,11:17:45,57.73,571528,99,卖盘
2126,11:17:48,57.72,11544,2,中性盘
2127,11:17:51,57.68,432735,75,卖盘
2128,11:17:57,57.68,178895,31,卖盘
2129,11:18:00,57.63,363409,63,卖盘
2130,11:18:04,57.69,980707,170,买盘
2131,11:18:06,57.67,40379,7,卖盘
2132,11:18:09,57.64,5764,1,中性盘
2133,11:18:16,57.65,155659,27,卖盘
2134,11:18:18,57.65,28826,5,卖盘
2135,11:18:21,57.65,92240,16,卖盘
2136,11:18:24,57.65,149910,26,卖盘
2137,11:18:27,57.66,46132,8,中性盘
2138,11:18:30,57.67,346018,60,买盘
2139,11:18:34,57.68,46149,8,卖盘
2140,11:18:39,57.68,17307,3,卖盘
2141,11:18:42,57.69,5769,1,中性盘
2142,11:18:46,57.7,98077,17,买盘
2143,11:18:48,57.7,271198,47,卖盘
2144,11:18:51,57.72,161570,28,买盘
2145,11:18:54,57.71,98091,17,买盘
2146,11:18:57,57.71,1165873,202,买盘
2147,11:19:00,57.67,795895,138,卖盘
2148,11:19:03,57.63,599587,104,卖盘
2149,11:19:06,57.67,121101,21,买盘
2150,11:19:09,57.61,34566,6,卖盘
2151,11:19:12,57.62,11524,2,中性盘
2152,11:19:15,57.62,196051,34,卖盘
2153,11:19:18,57.68,178805,31,买盘
2154,11:19:21,57.61,242096,42,卖盘
2155,11:19:25,57.61,201630,35,买盘
2156,11:19:27,57.62,1054269,183,买盘
2157,11:19:30,57.68,69216,12,买盘
2158,11:19:34,57.69,51921,9,卖盘
2159,11:19:37,57.7,11540,2,买盘
2160,11:19:39,57.69,80766,14,卖盘
2161,11:19:42,57.69,11538,2,卖盘
2162,11:19:45,57.7,40386,7,买盘
2163,11:19:48,57.7,23080,4,买盘
2164,11:19:51,57.69,178839,31,卖盘
2165,11:19:54,57.69,242287,42,买盘
2166,11:19:57,57.68,28840,5,卖盘
2167,11:20:00,57.7,680808,118,买盘
2168,11:20:03,57.68,167310,29,买盘
2169,11:20:07,57.68,74983,13,买盘
2170,11:20:09,57.68,5768,1,中性盘
2171,11:20:13,57.68,115361,20,卖盘
2172,11:20:15,57.68,28841,5,卖盘
2173,11:20:18,57.69,17307,3,买盘
2174,11:20:21,57.69,161526,28,买盘
2175,11:20:24,57.69,98062,17,卖盘
2176,11:20:27,57.7,484672,84,买盘
2177,11:20:30,57.71,23084,4,卖盘
2178,11:20:34,57.71,201992,35,卖盘
2179,11:20:37,57.72,57720,10,买盘
2180,11:20:39,57.72,5772,1,卖盘
2181,11:20:42,57.69,201996,35,卖盘
2182,11:20:45,57.7,380964,66,买盘
2183,11:20:48,57.7,57700,10,买盘
2184,11:20:51,57.7,115400,20,卖盘
2185,11:20:54,57.7,34627,6,卖盘
2186,11:20:57,57.74,109693,19,买盘
2187,11:21:00,57.74,155896,27,买盘
2188,11:21:03,57.74,150114,26,买盘
2189,11:21:07,57.74,98157,17,买盘
2190,11:21:09,57.74,28870,5,买盘
2191,11:21:12,57.74,34644,6,买盘
2192,11:21:15,57.74,46192,8,买盘
2193,11:21:18,57.74,51964,9,买盘
2194,11:21:21,57.74,132784,23,买盘
2195,11:21:24,57.73,86600,15,卖盘
2196,11:21:27,57.73,698648,121,卖盘
2197,11:21:30,57.74,5774,1,买盘
2198,11:21:33,57.73,46185,8,卖盘
2199,11:21:36,57.74,184748,32,买盘
2200,11:21:39,57.72,103912,18,卖盘
2201,11:21:42,57.72,92357,16,卖盘
2202,11:21:45,57.72,11544,2,卖盘
2203,11:21:48,57.74,940904,163,买盘
2204,11:21:51,57.74,161676,28,买盘
2205,11:21:55,57.75,51972,9,买盘
2206,11:21:57,57.76,219488,38,买盘
2207,11:22:01,57.77,63547,11,买盘
2208,11:22:03,57.78,80887,14,买盘
2209,11:22:06,57.77,17331,3,卖盘
2210,11:22:09,57.77,248421,43,卖盘
2211,11:22:13,57.77,23108,4,卖盘
2212,11:22:15,57.78,17334,3,买盘
2213,11:22:18,57.78,17332,3,买盘
2214,11:22:22,57.78,664455,115,买盘
2215,11:22:25,57.8,283159,49,买盘
2216,11:22:27,57.78,115582,20,买盘
2217,11:22:30,57.82,3618607,626,买盘
2218,11:22:33,57.82,40472,7,买盘
2219,11:22:36,57.82,1202019,208,卖盘
2220,11:22:39,57.82,52038,9,卖盘
2221,11:22:42,57.82,265970,46,卖盘
2222,11:22:45,57.78,34678,6,卖盘
2223,11:22:48,57.79,63563,11,中性盘
2224,11:22:51,57.8,28900,5,买盘
2225,11:22:54,57.8,121377,21,买盘
2226,11:22:57,57.8,52020,9,买盘
2227,11:23:01,57.81,138706,24,买盘
2228,11:23:03,57.81,202356,35,卖盘
2229,11:23:06,57.82,75166,13,买盘
2230,11:23:12,57.82,40476,7,卖盘
2231,11:23:15,57.83,28911,5,买盘
2232,11:23:18,57.82,161912,28,卖盘
2233,11:23:22,57.82,63603,11,卖盘
2234,11:23:24,57.83,40481,7,买盘
2235,11:23:27,57.85,1018091,176,买盘
2236,11:23:30,57.85,624952,108,中性盘
2237,11:23:33,57.84,647966,112,卖盘
2238,11:23:37,57.87,34713,6,买盘
2239,11:23:39,57.87,11574,2,买盘
2240,11:23:43,57.92,4550201,786,买盘
2241,11:23:46,57.92,2468756,426,买盘
2242,11:23:49,57.98,260910,45,买盘
2243,11:23:51,57.99,98546,17,买盘
2244,11:23:54,57.99,139158,24,买盘
2245,11:23:58,57.99,307345,53,买盘
2246,11:24:00,57.97,463899,80,卖盘
2247,11:24:03,58.0,7882148,1359,买盘
2248,11:24:06,58.0,9739951,1679,买盘
2249,11:24:09,58.01,1062238,183,卖盘
2250,11:24:13,57.92,2794754,482,卖盘
2251,11:24:15,57.9,2813793,486,卖盘
2252,11:24:19,57.79,2422548,419,卖盘
2253,11:24:21,57.77,1253535,217,卖盘
2254,11:24:24,57.69,628669,109,中性盘
2255,11:24:27,57.67,536336,93,卖盘
2256,11:24:30,57.65,299903,52,中性盘
2257,11:24:33,57.69,121090,21,买盘
2258,11:24:37,57.7,109665,19,中性盘
2259,11:24:39,57.72,46176,8,买盘
2260,11:24:42,57.73,75049,13,买盘
2261,11:24:45,57.75,629476,109,中性盘
2262,11:24:48,57.75,75087,13,卖盘
2263,11:24:51,57.76,17328,3,买盘
2264,11:24:54,57.76,92416,16,买盘
2265,11:24:57,57.8,352540,61,买盘
2266,11:25:00,57.8,341024,59,卖盘
2267,11:25:04,57.8,17340,3,买盘
2268,11:25:06,57.8,271660,47,买盘
2269,11:25:09,57.83,23132,4,买盘
2270,11:25:12,57.84,23134,4,买盘
2271,11:25:18,57.85,347250,60,买盘
2272,11:25:21,57.79,728411,126,卖盘
2273,11:25:24,57.75,1207414,209,卖盘
2274,11:25:27,57.77,23106,4,买盘
2275,11:25:31,57.78,265743,46,买盘
2276,11:25:34,57.8,329448,57,买盘
2277,11:25:36,57.84,23136,4,买盘
2278,11:25:40,57.82,5782,1,卖盘
2279,11:25:45,57.84,46264,8,买盘
2280,11:25:48,57.84,80976,14,买盘
2281,11:25:51,57.83,11565,2,买盘
2282,11:25:54,57.82,98296,17,卖盘
2283,11:25:57,57.81,115633,20,卖盘
2284,11:26:00,57.83,202392,35,买盘
2285,11:26:04,57.83,231323,40,卖盘
2286,11:26:06,57.83,850201,147,卖盘
2287,11:26:09,57.84,260231,45,买盘
2288,11:26:12,57.84,156167,27,卖盘
2289,11:26:15,57.79,780520,135,卖盘
2290,11:26:18,57.78,387162,67,卖盘
2291,11:26:21,57.71,1559238,270,卖盘
2292,11:26:24,57.7,236611,41,卖盘
2293,11:26:27,57.7,796261,138,卖盘
2294,11:26:30,57.7,675094,117,卖盘
2295,11:26:33,57.7,807795,140,买盘
2296,11:26:37,57.69,34614,6,卖盘
2297,11:26:39,57.69,115399,20,卖盘
2298,11:26:42,57.69,46152,8,卖盘
2299,11:26:45,57.7,1655989,287,买盘
2300,11:26:49,57.71,121199,21,买盘
2301,11:26:52,57.71,121281,21,卖盘
2302,11:26:54,57.76,150162,26,买盘
2303,11:26:57,57.78,329128,57,买盘
2304,11:27:00,57.79,34673,6,买盘
2305,11:27:03,57.79,17339,3,卖盘
2306,11:27:06,57.8,5780,1,买盘
2307,11:27:09,57.87,341254,59,买盘
2308,11:27:12,57.95,81083,14,买盘
2309,11:27:15,57.89,104202,18,卖盘
2310,11:27:18,57.95,23174,4,买盘
2311,11:27:21,57.98,463747,80,买盘
2312,11:27:24,57.96,197092,34,中性盘
2313,11:27:27,57.98,46377,8,买盘
2314,11:27:31,57.96,173888,30,卖盘
2315,11:27:34,58.0,336361,58,买盘
2316,11:27:37,57.99,191332,33,卖盘
2317,11:27:39,58.0,684315,118,买盘
2318,11:27:43,58.0,202998,35,买盘
2319,11:27:45,57.98,550699,95,中性盘
2320,11:27:49,57.96,399708,69,卖盘
2321,11:27:51,57.97,11594,2,中性盘
2322,11:27:54,57.9,5790,1,中性盘
2323,11:27:57,57.9,248963,43,买盘
2324,11:28:01,57.93,11583,2,买盘
2325,11:28:03,57.92,110042,19,卖盘
2326,11:28:06,57.92,220064,38,买盘
2327,11:28:09,57.93,63723,11,买盘
2328,11:28:13,57.95,295472,51,买盘
2329,11:28:15,57.96,81142,14,买盘
2330,11:28:18,57.96,40572,7,买盘
2331,11:28:21,57.96,220271,38,卖盘
2332,11:28:25,57.96,57969,10,卖盘
2333,11:28:28,57.98,295654,51,买盘
2334,11:28:30,57.98,34788,6,卖盘
2335,11:28:34,57.99,492882,85,买盘
2336,11:28:36,57.98,2197788,379,卖盘
2337,11:28:39,57.99,150754,26,买盘
2338,11:28:42,57.99,173945,30,买盘
2339,11:28:45,57.99,40592,7,买盘
2340,11:28:49,57.98,550871,95,卖盘
2341,11:28:51,57.99,28988,5,买盘
2342,11:28:54,57.99,179764,31,买盘
2343,11:28:57,58.0,980052,169,买盘
2344,11:29:00,57.99,23196,4,中性盘
2345,11:29:03,58.0,202970,35,买盘
2346,11:29:06,57.99,162376,28,卖盘
2347,11:29:09,57.96,527624,91,卖盘
2348,11:29:12,57.95,260723,45,卖盘
2349,11:29:15,57.88,498013,86,卖盘
2350,11:29:19,57.88,179430,31,卖盘
2351,11:29:22,57.84,52080,9,卖盘
2352,11:29:24,57.8,196677,34,卖盘
2353,11:29:27,57.82,271910,47,中性盘
2354,11:29:31,57.82,104104,18,卖盘
2355,11:29:33,57.82,34692,6,卖盘
2356,11:29:36,57.88,595580,103,买盘
2357,11:29:39,57.88,86791,15,买盘
2358,11:29:42,57.83,11566,2,卖盘
2359,11:29:45,57.87,28933,5,中性盘
2360,11:29:48,57.86,75238,13,卖盘
2361,11:29:51,57.88,52083,9,买盘
2362,11:29:54,57.84,115688,20,卖盘
2363,11:29:58,57.85,248718,43,买盘
2364,11:30:00,57.85,40507,7,卖盘
2365,13:00:00,57.88,28940,5,买盘
2366,13:00:03,57.9,4447718,767,买盘
2367,13:00:06,57.85,775342,134,卖盘
2368,13:00:09,57.8,2027663,350,卖盘
2369,13:00:12,57.83,1174062,203,买盘
2370,13:00:15,57.9,225845,39,买盘
2371,13:00:19,57.94,388085,67,买盘
2372,13:00:22,57.96,202873,35,中性盘
2373,13:00:24,57.94,1716087,296,卖盘
2374,13:00:27,57.96,162254,28,买盘
2375,13:00:31,57.98,11598,2,卖盘
2376,13:00:36,57.98,365296,63,卖盘
2377,13:00:39,57.99,110166,19,买盘
2378,13:00:42,57.93,104288,18,卖盘
2379,13:00:45,57.91,799314,138,卖盘
2380,13:00:48,57.84,312554,54,卖盘
2381,13:00:51,57.84,173629,30,卖盘
2382,13:00:54,57.81,92498,16,卖盘
2383,13:00:58,57.83,341117,59,中性盘
2384,13:01:00,57.79,468399,81,卖盘
2385,13:01:03,57.8,80936,14,中性盘
2386,13:01:06,57.78,86694,15,卖盘
2387,13:01:10,57.78,34679,6,卖盘
2388,13:01:12,57.73,80883,14,卖盘
2389,13:01:16,57.72,11545,2,卖盘
2390,13:01:18,57.72,28860,5,卖盘
2391,13:01:22,57.78,115499,20,买盘
2392,13:01:24,57.72,144308,25,卖盘
2393,13:01:27,57.75,115478,20,买盘
2394,13:01:30,57.76,814315,141,买盘
2395,13:01:33,57.71,340663,59,卖盘
2396,13:01:36,57.7,28850,5,卖盘
2397,13:01:40,57.66,144199,25,卖盘
2398,13:01:42,57.66,51898,9,卖盘
2399,13:01:45,57.66,23064,4,卖盘
2400,13:01:48,57.65,80667,14,买盘
2401,13:01:51,57.57,28794,5,卖盘
2402,13:01:54,57.62,512497,89,买盘
2403,13:01:57,57.62,97937,17,中性盘
2404,13:02:00,57.63,363047,63,中性盘
2405,13:02:03,57.58,63364,11,卖盘
2406,13:02:06,57.58,5758,1,卖盘
2407,13:02:09,57.58,316864,55,卖盘
2408,13:02:12,57.56,74771,13,中性盘
2409,13:02:15,57.5,11506,2,卖盘
2410,13:02:18,57.48,120850,21,卖盘
2411,13:02:21,57.46,51714,9,卖盘
2412,13:02:24,57.48,287361,50,买盘
2413,13:02:27,57.47,551785,96,卖盘
2414,13:02:31,57.48,40235,7,中性盘
2415,13:02:33,57.48,17244,3,卖盘
2416,13:02:36,57.48,68979,12,卖盘
2417,13:02:39,57.47,45976,8,卖盘
2418,13:02:43,57.48,166649,29,买盘
2419,13:02:46,57.44,103440,18,卖盘
2420,13:02:48,57.45,132141,23,中性盘
2421,13:02:52,57.47,545961,95,买盘
2422,13:02:54,57.46,735613,128,卖盘
2423,13:02:57,57.46,63206,11,卖盘
2424,13:03:00,57.47,1126345,196,买盘
2425,13:03:03,57.47,120676,21,买盘
2426,13:03:06,57.45,436685,76,卖盘
2427,13:03:09,57.47,166640,29,买盘
2428,13:03:12,57.48,528779,92,买盘
2429,13:03:15,57.5,57500,10,买盘
2430,13:03:19,57.5,17250,3,卖盘
2431,13:03:22,57.52,86274,15,买盘
2432,13:03:24,57.54,34522,6,买盘
2433,13:03:27,57.53,11507,2,卖盘
2434,13:03:33,57.54,639191,111,卖盘
2435,13:03:36,57.55,5755,1,买盘
2436,13:03:39,57.54,281967,49,卖盘
2437,13:03:42,57.62,408702,71,买盘
2438,13:03:45,57.62,11524,2,卖盘
2439,13:03:48,57.64,92214,16,买盘
2440,13:03:52,57.65,5765,1,中性盘
2441,13:03:54,57.64,103755,18,卖盘
2442,13:03:57,57.62,409221,71,卖盘
2443,13:04:00,57.6,172849,30,中性盘
2444,13:04:03,57.61,57608,10,中性盘
2445,13:04:06,57.64,5764,1,买盘
2446,13:04:09,57.65,190212,33,买盘
2447,13:04:12,57.7,92296,16,买盘
2448,13:04:15,57.76,202107,35,买盘
2449,13:04:18,57.82,57784,10,买盘
2450,13:04:21,57.83,5783,1,中性盘
2451,13:04:25,57.82,335693,58,卖盘
2452,13:04:27,57.81,46258,8,卖盘
2453,13:04:30,57.8,109856,19,中性盘
2454,13:04:37,57.8,127176,22,买盘
2455,13:04:39,57.83,5783,1,买盘
2456,13:04:42,57.81,127206,22,卖盘
2457,13:04:45,57.88,52073,9,买盘
2458,13:04:49,57.83,202589,35,中性盘
2459,13:04:51,57.83,17349,3,买盘
2460,13:04:55,57.82,46261,8,卖盘
2461,13:04:57,57.82,185048,32,卖盘
2462,13:05:00,57.82,40474,7,卖盘
2463,13:05:03,57.84,919633,159,买盘
2464,13:05:06,57.84,219804,38,卖盘
2465,13:05:09,57.84,92535,16,买盘
2466,13:05:12,57.84,109932,19,卖盘
2467,13:05:15,57.84,46272,8,卖盘
2468,13:05:18,57.84,150414,26,买盘
2469,13:05:21,57.81,11562,2,卖盘
2470,13:05:24,57.81,5781,1,卖盘
2471,13:05:27,57.81,75162,13,卖盘
2472,13:05:30,57.83,190827,33,买盘
2473,13:05:33,57.83,185057,32,卖盘
2474,13:05:36,57.86,880134,152,买盘
2475,13:05:39,57.93,115809,20,买盘
2476,13:05:43,57.95,34766,6,买盘
2477,13:05:45,57.88,5788,1,卖盘
2478,13:05:51,57.88,34729,6,卖盘
2479,13:05:54,57.84,636646,110,卖盘
2480,13:05:57,57.84,202480,35,卖盘
2481,13:06:00,57.86,433876,75,买盘
2482,13:06:03,57.86,156226,27,买盘
2483,13:06:06,57.88,75240,13,买盘
2484,13:06:10,57.88,144718,25,买盘
2485,13:06:13,57.93,451729,78,买盘
2486,13:06:15,57.94,370760,64,买盘
2487,13:06:18,57.93,40557,7,中性盘
2488,13:06:21,57.95,214391,37,买盘
2489,13:06:24,57.96,139084,24,买盘
2490,13:06:27,57.96,57958,10,买盘
2491,13:06:30,57.97,840778,145,买盘
2492,13:06:33,57.97,63767,11,卖盘
2493,13:06:36,58.0,5800,1,买盘
2494,13:06:39,58.0,330590,57,买盘
2495,13:06:42,58.0,916438,158,卖盘
2496,13:06:45,58.0,86995,15,买盘
2497,13:06:48,58.0,69599,12,买盘
2498,13:06:51,58.0,144989,25,买盘
2499,13:06:54,57.99,40596,7,卖盘
2500,13:06:57,57.99,5799,1,卖盘
2501,13:07:00,58.0,1055580,182,买盘
2502,13:07:03,57.99,202986,35,卖盘
2503,13:07:06,57.99,34799,6,卖盘
2504,13:07:09,57.99,81198,14,卖盘
2505,13:07:12,58.0,1977796,341,买盘
2506,13:07:15,58.0,1078800,186,买盘
2507,13:07:19,58.0,539698,93,卖盘
2508,13:07:22,58.08,179931,31,买盘
2509,13:07:25,58.0,179801,31,卖盘
2510,13:07:27,57.98,661079,114,卖盘
2511,13:07:31,57.98,544963,94,买盘
2512,13:07:33,58.0,516038,89,买盘
2513,13:07:36,58.0,174000,30,买盘
2514,13:07:39,58.0,46400,8,买盘
2515,13:07:42,57.99,63790,11,卖盘
2516,13:07:45,57.99,17399,3,卖盘
2517,13:07:48,57.95,887093,153,卖盘
2518,13:07:51,57.95,260747,45,买盘
2519,13:07:54,57.92,75300,13,中性盘
2520,13:07:57,57.9,237369,41,中性盘
2521,13:08:00,57.89,306817,53,卖盘
2522,13:08:03,57.89,364723,63,卖盘
2523,13:08:06,57.89,318398,55,卖盘
2524,13:08:09,57.89,17367,3,买盘
2525,13:08:12,57.89,254807,44,卖盘
2526,13:08:15,57.93,110050,19,买盘
2527,13:08:18,57.93,57930,10,卖盘
2528,13:08:21,57.93,28968,5,卖盘
2529,13:08:24,57.92,115869,20,卖盘
2530,13:08:27,57.99,144867,25,买盘
2531,13:08:30,57.99,86937,15,买盘
2532,13:08:33,57.99,17397,3,买盘
2533,13:08:36,57.98,115979,20,中性盘
2534,13:08:39,58.0,17398,3,买盘
2535,13:08:42,58.0,17398,3,买盘
2536,13:08:45,57.96,139145,24,卖盘
2537,13:08:49,58.08,1177923,203,买盘
2538,13:08:51,58.09,435620,75,买盘
2539,13:08:54,58.09,371754,64,买盘
2540,13:08:57,58.0,1498636,258,卖盘
2541,13:09:00,58.0,261211,45,中性盘
2542,13:09:03,58.0,278416,48,买盘
2543,13:09:06,58.04,98603,17,买盘
2544,13:09:09,58.08,110294,19,买盘
2545,13:09:15,58.07,104507,18,买盘
2546,13:09:18,58.08,191638,33,买盘
2547,13:09:21,58.07,203205,35,中性盘
2548,13:09:24,58.08,505356,87,买盘
2549,13:09:27,58.1,435626,75,买盘
2550,13:09:30,58.1,1218865,210,买盘
2551,13:09:33,58.1,546164,94,卖盘
2552,13:09:36,58.09,163838,28,卖盘
2553,13:09:39,58.07,382179,66,卖盘
2554,13:09:42,58.07,291614,50,卖盘
2555,13:09:45,58.12,300883,52,买盘
2556,13:09:48,58.12,52309,9,卖盘
2557,13:09:52,58.13,274308,47,买盘
2558,13:09:54,58.12,97657,17,买盘
2559,13:09:57,58.12,593122,102,卖盘
2560,13:10:01,58.13,11626,2,中性盘
2561,13:10:03,58.13,238385,41,卖盘
2562,13:10:06,58.15,651457,112,中性盘
2563,13:10:09,58.14,69772,12,卖盘
2564,13:10:12,58.11,570486,98,卖盘
2565,13:10:15,58.16,492905,85,买盘
2566,13:10:18,58.17,210489,36,买盘
2567,13:10:21,58.07,755774,130,卖盘
2568,13:10:24,58.18,131429,23,买盘
2569,13:10:27,58.11,162812,28,卖盘
2570,13:10:30,58.18,261849,45,卖盘
2571,13:10:33,58.18,1082404,186,卖盘
2572,13:10:36,58.18,470995,81,买盘
2573,13:10:40,58.22,995287,171,买盘
2574,13:10:42,58.19,314154,54,中性盘
2575,13:10:45,58.25,98987,17,买盘
2576,13:10:48,58.22,448177,77,卖盘
2577,13:10:51,58.1,471042,81,卖盘
2578,13:10:54,58.2,663143,114,买盘
2579,13:10:57,58.15,69774,12,卖盘
2580,13:11:01,58.17,273287,47,买盘
2581,13:11:03,58.17,331471,57,买盘
2582,13:11:06,58.12,58152,10,卖盘
2583,13:11:09,58.15,168738,29,卖盘
2584,13:11:13,58.17,75612,13,中性盘
2585,13:11:15,58.12,174463,30,卖盘
2586,13:11:18,58.12,104640,18,卖盘
2587,13:11:21,58.12,377806,65,卖盘
2588,13:11:25,58.11,2168913,373,卖盘
2589,13:11:27,58.12,726395,125,买盘
2590,13:11:30,58.11,238273,41,卖盘
2591,13:11:33,58.11,40681,7,卖盘
2592,13:11:36,58.11,162764,28,卖盘
2593,13:11:40,58.11,348659,60,卖盘
2594,13:11:43,58.06,1457858,251,卖盘
2595,13:11:45,57.99,464300,80,卖盘
2596,13:11:48,57.99,162355,28,中性盘
2597,13:11:51,57.98,104378,18,卖盘
2598,13:11:54,57.98,191328,33,买盘
2599,13:11:57,58.0,81186,14,买盘
2600,13:12:01,57.99,17397,3,卖盘
2601,13:12:03,57.98,57984,10,卖盘
2602,13:12:06,57.98,40591,7,卖盘
2603,13:12:09,57.99,28994,5,买盘
2604,13:12:12,57.99,40593,7,卖盘
2605,13:12:15,57.99,28995,5,卖盘
2606,13:12:18,58.0,11599,2,买盘
2607,13:12:21,58.0,34798,6,买盘
2608,13:12:24,58.01,266827,46,买盘
2609,13:12:28,58.05,156714,27,买盘
2610,13:12:30,58.03,5803,1,卖盘
2611,13:12:33,58.03,17409,3,卖盘
2612,13:12:36,58.09,272918,47,买盘
2613,13:12:39,58.1,83722,14,买盘
2614,13:12:43,58.1,98766,17,卖盘
2615,13:12:45,58.09,63902,11,卖盘
2616,13:12:48,58.09,296276,51,卖盘
2617,13:12:51,58.09,224108,39,卖盘
2618,13:12:54,58.05,295991,51,中性盘
2619,13:12:58,58.05,121906,21,卖盘
2620,13:13:00,58.05,284447,49,卖盘
2621,13:13:03,58.01,742973,128,卖盘
2622,13:13:06,58.01,568542,98,卖盘
2623,13:13:09,57.99,330625,57,卖盘
2624,13:13:12,57.98,162376,28,卖盘
2625,13:13:16,57.99,3612866,622,买盘
2626,13:13:18,58.0,881351,152,买盘
2627,13:13:21,58.02,185685,32,卖盘
2628,13:13:24,58.05,139320,24,买盘
2629,13:13:28,58.05,586216,101,卖盘
2630,13:13:30,58.06,121925,21,买盘
2631,13:13:33,58.06,121926,21,卖盘
2632,13:13:37,58.07,133601,23,卖盘
2633,13:13:39,58.07,267249,46,卖盘
2634,13:13:42,58.07,191647,33,卖盘
2635,13:13:45,58.1,5810,1,卖盘
2636,13:13:49,58.11,5811,1,买盘
2637,13:13:51,58.11,232406,40,买盘
2638,13:13:54,58.12,499823,86,买盘
2639,13:13:57,58.12,75561,13,卖盘
2640,13:14:00,58.12,377785,65,卖盘
2641,13:14:03,58.1,761269,131,卖盘
2642,13:14:06,58.11,127838,22,中性盘
2643,13:14:10,58.06,969693,167,卖盘
2644,13:14:12,58.03,545625,94,卖盘
2645,13:14:15,58.0,156621,27,卖盘
2646,13:14:18,58.02,185662,32,买盘
2647,13:14:21,58.02,324894,56,买盘
2648,13:14:24,58.0,174028,30,卖盘
2649,13:14:27,58.0,156610,27,卖盘
2650,13:14:30,58.01,92807,16,买盘
2651,13:14:33,58.01,63811,11,卖盘
2652,13:14:36,58.01,197258,34,卖盘
2653,13:14:39,58.0,243632,42,卖盘
2654,13:14:42,58.01,58007,10,买盘
2655,13:14:45,58.0,40600,7,卖盘
2656,13:14:48,58.01,754011,130,买盘
2657,13:14:51,58.09,1202008,207,买盘
2658,13:14:54,58.1,575112,99,买盘
2659,13:14:57,58.1,610050,105,买盘
2660,13:15:01,58.1,203367,35,卖盘
2661,13:15:04,58.1,371852,64,卖盘
2662,13:15:07,58.09,551903,95,卖盘
2663,13:15:09,58.1,615790,106,买盘
2664,13:15:13,58.09,4199957,723,卖盘
2665,13:15:15,58.05,1068404,184,卖盘
2666,13:15:19,58.0,516351,89,卖盘
2667,13:15:21,57.96,1177220,203,卖盘
2668,13:15:25,57.95,481088,83,卖盘
2669,13:15:27,57.96,243410,42,中性盘
2670,13:15:30,57.96,173864,30,卖盘
2671,13:15:33,57.96,486785,84,买盘
2672,13:15:36,57.96,127504,22,卖盘
2673,13:15:39,57.96,34751,6,买盘
2674,13:15:42,57.95,75340,13,买盘
2675,13:15:45,57.95,40558,7,买盘
2676,13:15:51,57.96,40571,7,中性盘
2677,13:15:57,57.95,405688,70,卖盘
2678,13:16:00,57.96,243412,42,中性盘
2679,13:16:03,57.96,92733,16,卖盘
2680,13:16:06,57.96,40570,7,卖盘
2681,13:16:09,57.96,81144,14,卖盘
2682,13:16:12,57.93,486778,84,卖盘
2683,13:16:15,57.93,139056,24,卖盘
2684,13:16:18,57.95,417066,72,买盘
2685,13:16:21,57.94,353370,61,买盘
2686,13:16:25,57.94,417168,72,卖盘
2687,13:16:27,57.95,318690,55,买盘
2688,13:16:30,57.95,28975,5,卖盘
2689,13:16:34,57.94,179642,31,卖盘
2690,13:16:36,57.95,156459,27,买盘
2691,13:16:39,57.95,249151,43,卖盘
2692,13:16:42,57.95,57944,10,卖盘
2693,13:16:45,57.89,110015,19,卖盘
2694,13:16:49,57.87,150502,26,卖盘
2695,13:16:51,57.86,40502,7,卖盘
2696,13:16:55,57.89,173528,30,买盘
2697,13:16:57,57.89,723626,125,卖盘
2698,13:17:00,57.88,254608,44,买盘
2699,13:17:03,57.88,40516,7,卖盘
2700,13:17:06,57.88,150470,26,卖盘
2701,13:17:09,57.88,121541,21,中性盘
2702,13:17:12,57.85,86805,15,卖盘
2703,13:17:15,57.8,370040,64,卖盘
2704,13:17:19,57.87,46296,8,中性盘
2705,13:17:21,57.84,144508,25,中性盘
2706,13:17:24,57.85,75204,13,买盘
2707,13:17:27,57.81,109845,19,卖盘
2708,13:17:30,57.84,167709,29,买盘
2709,13:17:33,57.83,526260,91,卖盘
2710,13:17:36,57.84,17352,3,买盘
2711,13:17:39,57.84,474306,82,卖盘
2712,13:17:42,57.88,150462,26,买盘
2713,13:17:45,57.85,294984,51,中性盘
2714,13:17:48,57.88,17359,3,买盘
2715,13:17:51,57.85,75208,13,卖盘
2716,13:17:54,57.87,266097,46,中性盘
2717,13:17:57,57.84,62464,11,买盘
2718,13:18:00,57.88,23150,4,买盘
2719,13:18:03,57.86,104164,18,卖盘
2720,13:18:09,57.86,17358,3,卖盘
2721,13:18:13,57.83,636244,110,卖盘
2722,13:18:15,57.87,11574,2,中性盘
2723,13:18:18,57.86,92576,16,卖盘
2724,13:18:21,57.9,370384,64,买盘
2725,13:18:25,57.9,81064,14,卖盘
2726,13:18:27,57.92,63712,11,买盘
2727,13:18:30,57.93,943887,163,买盘
2728,13:18:37,57.94,34764,6,买盘
2729,13:18:40,57.99,150720,26,买盘
2730,13:18:42,57.95,5795,1,卖盘
2731,13:18:45,58.0,220400,38,买盘
2732,13:18:48,57.96,92792,16,中性盘
2733,13:18:51,57.96,23192,4,卖盘
2734,13:18:54,57.98,28990,5,中性盘
2735,13:18:57,57.97,98541,17,中性盘
2736,13:19:00,57.98,226133,39,买盘
2737,13:19:03,58.1,348333,60,买盘
2738,13:19:06,58.01,185811,32,中性盘
2739,13:19:09,58.01,150938,26,卖盘
2740,13:19:12,58.06,110217,19,中性盘
2741,13:19:15,58.01,290189,50,卖盘
2742,13:19:18,58.0,284408,49,卖盘
2743,13:19:21,58.02,116095,20,中性盘
2744,13:19:24,58.0,174018,30,卖盘
2745,13:19:28,58.04,633068,109,中性盘
2746,13:19:30,58.04,220576,38,卖盘
2747,13:19:33,58.1,69699,12,买盘
2748,13:19:36,58.05,139350,24,卖盘
2749,13:19:39,58.1,46464,8,买盘
2750,13:19:42,58.05,63865,11,卖盘
2751,13:19:45,58.1,580991,100,买盘
2752,13:19:48,58.06,284572,49,卖盘
2753,13:19:51,58.08,749471,129,中性盘
2754,13:19:54,58.06,220725,38,卖盘
2755,13:19:57,58.06,267260,46,卖盘
2756,13:20:00,58.1,354458,61,买盘
2757,13:20:03,58.15,98852,17,买盘
2758,13:20:06,58.16,383689,66,买盘
2759,13:20:09,58.12,122128,21,卖盘
2760,13:20:12,58.15,11630,2,卖盘
2761,13:20:15,58.15,570145,98,中性盘
2762,13:20:18,58.16,215162,37,买盘
2763,13:20:21,58.2,1472386,253,买盘
2764,13:20:25,58.2,916114,157,买盘
2765,13:20:27,58.17,349157,60,卖盘
2766,13:20:30,58.22,628577,108,买盘
2767,13:20:33,58.25,570793,98,买盘
2768,13:20:37,58.26,238784,41,买盘
2769,13:20:40,58.28,530260,91,买盘
2770,13:20:42,58.27,734300,126,卖盘
2771,13:20:45,58.27,530375,91,卖盘
2772,13:20:48,58.29,23316,4,中性盘
2773,13:20:51,58.3,682095,117,买盘
2774,13:20:54,58.28,792827,136,卖盘
2775,13:20:58,58.28,244793,42,卖盘
2776,13:21:01,58.28,990993,170,卖盘
2777,13:21:03,58.3,699599,120,买盘
2778,13:21:06,58.33,956398,164,买盘
2779,13:21:09,58.33,198272,34,买盘
2780,13:21:12,58.33,758199,130,买盘
2781,13:21:16,58.34,1796396,308,中性盘
2782,13:21:18,58.31,705401,121,中性盘
2783,13:21:21,58.28,244883,42,卖盘
2784,13:21:24,58.35,693927,119,买盘
2785,13:21:27,58.35,1207132,207,买盘
2786,13:21:30,58.29,344095,59,中性盘
2787,13:21:33,58.31,297561,51,中性盘
2788,13:21:36,58.31,379085,65,卖盘
2789,13:21:39,58.36,52527,9,买盘
2790,13:21:42,58.32,180902,31,卖盘
2791,13:21:46,58.39,922432,158,买盘
2792,13:21:48,58.36,175119,30,卖盘
2793,13:21:52,58.36,262641,45,卖盘
2794,13:21:54,58.36,250970,43,卖盘
2795,13:21:57,58.35,157540,27,中性盘
2796,13:22:00,58.36,122526,21,买盘
2797,13:22:03,58.35,75863,13,中性盘
2798,13:22:06,58.38,29182,5,买盘
2799,13:22:09,58.36,110891,19,卖盘
2800,13:22:13,58.38,204340,35,买盘
2801,13:22:15,58.39,210189,36,买盘
2802,13:22:18,58.4,356230,61,买盘
2803,13:22:21,58.4,484681,83,买盘
2804,13:22:24,58.4,443836,76,买盘
2805,13:22:27,58.41,110962,19,中性盘
2806,13:22:30,58.42,432307,74,买盘
2807,13:22:33,58.43,1198269,205,买盘
2808,13:22:37,58.42,321395,55,卖盘
2809,13:22:39,58.45,707595,121,中性盘
2810,13:22:42,58.45,192889,33,卖盘
2811,13:22:45,58.43,496834,85,中性盘
2812,13:22:48,58.46,853186,146,买盘
2813,13:22:51,58.46,560981,96,买盘
2814,13:22:54,58.43,426602,73,买盘
2815,13:22:57,58.44,268805,46,买盘
2816,13:23:00,58.45,1560330,267,买盘
2817,13:23:03,58.45,636866,109,卖盘
2818,13:23:06,58.45,3292855,563,买盘
2819,13:23:09,58.5,812719,139,买盘
2820,13:23:12,58.43,409091,70,卖盘
2821,13:23:16,58.49,356461,61,买盘
2822,13:23:18,58.49,105182,18,买盘
2823,13:23:21,58.48,280764,48,买盘
2824,13:23:24,58.49,70158,12,买盘
2825,13:23:27,58.5,356839,61,买盘
2826,13:23:30,58.51,531590,91,买盘
2827,13:23:33,58.52,339325,58,买盘
2828,13:23:36,58.5,117000,20,卖盘
2829,13:23:39,58.53,87790,15,买盘
2830,13:23:43,58.53,321932,55,卖盘
2831,13:23:45,58.53,585307,100,买盘
2832,13:23:48,58.53,240012,41,卖盘
2833,13:23:51,58.5,918796,157,卖盘
2834,13:23:55,58.48,2510247,429,卖盘
2835,13:23:57,58.5,883146,151,买盘
2836,13:24:00,58.46,327488,56,卖盘
2837,13:24:03,58.41,1006059,172,卖盘
2838,13:24:06,58.48,373977,64,买盘
2839,13:24:09,58.35,368543,63,卖盘
2840,13:24:12,58.34,326811,56,卖盘
2841,13:24:15,58.38,805215,138,中性盘
2842,13:24:19,58.36,1244074,213,买盘
2843,13:24:21,58.37,589665,101,中性盘
2844,13:24:24,58.37,531186,91,卖盘
2845,13:24:27,58.35,373761,64,卖盘
2846,13:24:30,58.4,309520,53,卖盘
2847,13:24:34,58.41,163534,28,买盘
2848,13:24:36,58.41,151842,26,买盘
2849,13:24:39,58.41,677556,116,买盘
2850,13:24:42,58.41,99303,17,卖盘
2851,13:24:45,58.31,2982785,511,卖盘
2852,13:24:48,58.32,1603708,275,中性盘
2853,13:24:51,58.37,658934,113,买盘
2854,13:24:54,58.32,793457,136,卖盘
2855,13:24:57,58.35,851579,146,中性盘
2856,13:25:00,58.25,846137,145,卖盘
2857,13:25:03,58.35,291605,50,买盘
2858,13:25:06,58.27,104971,18,卖盘
2859,13:25:10,58.35,215872,37,买盘
2860,13:25:12,58.33,139998,24,卖盘
2861,13:25:15,58.32,367391,63,卖盘
2862,13:25:18,58.26,186693,32,中性盘
2863,13:25:21,58.28,110773,19,卖盘
2864,13:25:24,58.33,93308,16,买盘
2865,13:25:28,58.38,116617,20,买盘
2866,13:25:30,58.37,40847,7,买盘
2867,13:25:33,58.38,356122,61,买盘
2868,13:25:36,58.44,87631,15,买盘
2869,13:25:40,58.39,192821,33,卖盘
2870,13:25:42,58.42,291953,50,买盘
2871,13:25:45,58.41,210257,36,买盘
2872,13:25:48,58.42,169416,29,买盘
2873,13:25:52,58.5,924093,158,买盘
2874,13:25:55,58.5,1088272,186,买盘
2875,13:25:57,58.49,690601,118,卖盘
2876,13:26:00,58.5,1381869,236,卖盘
2877,13:26:03,58.54,819113,140,买盘
2878,13:26:06,58.47,755166,129,卖盘
2879,13:26:09,58.5,561235,96,买盘
2880,13:26:12,58.5,596841,102,卖盘
2881,13:26:15,58.5,298440,51,买盘
2882,13:26:19,58.52,292575,50,买盘
2883,13:26:21,58.53,474099,81,买盘
2884,13:26:25,58.59,193272,33,买盘
2885,13:26:27,58.58,351535,60,中性盘
2886,13:26:30,58.6,111340,19,买盘
2887,13:26:33,58.59,861270,147,卖盘
2888,13:26:36,58.57,509682,87,卖盘
2889,13:26:39,58.58,697012,119,买盘
2890,13:26:42,58.56,585587,100,中性盘
2891,13:26:45,58.56,726206,124,卖盘
2892,13:26:48,58.59,913873,156,买盘
2893,13:26:51,58.59,656172,112,买盘
2894,13:26:54,58.59,720735,123,买盘
2895,13:26:57,58.59,1084056,185,卖盘
2896,13:27:00,58.6,1558552,266,买盘
2897,13:27:04,58.6,679732,116,买盘
2898,13:27:06,58.65,515784,88,买盘
2899,13:27:09,58.65,134847,23,买盘
2900,13:27:12,58.64,41048,7,卖盘
2901,13:27:15,58.64,164204,28,卖盘
2902,13:27:18,58.66,1102611,188,买盘
2903,13:27:21,58.65,445708,76,卖盘
2904,13:27:24,58.47,4872905,832,卖盘
2905,13:27:27,58.41,1478551,253,卖盘
2906,13:27:30,58.41,233420,40,买盘
2907,13:27:33,58.29,408230,70,卖盘
2908,13:27:36,58.4,431408,74,买盘
2909,13:27:39,58.37,116714,20,中性盘
2910,13:27:42,58.35,204158,35,买盘
2911,13:27:45,58.35,70014,12,买盘
2912,13:27:48,58.32,99150,17,卖盘
2913,13:27:51,58.33,204181,35,中性盘
2914,13:27:54,58.35,105008,18,买盘
2915,13:27:57,58.33,40831,7,卖盘
2916,13:28:00,58.34,1387971,238,买盘
2917,13:28:03,58.23,1112723,191,卖盘
2918,13:28:06,58.22,786088,135,卖盘
2919,13:28:09,58.23,471611,81,买盘
2920,13:28:12,58.22,52397,9,卖盘
2921,13:28:15,58.26,209657,36,买盘
2922,13:28:18,58.27,203878,35,买盘
2923,13:28:22,58.27,215578,37,买盘
2924,13:28:24,58.27,23306,4,买盘
2925,13:28:27,58.28,716650,123,买盘
2926,13:28:31,58.28,1043105,179,卖盘
2927,13:28:33,58.24,559117,96,卖盘
2928,13:28:36,58.24,465840,80,买盘
2929,13:28:39,58.24,180502,31,卖盘
2930,13:28:42,58.23,657939,113,中性盘
2931,13:28:46,58.25,302816,52,买盘
2932,13:28:48,58.25,151450,26,卖盘
2933,13:28:52,58.25,192225,33,卖盘
2934,13:28:54,58.23,815461,140,卖盘
2935,13:28:57,58.22,914193,157,卖盘
2936,13:29:00,58.17,232800,40,卖盘
2937,13:29:03,58.12,325712,56,卖盘
2938,13:29:06,58.12,98852,17,卖盘
2939,13:29:12,58.13,180194,31,买盘
2940,13:29:15,58.14,156954,27,买盘
2941,13:29:18,58.15,412898,71,买盘
2942,13:29:21,58.15,302526,52,卖盘
2943,13:29:25,58.17,122225,21,中性盘
2944,13:29:27,58.24,238733,41,买盘
2945,13:29:30,58.24,46595,8,卖盘
2946,13:29:33,58.24,157282,27,中性盘
2947,13:29:36,58.24,34944,6,卖盘
2948,13:29:40,58.25,203895,35,中性盘
2949,13:29:42,58.24,58245,10,卖盘
2950,13:29:45,58.27,174754,30,买盘
2951,13:29:48,58.28,151458,26,买盘
2952,13:29:51,58.29,110754,19,卖盘
2953,13:29:54,58.3,34977,6,买盘
2954,13:29:58,58.3,5830,1,买盘
2955,13:30:00,58.3,163270,28,卖盘
2956,13:30:03,58.3,75795,13,卖盘
2957,13:30:06,58.26,2208882,379,卖盘
2958,13:30:09,58.17,174586,30,卖盘
2959,13:30:12,58.18,506051,87,中性盘
2960,13:30:15,58.16,302532,52,卖盘
2961,13:30:18,58.2,1386519,238,买盘
2962,13:30:21,58.18,354930,61,卖盘
2963,13:30:25,58.18,192050,33,卖盘
2964,13:30:27,58.25,302785,52,买盘
2965,13:30:30,58.19,17457,3,卖盘
2966,13:30:33,58.19,285340,49,卖盘
2967,13:30:36,58.19,23276,4,卖盘
2968,13:30:39,58.23,390044,67,买盘
2969,13:30:42,58.21,244576,42,卖盘
2970,13:30:45,58.23,145596,25,中性盘
2971,13:30:49,58.25,110659,19,买盘
2972,13:30:51,58.27,139795,24,买盘
2973,13:30:54,58.25,238947,41,卖盘
2974,13:30:57,58.25,110684,19,卖盘
2975,13:31:00,58.28,116561,20,中性盘
2976,13:31:04,58.28,338079,58,卖盘
2977,13:31:07,58.28,11656,2,卖盘
2978,13:31:09,58.25,1351438,232,卖盘
2979,13:31:13,58.06,2952161,508,卖盘
2980,13:31:15,58.05,1631095,281,中性盘
2981,13:31:19,58.0,829503,143,卖盘
2982,13:31:21,58.05,388801,67,买盘
2983,13:31:25,58.03,877312,151,卖盘
2984,13:31:27,58.08,771947,133,买盘
2985,13:31:30,58.18,685997,118,买盘
2986,13:31:33,58.09,500254,86,中性盘
2987,13:31:36,58.1,342622,59,中性盘
2988,13:31:39,58.14,214892,37,中性盘
2989,13:31:43,58.14,87058,15,买盘
2990,13:31:46,58.14,487867,84,买盘
2991,13:31:49,58.16,784598,135,买盘
2992,13:31:51,58.15,197742,34,卖盘
2993,13:31:54,58.05,197632,34,卖盘
2994,13:31:58,58.15,92941,16,买盘
2995,13:32:00,58.15,46510,8,买盘
2996,13:32:03,58.16,104640,18,买盘
2997,13:32:06,58.15,87235,15,中性盘
2998,13:32:09,58.19,494475,85,买盘
2999,13:32:13,58.19,87282,15,卖盘
3000,13:32:15,58.22,448176,77,买盘
3001,13:32:19,58.24,320244,55,买盘
3002,13:32:21,58.23,98991,17,中性盘
3003,13:32:24,58.25,483421,83,买盘
3004,13:32:28,58.25,186400,32,买盘
3005,13:32:31,58.28,157309,27,买盘
3006,13:32:33,58.29,104914,18,买盘
3007,13:32:37,58.31,349763,60,买盘
3008,13:32:39,58.31,367273,63,买盘
3009,13:32:42,58.26,308926,53,卖盘
3010,13:32:45,58.3,564895,97,买盘
3011,13:32:48,58.26,454730,78,中性盘
3012,13:32:51,58.26,233163,40,卖盘
3013,13:32:54,58.26,186488,32,卖盘
3014,13:32:57,58.35,215689,37,买盘
3015,13:33:00,58.26,75797,13,卖盘
3016,13:33:03,58.33,104938,18,买盘
3017,13:33:06,58.28,52476,9,中性盘
3018,13:33:09,58.35,140033,24,买盘
3019,13:33:13,58.33,81670,14,卖盘
3020,13:33:15,58.29,780813,134,中性盘
3021,13:33:18,58.29,134067,23,卖盘
3022,13:33:21,58.37,175060,30,买盘
3023,13:33:24,58.35,641632,110,卖盘
3024,13:33:27,58.35,192396,33,买盘
3025,13:33:30,58.36,245077,42,买盘
3026,13:33:33,58.36,192578,33,买盘
3027,13:33:36,58.38,478479,82,买盘
3028,13:33:39,58.3,52470,9,中性盘
3029,13:33:42,58.38,332630,57,买盘
3030,13:33:45,58.38,239281,41,买盘
3031,13:33:48,58.44,175134,30,买盘
3032,13:33:51,58.44,169490,29,中性盘
3033,13:33:54,58.48,280683,48,买盘
3034,13:33:58,58.49,1082085,185,买盘
3035,13:34:00,58.49,648939,111,卖盘
3036,13:34:03,58.45,298311,51,中性盘
3037,13:34:06,58.49,450175,77,买盘
3038,13:34:09,58.34,180941,31,卖盘
3039,13:34:12,58.49,789707,135,买盘
3040,13:34:15,58.49,245658,42,卖盘
3041,13:34:18,58.39,128656,22,卖盘
3042,13:34:21,58.45,491021,84,买盘
3043,13:34:24,58.44,116810,20,中性盘
3044,13:34:27,58.46,99302,17,中性盘
3045,13:34:30,58.36,303983,52,卖盘
3046,13:34:33,58.47,192930,33,买盘
3047,13:34:36,58.45,421035,72,卖盘
3048,13:34:39,58.5,672592,115,买盘
3049,13:34:42,58.46,46759,8,卖盘
3050,13:34:45,58.46,397565,68,买盘
3051,13:34:49,58.46,198818,34,买盘
3052,13:34:51,58.46,58428,10,中性盘
3053,13:34:54,58.46,222276,38,卖盘
3054,13:34:57,58.5,146220,25,买盘
3055,13:35:00,58.47,64319,11,卖盘
3056,13:35:03,58.47,70139,12,买盘
3057,13:35:06,58.4,1004519,172,卖盘
3058,13:35:09,58.46,415193,71,买盘
3059,13:35:13,58.41,618897,106,中性盘
3060,13:35:15,58.41,257074,44,卖盘
3061,13:35:18,58.45,239679,41,买盘
3062,13:35:21,58.47,146138,25,买盘
3063,13:35:24,58.48,187123,32,买盘
3064,13:35:27,58.41,192871,33,卖盘
3065,13:35:30,58.41,17524,3,卖盘
3066,13:35:34,58.41,105186,18,卖盘
3067,13:35:36,58.47,70137,12,买盘
3068,13:35:39,58.43,46744,8,中性盘
3069,13:35:42,58.47,134466,23,买盘
3070,13:35:45,58.48,116939,20,买盘
3071,13:35:49,58.47,23390,4,中性盘
3072,13:35:51,58.45,175369,30,卖盘
3073,13:35:55,58.46,87700,15,中性盘
3074,13:35:57,58.47,81856,14,中性盘
3075,13:36:00,58.47,58473,10,买盘
3076,13:36:03,58.46,64312,11,卖盘
