,成交时间,成交价格,成交金额,成交量,性质
0,09:25:01,61.7,14129300,2290,买盘
1,09:30:01,63.0,941499,150,买盘
2,09:30:04,63.0,1047291,166,卖盘
3,09:30:07,63.0,2149615,341,卖盘
4,09:30:10,63.37,1128887,179,买盘
5,09:30:13,63.37,951004,150,卖盘
6,09:30:16,63.37,411912,65,卖盘
7,09:30:19,63.44,15662334,2480,中性盘
8,09:30:22,63.68,1093802,172,买盘
9,09:30:25,63.49,11137165,1756,卖盘
10,09:30:28,63.2,2455204,387,卖盘
11,09:30:31,63.68,3811922,600,买盘
12,09:30:34,63.2,4281013,677,卖盘
13,09:30:37,63.2,2290744,362,买盘
14,09:30:40,63.18,2117567,335,卖盘
15,09:30:43,63.22,5894453,930,买盘
16,09:30:46,63.18,1761258,278,卖盘
17,09:30:49,63.18,2583230,408,买盘
18,09:30:52,63.1,1061109,168,卖盘
19,09:30:55,63.04,1539247,244,卖盘
20,09:30:58,63.02,1027243,163,卖盘
21,09:31:01,63.1,4560007,723,买盘
22,09:31:04,63.09,7598354,1206,买盘
23,09:31:07,63.09,1596365,253,卖盘
24,09:31:10,63.09,568146,90,卖盘
25,09:31:13,63.07,712532,113,卖盘
26,09:31:16,63.07,4537851,720,买盘
27,09:31:19,62.95,883403,140,卖盘
28,09:31:22,62.88,572508,91,卖盘
29,09:31:25,62.95,1929547,307,买盘
30,09:31:28,62.83,924700,147,卖盘
31,09:31:31,63.09,5140473,816,买盘
32,09:31:34,63.15,1803975,286,买盘
33,09:31:37,63.22,694810,110,买盘
34,09:31:40,62.94,1122666,178,卖盘
35,09:31:43,62.89,680136,108,卖盘
36,09:31:46,63.06,1812679,288,买盘
37,09:31:49,62.92,1367349,217,卖盘
38,09:31:52,62.99,1380473,219,中性盘
39,09:31:55,63.06,1426485,226,卖盘
40,09:31:58,63.06,372097,59,卖盘
41,09:32:01,63.07,2625986,417,买盘
42,09:32:04,63.11,865663,137,中性盘
43,09:32:07,63.07,2404436,381,卖盘
44,09:32:10,63.18,479565,76,中性盘
45,09:32:13,63.0,1715815,272,卖盘
46,09:32:16,62.78,8394171,1336,卖盘
47,09:32:19,62.82,3739685,595,买盘
48,09:32:22,62.74,1344916,215,卖盘
49,09:32:25,62.74,1066601,170,买盘
50,09:32:28,62.69,658719,105,卖盘
51,09:32:31,62.69,3008325,481,买盘
52,09:32:34,62.55,1434146,229,卖盘
53,09:32:37,62.6,4491215,720,买盘
54,09:32:40,62.55,1050803,168,卖盘
55,09:32:43,62.45,993643,159,卖盘
56,09:32:46,62.45,910215,146,卖盘
57,09:32:49,62.23,711621,114,卖盘
58,09:32:52,62.18,1213092,195,卖盘
59,09:32:55,62.18,622231,100,卖盘
60,09:32:58,62.23,833403,134,买盘
61,09:33:01,62.18,1132293,182,卖盘
62,09:33:04,62.18,932779,150,卖盘
63,09:33:07,62.19,1574475,253,买盘
64,09:33:10,62.28,1599098,257,中性盘
65,09:33:13,62.19,1176179,189,卖盘
66,09:33:16,62.28,609791,98,买盘
67,09:33:19,62.19,1797976,289,卖盘
68,09:33:22,62.41,1985227,319,买盘
69,09:33:25,62.21,859607,138,卖盘
70,09:33:28,62.4,2189400,351,买盘
71,09:33:31,62.41,1622490,260,买盘
72,09:33:34,62.28,748021,120,卖盘
73,09:33:37,62.28,349081,56,卖盘
74,09:33:40,62.3,554906,89,中性盘
75,09:33:43,62.3,598583,96,卖盘
76,09:33:46,62.29,2055518,330,卖盘
77,09:33:49,62.29,242918,39,买盘
78,09:33:52,62.29,3416583,550,买盘
79,09:33:55,62.25,802942,129,中性盘
80,09:33:58,62.22,217824,35,卖盘
81,09:34:01,62.3,2080268,334,买盘
82,09:34:04,62.22,815963,131,卖盘
83,09:34:07,62.3,1487249,239,买盘
84,09:34:10,62.28,1711221,275,卖盘
85,09:34:13,62.27,1270280,204,中性盘
86,09:34:16,62.28,485838,78,买盘
87,09:34:19,62.19,2658741,427,卖盘
88,09:34:22,62.19,391917,63,买盘
89,09:34:25,62.12,1225198,197,卖盘
90,09:34:28,62.11,1435053,231,卖盘
91,09:34:31,62.04,819387,132,卖盘
92,09:34:34,62.01,669984,108,卖盘
93,09:34:37,62.01,1035872,167,卖盘
94,09:34:40,62.0,1178066,190,卖盘
95,09:34:43,61.92,551315,89,卖盘
96,09:34:46,61.91,637787,103,卖盘
97,09:34:49,61.9,1683615,272,卖盘
98,09:34:52,61.89,463973,75,中性盘
99,09:34:55,61.8,1582522,256,卖盘
100,09:34:58,61.79,784807,127,卖盘
101,09:35:01,61.71,722262,117,卖盘
102,09:35:04,61.7,820833,133,卖盘
103,09:35:07,61.7,1826349,296,卖盘
104,09:35:10,61.77,7528072,1219,买盘
105,09:35:13,61.7,3222472,522,卖盘
106,09:35:16,61.74,1388316,225,中性盘
107,09:35:19,61.7,1486920,241,中性盘
108,09:35:22,61.7,573832,93,卖盘
109,09:35:25,61.77,11559058,1873,买盘
110,09:35:28,61.87,2608461,422,买盘
111,09:35:31,61.73,1013587,164,卖盘
112,09:35:34,61.88,370910,60,买盘
113,09:35:37,61.87,198014,32,中性盘
114,09:35:40,61.87,383639,62,卖盘
115,09:35:43,61.84,1571141,254,卖盘
116,09:35:46,61.84,810296,131,卖盘
117,09:35:49,61.84,463807,75,买盘
118,09:35:52,61.85,272123,44,中性盘
119,09:35:55,61.87,507213,82,买盘
120,09:35:58,61.87,909360,147,卖盘
121,09:36:01,61.94,1689475,273,买盘
122,09:36:04,62.02,3145751,508,买盘
123,09:36:07,62.1,421957,68,买盘
124,09:36:10,62.1,614178,99,买盘
125,09:36:13,62.0,1022831,165,卖盘
126,09:36:16,61.98,247971,40,卖盘
127,09:36:19,62.0,1692528,273,买盘
128,09:36:22,62.06,675915,109,买盘
129,09:36:25,62.03,235628,38,买盘
130,09:36:28,62.03,260527,42,卖盘
131,09:36:31,62.04,260541,42,买盘
132,09:36:34,62.04,533524,86,买盘
133,09:36:37,62.02,787866,127,卖盘
134,09:36:40,61.99,1023033,165,卖盘
135,09:36:43,61.9,198189,32,卖盘
136,09:36:46,61.89,687657,111,卖盘
137,09:36:49,61.88,563299,91,卖盘
138,09:36:52,61.87,383662,62,卖盘
139,09:36:55,61.86,785680,127,卖盘
140,09:36:58,61.87,3144162,508,买盘
141,09:37:01,61.9,563355,91,买盘
142,09:37:04,61.9,2443740,395,卖盘
143,09:37:07,61.9,235268,38,卖盘
144,09:37:10,61.93,272424,44,中性盘
145,09:37:13,61.96,594972,96,买盘
146,09:37:16,61.98,440034,71,中性盘
147,09:37:19,61.98,291277,47,买盘
148,09:37:22,61.62,7304346,1182,卖盘
149,09:37:25,61.6,4319215,702,卖盘
150,09:37:28,61.59,1034097,168,中性盘
151,09:37:31,61.58,818891,133,中性盘
152,09:37:34,61.45,368826,60,卖盘
153,09:37:37,61.42,350200,57,卖盘
154,09:37:40,61.4,970198,158,卖盘
155,09:37:43,61.4,785911,128,卖盘
156,09:37:46,61.35,1184905,193,卖盘
157,09:37:49,61.35,914179,149,卖盘
158,09:37:52,61.45,2726038,444,买盘
159,09:37:55,61.59,805764,131,买盘
160,09:37:58,61.58,732149,119,中性盘
161,09:38:01,61.56,640528,104,中性盘
162,09:38:04,61.6,209381,34,中性盘
163,09:38:07,61.6,499108,81,卖盘
164,09:38:10,61.77,580016,94,买盘
165,09:38:13,61.92,860538,139,买盘
166,09:38:16,62.03,1084851,175,买盘
167,09:38:19,62.1,3061416,493,买盘
168,09:38:22,61.98,1662302,268,卖盘
169,09:38:25,61.97,297338,48,中性盘
170,09:38:28,61.87,421267,68,卖盘
171,09:38:31,62.02,1474760,238,买盘
172,09:38:34,61.89,644453,104,卖盘
173,09:38:37,61.97,773882,125,中性盘
174,09:38:40,61.9,278535,45,卖盘
175,09:38:43,62.04,427686,69,买盘
176,09:38:46,62.0,341082,55,卖盘
177,09:38:49,62.12,620636,100,买盘
178,09:38:52,62.17,316958,51,买盘
179,09:38:55,62.12,7822603,1263,卖盘
180,09:38:58,62.0,297908,48,卖盘
181,09:39:01,62.11,1422105,229,买盘
182,09:39:04,61.99,192192,31,中性盘
183,09:39:07,61.96,328495,53,中性盘
184,09:39:10,61.99,954592,154,买盘
185,09:39:13,62.03,173592,28,中性盘
186,09:39:16,62.0,198419,32,卖盘
187,09:39:19,62.02,514751,83,中性盘
188,09:39:22,62.05,310206,50,买盘
189,09:39:25,62.05,726019,117,卖盘
190,09:39:28,62.1,533773,86,买盘
191,09:39:31,62.1,1217325,196,中性盘
192,09:39:34,62.11,360219,58,中性盘
193,09:39:37,62.11,347790,56,卖盘
194,09:39:40,62.1,503000,81,卖盘
195,09:39:43,62.06,707817,114,卖盘
196,09:39:46,62.0,490251,79,卖盘
197,09:39:49,61.99,750319,121,卖盘
198,09:39:52,61.97,712011,115,卖盘
199,09:39:55,61.86,173330,28,卖盘
200,09:39:58,61.83,55658,9,卖盘
201,09:40:01,61.87,655571,106,买盘
202,09:40:04,61.86,266029,43,卖盘
203,09:40:07,61.86,767089,124,卖盘
204,09:40:10,61.87,439257,71,卖盘
205,09:40:13,61.93,266167,43,买盘
206,09:40:16,62.0,737585,119,买盘
207,09:40:19,61.83,928064,150,卖盘
208,09:40:22,61.7,1365169,221,卖盘
209,09:40:25,61.61,191230,31,卖盘
210,09:40:28,61.7,850303,138,买盘
211,09:40:31,61.61,1372805,223,中性盘
212,09:40:34,61.58,794033,129,卖盘
213,09:40:37,61.5,270642,44,卖盘
214,09:40:40,61.49,1088073,177,卖盘
215,09:40:43,61.39,1498160,244,卖盘
216,09:40:46,61.58,5260231,856,买盘
217,09:40:49,61.36,1161973,189,卖盘
218,09:40:52,61.49,670342,109,中性盘
219,09:40:55,61.49,338115,55,买盘
220,09:40:58,61.49,590265,96,买盘
221,09:41:01,61.49,884641,144,卖盘
222,09:41:04,61.54,1168940,190,买盘
223,09:41:07,61.59,781220,127,买盘
224,09:41:10,61.59,947832,154,买盘
225,09:41:13,61.59,135464,22,卖盘
226,09:41:16,61.6,504891,82,买盘
227,09:41:19,61.6,234085,38,卖盘
228,09:41:22,61.6,523543,85,卖盘
229,09:41:25,61.53,849898,138,卖盘
230,09:41:28,61.59,1354991,220,买盘
231,09:41:31,61.53,965669,157,买盘
232,09:41:34,61.52,73817,12,中性盘
233,09:41:37,61.5,332140,54,卖盘
234,09:41:40,61.5,651838,106,买盘
235,09:41:43,61.54,344408,56,买盘
236,09:41:46,61.6,338644,55,买盘
237,09:41:49,61.54,455844,74,卖盘
238,09:41:52,61.64,406582,66,买盘
239,09:41:55,61.53,350885,57,卖盘
240,09:41:58,61.52,73826,12,买盘
241,09:42:01,61.6,320238,52,买盘
242,09:42:04,61.61,474309,77,中性盘
243,09:42:07,61.64,1362370,221,买盘
244,09:42:10,61.61,283474,46,卖盘
245,09:42:13,61.69,234197,38,买盘
246,09:42:16,61.69,326809,53,买盘
247,09:42:19,61.67,1090873,177,买盘
248,09:42:22,61.65,468604,76,中性盘
249,09:42:25,61.66,215731,35,买盘
250,09:42:28,61.6,893717,145,卖盘
251,09:42:31,61.66,61659,10,卖盘
252,09:42:34,61.69,326851,53,买盘
253,09:42:37,61.72,191269,31,买盘
254,09:42:40,61.69,2644193,429,卖盘
255,09:42:43,61.7,838365,136,中性盘
256,09:42:46,61.61,191052,31,中性盘
257,09:42:49,61.62,191002,31,买盘
258,09:42:52,61.62,412892,67,买盘
259,09:42:55,61.61,258771,42,卖盘
260,09:42:58,61.58,548179,89,卖盘
261,09:43:01,61.55,357173,58,卖盘
262,09:43:04,61.55,166205,27,中性盘
263,09:43:07,61.57,190822,31,中性盘
264,09:43:10,61.55,141578,23,卖盘
265,09:43:13,61.54,369340,60,卖盘
266,09:43:16,61.54,332333,54,卖盘
267,09:43:19,61.5,787569,128,卖盘
268,09:43:22,61.43,2342723,381,卖盘
269,09:43:25,61.4,221065,36,卖盘
270,09:43:28,61.4,724204,118,卖盘
271,09:43:31,61.36,767208,125,卖盘
272,09:43:34,61.36,810256,132,卖盘
273,09:43:37,61.35,650352,106,卖盘
274,09:43:40,61.34,282238,46,卖盘
275,09:43:43,61.34,545974,89,卖盘
276,09:43:46,61.34,821853,134,卖盘
277,09:43:49,61.33,122663,20,中性盘
278,09:43:52,61.36,2999622,489,买盘
279,09:43:55,61.59,1660212,270,买盘
280,09:43:58,61.52,571955,93,卖盘
281,09:44:01,61.61,430993,70,买盘
282,09:44:04,61.6,2724704,443,中性盘
283,09:44:07,61.57,406404,66,中性盘
284,09:44:10,61.57,197062,32,卖盘
285,09:44:13,61.57,289413,47,卖盘
286,09:44:16,61.56,104660,17,卖盘
287,09:44:19,61.53,1015006,165,中性盘
288,09:44:22,61.53,412065,67,买盘
289,09:44:25,61.42,67574,11,卖盘
290,09:44:28,61.42,215002,35,买盘
291,09:44:31,61.44,509864,83,卖盘
292,09:44:34,61.44,479268,78,卖盘
293,09:44:37,61.45,828942,135,买盘
294,09:44:40,61.35,619970,101,卖盘
295,09:44:43,61.42,1080958,176,买盘
296,09:44:46,61.42,921363,150,卖盘
297,09:44:49,61.42,1308587,213,卖盘
298,09:44:52,61.4,92104,15,卖盘
299,09:44:55,61.36,319219,52,卖盘
300,09:44:58,61.35,104304,17,卖盘
301,09:45:01,61.34,503042,82,卖盘
302,09:45:04,61.34,668649,109,卖盘
303,09:45:07,61.3,962586,157,卖盘
304,09:45:10,61.3,2077901,339,卖盘
305,09:45:13,61.28,1127309,184,中性盘
306,09:45:16,61.26,1237424,202,中性盘
307,09:45:19,61.42,4692160,765,买盘
308,09:45:22,61.38,1196359,195,卖盘
309,09:45:25,61.3,312748,51,卖盘
310,09:45:28,61.28,827494,135,卖盘
311,09:45:31,61.29,778293,127,中性盘
312,09:45:34,61.29,1231289,201,卖盘
313,09:45:37,61.18,5800618,948,卖盘
314,09:45:40,61.19,1206493,197,中性盘
315,09:45:43,61.24,1022849,167,中性盘
316,09:45:46,61.32,1489410,243,买盘
317,09:45:49,61.43,1945714,317,买盘
318,09:45:52,61.36,1331725,217,卖盘
319,09:45:55,61.38,1331102,217,中性盘
320,09:45:58,61.42,220892,36,卖盘
321,09:46:01,61.4,208800,34,卖盘
322,09:46:04,61.37,669084,109,买盘
323,09:46:07,61.35,392721,64,卖盘
324,09:46:10,61.37,141140,23,买盘
325,09:46:13,61.34,515169,84,卖盘
326,09:46:16,61.35,306721,50,买盘
327,09:46:19,61.3,1361455,222,卖盘
328,09:46:22,61.38,509272,83,买盘
329,09:46:25,61.38,251658,41,卖盘
330,09:46:28,61.35,988209,161,卖盘
331,09:46:31,61.38,325091,53,买盘
332,09:46:34,61.31,177827,29,卖盘
333,09:46:37,61.43,3278337,534,买盘
334,09:46:40,61.43,515997,84,买盘
335,09:46:43,61.4,202705,33,卖盘
336,09:46:46,61.38,245586,40,卖盘
337,09:46:49,61.38,1719034,280,卖盘
338,09:46:52,61.3,2170237,354,卖盘
339,09:46:55,61.23,477905,78,卖盘
340,09:46:58,61.25,159266,26,中性盘
341,09:47:01,61.18,1499287,245,卖盘
342,09:47:04,61.17,556896,91,中性盘
343,09:47:07,61.16,409875,67,卖盘
344,09:47:10,61.14,666582,109,卖盘
345,09:47:13,61.11,342351,56,卖盘
346,09:47:16,61.1,238363,39,卖盘
347,09:47:19,61.07,549885,90,卖盘
348,09:47:22,61.05,604490,99,卖盘
349,09:47:25,61.05,16107107,2640,卖盘
350,09:47:28,61.04,1483393,243,卖盘
351,09:47:31,61.11,7005201,1147,买盘
352,09:47:34,61.16,2964807,485,买盘
353,09:47:37,61.16,580933,95,卖盘
354,09:47:40,61.17,440691,72,买盘
355,09:47:43,61.23,1077594,176,中性盘
356,09:47:46,61.29,281600,46,中性盘
357,09:47:49,61.24,189852,31,卖盘
358,09:47:52,61.24,434768,71,买盘
359,09:47:55,61.24,434778,71,买盘
360,09:47:58,61.2,195841,32,卖盘
361,09:48:01,61.2,532384,87,买盘
362,09:48:04,61.18,220289,36,卖盘
363,09:48:07,61.22,2038858,333,买盘
364,09:48:10,61.24,1101644,180,中性盘
365,09:48:13,61.24,881468,144,卖盘
366,09:48:16,61.24,624690,102,买盘
367,09:48:19,61.24,251074,41,卖盘
368,09:48:22,61.24,128594,21,卖盘
369,09:48:25,61.24,575536,94,买盘
370,09:48:28,61.24,863397,141,买盘
371,09:48:31,61.24,796098,130,买盘
372,09:48:34,61.24,287823,47,卖盘
373,09:48:37,61.25,404189,66,卖盘
374,09:48:40,61.25,281733,46,买盘
375,09:48:43,61.3,772087,126,买盘
376,09:48:46,61.33,871060,142,买盘
377,09:48:49,61.4,589351,96,买盘
378,09:48:52,61.45,399241,65,买盘
379,09:48:55,61.48,756346,123,中性盘
380,09:48:58,61.5,49195,8,中性盘
381,09:49:01,61.57,264644,43,买盘
382,09:49:04,61.58,166212,27,买盘
383,09:49:07,61.57,344739,56,买盘
384,09:49:10,61.52,215347,35,中性盘
385,09:49:13,61.57,627620,102,买盘
386,09:49:16,61.57,972789,158,卖盘
387,09:49:19,61.51,615683,100,卖盘
388,09:49:22,61.51,276786,45,卖盘
389,09:49:25,61.54,597081,97,中性盘
390,09:49:28,61.6,529297,86,买盘
391,09:49:31,61.55,941092,153,中性盘
392,09:49:34,61.55,160045,26,卖盘
393,09:49:37,61.55,424817,69,买盘
394,09:49:40,61.56,357074,58,中性盘
395,09:49:43,61.56,166270,27,卖盘
396,09:49:46,61.6,301766,49,买盘
397,09:49:49,61.6,221770,36,卖盘
398,09:49:52,61.56,1785850,290,卖盘
399,09:49:55,61.35,7352652,1196,卖盘
400,09:49:58,61.3,355560,58,卖盘
401,09:50:01,61.3,177748,29,买盘
402,09:50:04,61.22,863659,141,卖盘
403,09:50:07,61.2,783560,128,卖盘
404,09:50:10,61.18,232707,38,卖盘
405,09:50:13,61.17,238571,39,卖盘
406,09:50:16,61.08,586959,96,卖盘
407,09:50:19,61.15,378710,62,买盘
408,09:50:22,61.07,403001,66,卖盘
409,09:50:25,61.02,641115,105,卖盘
410,09:50:28,61.02,225765,37,买盘
411,09:50:31,61.01,237993,39,卖盘
412,09:50:34,61.01,628492,103,卖盘
413,09:50:37,61.01,280643,46,卖盘
414,09:50:40,61.01,1250808,205,买盘
415,09:50:43,61.01,1586117,260,卖盘
416,09:50:46,61.01,536931,88,卖盘
417,09:50:49,61.0,707675,116,卖盘
418,09:50:52,61.02,207434,34,买盘
419,09:50:55,61.0,451419,74,卖盘
420,09:50:58,61.01,268419,44,买盘
421,09:51:01,61.0,732035,120,卖盘
422,09:51:04,61.06,958299,157,买盘
423,09:51:07,61.09,610973,100,中性盘
424,09:51:10,61.2,1223557,200,买盘
425,09:51:13,61.26,196082,32,中性盘
426,09:51:16,61.29,1647247,269,买盘
427,09:51:19,61.28,373949,61,中性盘
428,09:51:22,61.41,116544,19,买盘
429,09:51:25,61.27,337101,55,卖盘
430,09:51:28,61.28,355351,58,中性盘
431,09:51:31,61.2,195947,32,卖盘
432,09:51:34,61.18,201929,33,卖盘
433,09:51:37,61.21,379368,62,买盘
434,09:51:40,61.18,91786,15,卖盘
435,09:51:43,61.18,42832,7,卖盘
436,09:51:46,61.21,116285,19,买盘
437,09:51:49,61.2,159130,26,卖盘
438,09:51:52,61.2,318247,52,卖盘
439,09:51:55,61.18,587476,96,卖盘
440,09:51:58,61.16,336389,55,卖盘
441,09:52:01,61.13,189567,31,卖盘
442,09:52:04,61.08,672223,110,卖盘
443,09:52:07,61.08,2894340,474,买盘
444,09:52:10,61.11,476578,78,中性盘
445,09:52:13,61.11,910901,149,卖盘
446,09:52:16,61.11,910765,149,卖盘
447,09:52:19,61.2,464647,76,买盘
448,09:52:22,61.13,134584,22,卖盘
449,09:52:25,61.13,24452,4,卖盘
450,09:52:28,61.13,159059,26,卖盘
451,09:52:31,61.21,391723,64,买盘
452,09:52:34,61.21,36726,6,卖盘
453,09:52:37,61.24,251012,41,买盘
454,09:52:40,61.22,110215,18,卖盘
455,09:52:46,61.22,48976,8,卖盘
456,09:52:49,61.28,545042,89,买盘
457,09:52:52,61.35,465971,76,买盘
458,09:52:55,61.37,325144,53,中性盘
459,09:52:58,61.4,1184953,193,买盘
460,09:53:01,61.41,257922,42,买盘
461,09:53:04,61.46,165813,27,买盘
462,09:53:07,61.41,2465246,401,卖盘
463,09:53:10,61.45,251943,41,卖盘
464,09:53:13,61.45,497449,81,买盘
465,09:53:16,61.41,233343,38,卖盘
466,09:53:19,61.44,128968,21,买盘
467,09:53:22,61.38,98217,16,卖盘
468,09:53:25,61.41,386892,63,买盘
469,09:53:28,61.39,356254,58,中性盘
470,09:53:31,61.37,128880,21,卖盘
471,09:53:34,61.28,190153,31,卖盘
472,09:53:37,61.33,190002,31,买盘
473,09:53:40,61.37,239179,39,买盘
474,09:53:43,61.44,263998,43,买盘
475,09:53:46,61.37,165700,27,卖盘
476,09:53:49,61.39,153443,25,买盘
477,09:53:52,61.37,245524,40,卖盘
478,09:53:55,61.39,288495,47,买盘
479,09:53:58,61.37,214883,35,卖盘
480,09:54:01,61.41,147369,24,中性盘
481,09:54:04,61.42,73687,12,买盘
482,09:54:07,61.45,565265,92,买盘
483,09:54:10,61.56,504622,82,买盘
484,09:54:13,61.6,2242338,364,买盘
485,09:54:16,61.75,900833,146,买盘
486,09:54:19,61.6,363749,59,卖盘
487,09:54:22,61.79,574150,93,买盘
488,09:54:25,61.78,358171,58,中性盘
489,09:54:28,61.77,166817,27,中性盘
490,09:54:31,61.78,740930,120,买盘
491,09:54:34,61.6,2833684,459,卖盘
492,09:54:37,61.76,160491,26,卖盘
493,09:54:40,61.75,685137,111,中性盘
494,09:54:43,61.6,382410,62,卖盘
495,09:54:46,61.74,197385,32,买盘
496,09:54:49,61.68,172741,28,中性盘
497,09:54:52,61.76,574431,93,买盘
498,09:54:55,61.8,141953,23,买盘
499,09:54:58,61.76,160431,26,买盘
500,09:55:01,61.7,123459,20,卖盘
501,09:55:04,61.76,166715,27,买盘
502,09:55:07,61.76,567942,92,买盘
503,09:55:10,61.76,117344,19,买盘
504,09:55:13,61.76,117318,19,买盘
505,09:55:16,61.68,752821,122,卖盘
506,09:55:19,61.68,845922,137,卖盘
507,09:55:22,61.64,43169,7,卖盘
508,09:55:25,61.59,1874851,304,卖盘
509,09:55:28,61.5,694950,113,卖盘
510,09:55:31,61.5,602967,98,卖盘
511,09:55:34,61.47,92193,15,卖盘
512,09:55:37,61.46,190370,31,中性盘
513,09:55:40,61.4,153485,25,中性盘
514,09:55:43,61.38,301031,49,卖盘
515,09:55:46,61.47,215012,35,买盘
516,09:55:49,61.39,159623,26,中性盘
517,09:55:52,61.38,116617,19,卖盘
518,09:55:55,61.39,601799,98,中性盘
519,09:55:58,61.4,442477,72,卖盘
520,09:56:01,61.54,535367,87,买盘
521,09:56:04,61.57,227524,37,买盘
522,09:56:07,61.65,308239,50,买盘
523,09:56:10,61.76,222293,36,买盘
524,09:56:13,61.89,451613,73,买盘
525,09:56:16,61.7,531997,86,卖盘
526,09:56:19,61.84,501632,81,买盘
527,09:56:22,61.84,582455,94,卖盘
528,09:56:25,61.79,346376,56,卖盘
529,09:56:28,61.88,1070144,173,买盘
530,09:56:31,61.86,1299046,210,中性盘
531,09:56:34,61.91,600382,97,买盘
532,09:56:37,61.86,607105,98,卖盘
533,09:56:40,61.92,346450,56,买盘
534,09:56:43,61.8,1003973,162,卖盘
535,09:56:46,62.0,514409,83,中性盘
536,09:56:49,62.04,409127,66,中性盘
537,09:56:52,61.84,315814,51,卖盘
538,09:56:55,61.98,365335,59,买盘
539,09:56:58,61.9,594844,96,中性盘
540,09:57:01,62.0,148678,24,买盘
541,09:57:04,62.06,489894,79,买盘
542,09:57:07,61.96,253966,41,中性盘
543,09:57:10,62.0,854446,138,买盘
544,09:57:13,61.96,433815,70,中性盘
545,09:57:16,61.96,105332,17,买盘
546,09:57:19,61.99,824394,133,买盘
547,09:57:22,61.96,142459,23,卖盘
548,09:57:25,61.96,86691,14,买盘
549,09:57:28,61.96,508162,82,买盘
550,09:57:31,61.95,167158,27,买盘
551,09:57:34,61.86,2500140,404,中性盘
552,09:57:37,61.82,259759,42,卖盘
553,09:57:40,61.79,432744,70,卖盘
554,09:57:43,61.82,86491,14,买盘
555,09:57:46,61.76,30877,5,中性盘
556,09:57:49,61.69,67879,11,卖盘
557,09:57:52,61.68,1178050,191,卖盘
558,09:57:55,61.67,24668,4,卖盘
559,09:57:58,61.67,18489,3,买盘
560,09:58:01,61.6,141811,23,卖盘
561,09:58:04,61.69,450117,73,买盘
562,09:58:07,61.57,80054,13,卖盘
563,09:58:10,61.58,172427,28,买盘
564,09:58:13,61.58,61580,10,买盘
565,09:58:16,61.57,73879,12,卖盘
566,09:58:19,61.58,18474,3,卖盘
567,09:58:22,61.56,197018,32,中性盘
568,09:58:25,61.55,43071,7,中性盘
569,09:58:28,61.5,147620,24,卖盘
570,09:58:31,61.6,572660,93,买盘
571,09:58:34,61.6,363472,59,卖盘
572,09:58:37,61.67,123313,20,买盘
573,09:58:40,61.6,2833635,460,卖盘
574,09:58:43,61.6,4035720,655,卖盘
575,09:58:46,61.57,160068,26,卖盘
576,09:58:49,61.57,49244,8,买盘
577,09:58:52,61.52,61508,10,中性盘
578,09:58:55,61.6,480106,78,买盘
579,09:58:58,61.57,172430,28,卖盘
580,09:59:01,61.55,646300,105,卖盘
581,09:59:04,61.55,486261,79,卖盘
582,09:59:07,61.57,67722,11,买盘
583,09:59:10,61.57,671173,109,买盘
584,09:59:13,61.57,43099,7,卖盘
585,09:59:16,61.51,929404,151,卖盘
586,09:59:19,61.5,153750,25,卖盘
587,09:59:22,61.46,258287,42,卖盘
588,09:59:25,61.45,67623,11,卖盘
589,09:59:28,61.45,98315,16,卖盘
590,09:59:31,61.45,405748,66,买盘
591,09:59:34,61.46,141443,23,买盘
592,09:59:37,61.5,86114,14,中性盘
593,09:59:40,61.52,209313,34,卖盘
594,09:59:43,61.57,30785,5,卖盘
595,09:59:46,61.5,24609,4,卖盘
596,09:59:49,61.5,147589,24,卖盘
597,09:59:52,61.54,203175,33,中性盘
598,09:59:55,61.6,387939,63,买盘
599,09:59:58,61.6,886691,144,买盘
600,10:00:01,61.72,1035252,168,买盘
601,10:00:04,61.59,659253,107,中性盘
602,10:00:07,61.69,560716,91,中性盘
603,10:00:10,61.72,345501,56,买盘
604,10:00:13,61.7,129576,21,中性盘
605,10:00:16,61.69,111047,18,卖盘
606,10:00:19,61.68,80192,13,卖盘
607,10:00:22,61.66,80158,13,中性盘
608,10:00:25,61.63,18491,3,卖盘
609,10:00:28,61.61,258776,42,卖盘
610,10:00:31,61.57,18471,3,卖盘
611,10:00:34,61.57,1409378,229,卖盘
612,10:00:37,61.49,147611,24,卖盘
613,10:00:40,61.51,24606,4,中性盘
614,10:00:43,61.5,178321,29,买盘
615,10:00:46,61.58,806015,131,买盘
616,10:00:49,61.58,295590,48,卖盘
617,10:00:52,61.59,36949,6,买盘
618,10:00:55,61.58,197011,32,卖盘
619,10:00:58,61.45,141457,23,卖盘
620,10:01:01,61.41,141360,23,卖盘
621,10:01:04,61.37,356115,58,卖盘
622,10:01:07,61.36,312996,51,卖盘
623,10:01:10,61.36,1453265,237,买盘
624,10:01:13,61.36,220861,36,买盘
625,10:01:16,61.37,294581,48,卖盘
626,10:01:19,61.38,73648,12,买盘
627,10:01:22,61.38,128883,21,买盘
628,10:01:25,61.4,202565,33,买盘
629,10:01:28,61.37,2000668,326,卖盘
630,10:01:31,61.37,331376,54,中性盘
631,10:01:34,61.37,686851,112,买盘
632,10:01:37,61.32,61305,10,中性盘
633,10:01:40,61.34,159525,26,中性盘
634,10:01:43,61.32,24530,4,卖盘
635,10:01:46,61.31,36787,6,卖盘
636,10:01:49,61.3,429175,70,卖盘
637,10:01:52,61.3,67434,11,卖盘
638,10:01:55,61.35,557943,91,买盘
639,10:01:58,61.37,171747,28,中性盘
640,10:02:01,61.39,208654,34,买盘
641,10:02:04,61.42,343798,56,买盘
642,10:02:07,61.43,153585,25,中性盘
643,10:02:10,61.55,258260,42,买盘
644,10:02:13,61.52,43060,7,中性盘
645,10:02:16,61.45,405669,66,卖盘
646,10:02:19,61.45,30735,5,卖盘
647,10:02:22,61.44,399455,65,卖盘
648,10:02:25,61.44,43008,7,卖盘
649,10:02:28,61.46,190467,31,买盘
650,10:02:31,61.42,79866,13,卖盘
651,10:02:34,61.42,270263,44,卖盘
652,10:02:37,61.42,116667,19,买盘
653,10:02:40,61.39,92117,15,卖盘
654,10:02:43,61.39,55266,9,卖盘
655,10:02:46,61.4,104364,17,中性盘
656,10:02:49,61.38,55253,9,中性盘
657,10:02:52,61.37,73653,12,卖盘
658,10:02:55,61.35,134997,22,卖盘
659,10:02:58,61.35,239294,39,买盘
660,10:03:01,61.34,42938,7,卖盘
661,10:03:04,61.33,55200,9,卖盘
662,10:03:07,61.3,349453,57,卖盘
663,10:03:10,61.3,171646,28,卖盘
664,10:03:13,61.3,55170,9,卖盘
665,10:03:16,61.3,232941,38,卖盘
666,10:03:19,61.3,134877,22,卖盘
667,10:03:22,61.29,61293,10,卖盘
668,10:03:25,61.28,159372,26,卖盘
669,10:03:28,61.27,349297,57,卖盘
670,10:03:31,61.27,116420,19,卖盘
671,10:03:34,61.28,202206,33,买盘
672,10:03:37,61.25,49000,8,卖盘
673,10:03:40,61.25,594316,97,卖盘
674,10:03:43,61.25,18375,3,卖盘
675,10:03:46,61.3,263533,43,买盘
676,10:03:49,61.25,85768,14,卖盘
677,10:03:52,61.28,30638,5,中性盘
678,10:03:55,61.28,49016,8,卖盘
679,10:03:58,61.25,42876,7,卖盘
680,10:04:01,61.25,61256,10,卖盘
681,10:04:04,61.25,159254,26,卖盘
682,10:04:07,61.25,61250,10,卖盘
683,10:04:10,61.25,104124,17,买盘
684,10:04:13,61.25,134740,22,卖盘
685,10:04:16,61.23,361427,59,卖盘
686,10:04:19,61.35,882922,144,买盘
687,10:04:22,61.3,331084,54,卖盘
688,10:04:25,61.31,110342,18,中性盘
689,10:04:28,61.34,717180,117,买盘
690,10:04:31,61.34,67465,11,买盘
691,10:04:34,61.27,73544,12,卖盘
692,10:04:37,61.27,6127,1,卖盘
693,10:04:40,61.31,287980,47,买盘
694,10:04:43,61.28,36773,6,中性盘
695,10:04:46,61.28,73552,12,卖盘
696,10:04:49,61.26,134786,22,卖盘
697,10:04:52,61.26,324686,53,卖盘
698,10:04:55,61.25,189892,31,卖盘
699,10:04:58,61.22,3514952,574,卖盘
700,10:05:01,61.2,2252604,368,卖盘
701,10:05:04,61.19,201923,33,卖盘
702,10:05:07,61.15,232397,38,卖盘
703,10:05:10,61.07,4866078,796,卖盘
704,10:05:13,61.06,122141,20,卖盘
705,10:05:16,61.01,927726,152,卖盘
706,10:05:19,61.02,61015,10,中性盘
707,10:05:22,61.0,420982,69,卖盘
708,10:05:25,61.0,854060,140,卖盘
709,10:05:28,61.0,1238316,203,卖盘
710,10:05:31,61.01,402621,66,买盘
711,10:05:34,61.01,439215,72,买盘
712,10:05:37,61.02,1683670,276,买盘
713,10:05:40,61.0,963849,158,卖盘
714,10:05:43,61.0,402619,66,卖盘
715,10:05:46,60.98,4489475,736,卖盘
716,10:05:49,61.0,1006071,165,买盘
717,10:05:52,60.97,774346,127,卖盘
718,10:05:55,60.98,1560811,256,买盘
719,10:05:58,60.93,176713,29,卖盘
720,10:06:01,60.9,670021,110,卖盘
721,10:06:04,60.9,188810,31,卖盘
722,10:06:07,60.89,219221,36,卖盘
723,10:06:10,60.94,1431780,235,买盘
724,10:06:13,60.9,304558,50,卖盘
725,10:06:16,60.94,18282,3,买盘
726,10:06:19,60.92,213243,35,中性盘
727,10:06:22,60.94,773679,127,买盘
728,10:06:25,61.01,2982041,489,买盘
729,10:06:28,61.03,488116,80,买盘
730,10:06:31,61.03,97633,16,买盘
731,10:06:34,61.04,927683,152,买盘
732,10:06:37,61.03,170911,28,卖盘
733,10:06:40,61.05,183126,30,买盘
734,10:06:43,61.06,207571,34,买盘
735,10:06:46,61.07,152674,25,买盘
736,10:06:49,61.08,73275,12,中性盘
737,10:06:52,61.07,500711,82,卖盘
738,10:06:55,61.04,610555,100,卖盘
739,10:06:58,61.08,1356343,222,买盘
740,10:07:01,61.07,140467,23,中性盘
741,10:07:04,61.06,195362,32,中性盘
742,10:07:07,61.07,274794,45,买盘
743,10:07:10,61.08,134366,22,买盘
744,10:07:13,61.08,311498,51,买盘
745,10:07:16,61.16,18335,3,买盘
746,10:07:19,61.08,128268,21,卖盘
747,10:07:22,61.08,103842,17,卖盘
748,10:07:25,61.11,36666,6,中性盘
749,10:07:28,61.08,256542,42,卖盘
750,10:07:31,61.08,598676,98,卖盘
751,10:07:34,61.07,213779,35,卖盘
752,10:07:37,61.07,183217,30,卖盘
753,10:07:40,61.06,171000,28,卖盘
754,10:07:43,61.06,152630,25,买盘
755,10:07:46,61.06,500622,82,买盘
756,10:07:49,61.06,97693,16,买盘
757,10:07:52,61.01,1709513,280,卖盘
758,10:07:55,61.03,152549,25,中性盘
759,10:07:58,61.0,67110,11,卖盘
760,10:08:01,61.02,30509,5,买盘
761,10:08:04,61.03,1563078,256,买盘
762,10:08:07,61.05,353997,58,中性盘
763,10:08:10,61.05,476198,78,卖盘
764,10:08:13,61.05,54941,9,买盘
765,10:08:16,61.05,36630,6,买盘
766,10:08:19,61.05,647114,106,买盘
767,10:08:22,61.1,934805,153,买盘
768,10:08:25,61.09,109978,18,卖盘
769,10:08:28,61.07,207641,34,卖盘
770,10:08:31,61.08,128263,21,买盘
771,10:08:34,61.09,280950,46,买盘
772,10:08:37,61.07,61076,10,卖盘
773,10:08:40,61.09,85526,14,买盘
774,10:08:43,61.09,152710,25,卖盘
775,10:08:46,61.1,61095,10,买盘
776,10:08:49,61.08,226033,37,卖盘
777,10:08:52,61.1,48875,8,买盘
778,10:08:55,61.09,256586,42,卖盘
779,10:08:58,61.08,85515,14,卖盘
780,10:09:01,61.09,189364,31,买盘
781,10:09:04,61.08,103839,17,中性盘
782,10:09:07,61.07,177123,29,卖盘
783,10:09:10,61.08,458092,75,买盘
784,10:09:13,61.06,690000,113,卖盘
785,10:09:16,61.06,97712,16,卖盘
786,10:09:19,61.07,177065,29,买盘
787,10:09:22,61.01,579895,95,卖盘
788,10:09:25,61.03,30525,5,卖盘
789,10:09:28,61.07,286997,47,买盘
790,10:09:31,61.03,347718,57,中性盘
791,10:09:34,61.05,1918141,314,中性盘
792,10:09:37,61.15,12220,2,中性盘
793,10:09:40,61.07,299237,49,卖盘
794,10:09:43,61.07,48879,8,卖盘
795,10:09:46,61.14,232355,38,买盘
796,10:09:49,61.14,146762,24,卖盘
797,10:09:52,61.08,30564,5,卖盘
798,10:09:55,61.16,85610,14,买盘
799,10:09:58,61.18,513789,84,买盘
800,10:10:01,61.19,281381,46,买盘
801,10:10:04,61.26,3773069,616,买盘
802,10:10:07,61.24,447209,73,卖盘
803,10:10:10,61.26,416558,68,买盘
804,10:10:13,61.28,183748,30,买盘
805,10:10:16,61.27,79657,13,买盘
806,10:10:19,61.27,104151,17,买盘
807,10:10:22,61.27,367631,60,卖盘
808,10:10:25,61.28,306544,50,卖盘
809,10:10:28,61.31,539450,88,中性盘
810,10:10:31,61.32,147161,24,中性盘
811,10:10:34,61.35,417005,68,买盘
812,10:10:37,61.35,36810,6,卖盘
813,10:10:40,61.35,282237,46,卖盘
814,10:10:43,61.37,214778,35,买盘
815,10:10:46,61.36,67496,11,买盘
816,10:10:49,61.35,177944,29,卖盘
817,10:10:52,61.35,269962,44,卖盘
818,10:10:55,61.37,79759,13,买盘
819,10:10:58,61.37,98192,16,买盘
820,10:11:01,61.37,67510,11,卖盘
821,10:11:04,61.38,159588,26,买盘
822,10:11:07,61.38,208691,34,买盘
823,10:11:10,61.38,116623,19,卖盘
824,10:11:13,61.36,558487,91,卖盘
825,10:11:16,61.4,816473,133,买盘
826,10:11:19,61.38,67525,11,卖盘
827,10:11:22,61.4,270160,44,买盘
828,10:11:25,61.42,12284,2,买盘
829,10:11:28,61.43,497466,81,买盘
830,10:11:31,61.42,36847,6,买盘
831,10:11:34,61.42,98263,16,买盘
832,10:11:37,61.41,405218,66,卖盘
833,10:11:40,61.41,73681,12,买盘
834,10:11:43,61.42,147407,24,买盘
835,10:11:46,61.43,178139,29,买盘
836,10:11:49,61.4,159702,26,卖盘
837,10:11:52,61.38,49114,8,卖盘
838,10:11:55,61.38,18414,3,卖盘
839,10:11:58,61.38,141184,23,卖盘
840,10:12:01,61.36,116608,19,卖盘
841,10:12:04,61.35,128840,21,卖盘
842,10:12:07,61.33,184048,30,卖盘
843,10:12:10,61.32,141084,23,卖盘
844,10:12:13,61.35,202389,33,买盘
845,10:12:16,61.32,184050,30,卖盘
846,10:12:19,61.33,6133,1,卖盘
847,10:12:22,61.33,122660,20,卖盘
848,10:12:25,61.3,1354767,221,卖盘
849,10:12:28,61.34,404716,66,买盘
850,10:12:31,61.32,318936,52,卖盘
851,10:12:34,61.3,18393,3,卖盘
852,10:12:37,61.32,30660,5,卖盘
853,10:12:40,61.33,245248,40,买盘
854,10:12:43,61.32,73582,12,中性盘
855,10:12:46,61.31,24525,4,卖盘
856,10:12:49,61.3,361675,59,卖盘
857,10:12:52,61.3,190030,31,卖盘
858,10:12:55,61.26,153246,25,卖盘
859,10:12:58,61.3,159332,26,买盘
860,10:13:01,61.3,251287,41,买盘
861,10:13:04,61.38,926026,151,买盘
862,10:13:07,61.37,319143,52,卖盘
863,10:13:10,61.37,362084,59,卖盘
864,10:13:13,61.37,411246,67,卖盘
865,10:13:16,61.43,165808,27,买盘
866,10:13:19,61.51,227500,37,买盘
867,10:13:22,61.52,104575,17,买盘
868,10:13:25,61.54,215477,35,中性盘
869,10:13:28,61.57,480199,78,中性盘
870,10:13:31,61.58,92359,15,中性盘
871,10:13:34,61.53,283188,46,卖盘
872,10:13:37,61.51,36906,6,卖盘
873,10:13:40,61.51,122975,20,卖盘
874,10:13:43,61.49,24599,4,中性盘
875,10:13:46,61.49,221357,36,买盘
876,10:13:49,61.44,122880,20,卖盘
877,10:13:52,61.44,86013,14,买盘
878,10:13:55,61.43,73717,12,卖盘
879,10:13:58,61.38,98242,16,卖盘
880,10:14:01,61.38,42968,7,卖盘
881,10:14:04,61.39,165751,27,买盘
882,10:14:07,61.39,116659,19,卖盘
883,10:14:10,61.39,622371,101,卖盘
884,10:14:13,61.4,18423,3,卖盘
885,10:14:16,61.39,190327,31,卖盘
886,10:14:19,61.39,214865,35,卖盘
887,10:14:22,61.39,411401,67,卖盘
888,10:14:25,61.4,202621,33,买盘
889,10:14:28,61.4,104366,17,买盘
890,10:14:31,61.4,122800,20,买盘
891,10:14:34,61.4,343836,56,买盘
892,10:14:37,61.4,18420,3,卖盘
893,10:14:40,61.41,79833,13,买盘
894,10:14:43,61.41,104397,17,卖盘
895,10:14:46,61.4,42982,7,卖盘
896,10:14:52,61.4,85971,14,卖盘
897,10:14:55,61.42,356194,58,买盘
898,10:14:58,61.41,67551,11,卖盘
899,10:15:01,61.4,55261,9,卖盘
900,10:15:04,61.36,998461,163,卖盘
901,10:15:07,61.35,92027,15,卖盘
902,10:15:10,61.33,36798,6,卖盘
903,10:15:13,61.34,116529,19,中性盘
904,10:15:16,61.33,214662,35,卖盘
905,10:15:19,61.34,18401,3,买盘
906,10:15:22,61.34,177880,29,买盘
907,10:15:25,61.35,12269,2,买盘
908,10:15:28,61.33,73604,12,卖盘
909,10:15:31,61.29,1692585,276,卖盘
910,10:15:34,61.28,36788,6,卖盘
911,10:15:37,61.28,98057,16,卖盘
912,10:15:40,61.28,122563,20,卖盘
913,10:15:43,61.25,49017,8,卖盘
914,10:15:46,61.25,128637,21,卖盘
915,10:15:49,61.26,49011,8,中性盘
916,10:15:52,61.23,79631,13,卖盘
917,10:15:55,61.26,79648,13,买盘
918,10:15:58,61.26,73503,12,买盘
919,10:16:01,61.26,226644,37,买盘
920,10:16:04,61.25,30629,5,卖盘
921,10:16:07,61.25,110242,18,买盘
922,10:16:10,61.24,171447,28,卖盘
923,10:16:13,61.21,281587,46,卖盘
924,10:16:16,61.18,660994,108,卖盘
925,10:16:19,61.21,1107764,181,买盘
926,10:16:22,61.22,183642,30,中性盘
927,10:16:25,61.37,2022350,330,买盘
928,10:16:28,61.29,472338,77,中性盘
929,10:16:31,61.3,324855,53,中性盘
930,10:16:34,61.3,61304,10,卖盘
931,10:16:37,61.34,12268,2,买盘
932,10:16:40,61.34,637872,104,买盘
933,10:16:43,61.38,141105,23,买盘
934,10:16:46,61.39,79777,13,买盘
935,10:16:49,61.34,196315,32,卖盘
936,10:16:52,61.33,6133,1,卖盘
937,10:16:55,61.34,42952,7,中性盘
938,10:16:58,61.34,325102,53,卖盘
939,10:17:01,61.34,196318,32,买盘
940,10:17:04,61.32,190132,31,卖盘
941,10:17:07,61.32,128772,21,卖盘
942,10:17:10,61.32,128774,21,卖盘
943,10:17:13,61.33,226901,37,买盘
944,10:17:16,61.29,300384,49,卖盘
945,10:17:19,61.29,30643,5,买盘
946,10:17:22,61.2,1549030,253,卖盘
947,10:17:28,61.26,48982,8,买盘
948,10:17:31,61.22,36732,6,中性盘
949,10:17:34,61.22,97960,16,卖盘
950,10:17:37,61.22,140829,23,卖盘
951,10:17:40,61.22,177559,29,卖盘
952,10:17:43,61.22,514358,84,卖盘
953,10:17:46,61.22,73462,12,卖盘
954,10:17:49,61.22,36729,6,中性盘
955,10:17:52,61.2,367210,60,卖盘
956,10:17:55,61.2,440641,72,卖盘
957,10:17:58,61.21,342764,56,买盘
958,10:18:01,61.2,293772,48,卖盘
959,10:18:04,61.18,85654,14,卖盘
960,10:18:07,61.16,61158,10,卖盘
961,10:18:10,61.16,97861,16,买盘
962,10:18:13,61.18,79512,13,买盘
963,10:18:16,61.16,140668,23,卖盘
964,10:18:19,61.15,354727,58,卖盘
965,10:18:22,61.15,177354,29,卖盘
966,10:18:25,61.15,48920,8,卖盘
967,10:18:28,61.15,36692,6,卖盘
968,10:18:31,61.15,183460,30,买盘
969,10:18:34,61.15,269060,44,卖盘
970,10:18:37,61.15,226239,37,卖盘
971,10:18:40,61.15,122299,20,卖盘
972,10:18:43,61.16,269058,44,买盘
973,10:18:46,61.15,525893,86,中性盘
974,10:18:49,61.15,250691,41,买盘
975,10:18:52,61.13,1300655,213,卖盘
976,10:18:55,61.15,122269,20,买盘
977,10:18:58,61.1,195468,32,卖盘
978,10:19:01,61.15,366902,60,买盘
979,10:19:04,61.1,1696052,278,中性盘
980,10:19:07,61.12,244346,40,中性盘
981,10:19:10,61.1,30550,5,卖盘
982,10:19:13,61.05,403073,66,卖盘
983,10:19:16,61.08,513112,84,买盘
984,10:19:19,61.09,42770,7,中性盘
985,10:19:22,61.11,134432,22,买盘
986,10:19:25,61.12,152766,25,买盘
987,10:19:28,61.1,788395,129,卖盘
988,10:19:31,61.1,268940,44,卖盘
989,10:19:34,61.1,42770,7,卖盘
990,10:19:37,61.16,12227,2,买盘
991,10:19:40,61.12,36672,6,卖盘
992,10:19:43,61.15,305754,50,中性盘
993,10:19:46,61.13,30566,5,中性盘
994,10:19:49,61.15,67255,11,买盘
995,10:19:52,61.18,526028,86,买盘
996,10:19:55,61.19,605818,99,买盘
997,10:19:58,61.22,440708,72,买盘
998,10:20:01,61.23,195982,32,中性盘
999,10:20:04,61.25,79627,13,中性盘
1000,10:20:07,61.26,281785,46,买盘
1001,10:20:10,61.24,12248,2,卖盘
1002,10:20:13,61.24,202128,33,卖盘
1003,10:20:16,61.25,275647,45,买盘
1004,10:20:19,61.27,159301,26,买盘
1005,10:20:22,61.27,36762,6,卖盘
1006,10:20:25,61.25,679942,111,卖盘
1007,10:20:28,61.23,263284,43,卖盘
1008,10:20:31,61.25,587932,96,买盘
1009,10:20:34,61.2,55086,9,卖盘
1010,10:20:37,61.23,140788,23,买盘
1011,10:20:40,61.23,67338,11,买盘
1012,10:20:43,61.22,293804,48,卖盘
1013,10:20:46,61.22,91829,15,买盘
1014,10:20:49,61.22,306123,50,买盘
1015,10:20:52,61.25,318389,52,买盘
1016,10:20:55,61.26,563533,92,买盘
1017,10:20:58,61.29,165453,27,中性盘
1018,10:21:01,61.32,208423,34,买盘
1019,10:21:04,61.21,569678,93,卖盘
1020,10:21:10,61.3,24520,4,买盘
1021,10:21:13,61.3,85819,14,买盘
1022,10:21:16,61.22,453698,74,卖盘
1023,10:21:19,61.22,18372,3,卖盘
1024,10:21:22,61.22,637237,104,卖盘
1025,10:21:25,61.22,30610,5,卖盘
1026,10:21:28,61.22,42851,7,买盘
1027,10:21:31,61.21,42847,7,卖盘
1028,10:21:34,61.19,214201,35,卖盘
1029,10:21:37,61.16,24470,4,卖盘
1030,10:21:40,61.15,36690,6,卖盘
1031,10:21:43,61.15,110070,18,卖盘
1032,10:21:46,61.13,30571,5,卖盘
1033,10:21:49,61.1,458429,75,卖盘
1034,10:21:52,61.11,91665,15,买盘
1035,10:21:55,61.11,134441,22,卖盘
1036,10:21:58,61.11,293297,48,买盘
1037,10:22:01,61.1,42771,7,卖盘
1038,10:22:04,61.1,238285,39,卖盘
1039,10:22:07,61.09,305460,50,卖盘
1040,10:22:10,61.09,250472,41,卖盘
1041,10:22:13,61.09,79418,13,卖盘
1042,10:22:16,61.09,30544,5,买盘
1043,10:22:19,61.08,79413,13,卖盘
1044,10:22:22,61.06,36640,6,卖盘
1045,10:22:25,61.08,73286,12,买盘
1046,10:22:28,61.07,116036,19,卖盘
1047,10:22:31,61.07,164889,27,卖盘
1048,10:22:34,61.1,696367,114,买盘
1049,10:22:37,61.06,158781,26,卖盘
1050,10:22:40,61.07,262604,43,买盘
1051,10:22:43,61.01,531118,87,卖盘
1052,10:22:46,61.07,12214,2,中性盘
1053,10:22:49,61.06,85489,14,卖盘
1054,10:22:55,61.05,128183,21,中性盘
1055,10:22:58,61.01,274680,45,卖盘
1056,10:23:01,61.14,2450019,401,买盘
1057,10:23:04,61.21,464912,76,买盘
1058,10:23:07,61.2,189744,31,卖盘
1059,10:23:10,61.22,1187046,194,买盘
1060,10:23:13,61.19,134620,22,中性盘
1061,10:23:16,61.19,79545,13,买盘
1062,10:23:19,61.17,446709,73,卖盘
1063,10:23:22,61.14,61152,10,卖盘
1064,10:23:25,61.15,207878,34,买盘
1065,10:23:28,61.15,79495,13,卖盘
1066,10:23:31,61.15,770692,126,买盘
1067,10:23:34,61.21,342707,56,买盘
1068,10:23:37,61.23,30610,5,买盘
1069,10:23:40,61.24,128573,21,买盘
1070,10:23:43,61.25,91847,15,买盘
1071,10:23:46,61.26,263401,43,买盘
1072,10:23:49,61.27,122526,20,买盘
1073,10:23:52,61.25,79640,13,卖盘
1074,10:23:55,61.26,30630,5,卖盘
1075,10:23:58,61.26,12252,2,买盘
1076,10:24:01,61.25,91880,15,卖盘
1077,10:24:04,61.26,490046,80,买盘
1078,10:24:07,61.27,177668,29,买盘
1079,10:24:10,61.28,324737,53,买盘
1080,10:24:13,61.27,79646,13,买盘
1081,10:24:16,61.3,202228,33,买盘
1082,10:24:19,61.31,18393,3,买盘
1083,10:24:22,61.3,61300,10,卖盘
1084,10:24:25,61.3,140996,23,卖盘
1085,10:24:28,61.3,196166,32,卖盘
1086,10:24:31,61.31,220684,36,买盘
1087,10:24:34,61.31,85809,14,买盘
1088,10:24:37,61.31,30655,5,买盘
1089,10:24:40,61.29,134844,22,买盘
1090,10:24:43,61.27,91905,15,卖盘
1091,10:24:46,61.29,122570,20,买盘
1092,10:24:49,61.27,49030,8,卖盘
1093,10:24:52,61.28,202254,33,中性盘
1094,10:24:55,61.23,624802,102,卖盘
1095,10:24:58,61.25,55111,9,买盘
1096,10:25:01,61.24,208162,34,中性盘
1097,10:25:04,61.22,61220,10,中性盘
1098,10:25:07,61.22,165302,27,卖盘
1099,10:25:10,61.23,171444,28,买盘
1100,10:25:13,61.24,483755,79,买盘
1101,10:25:16,61.22,73464,12,卖盘
1102,10:25:19,61.22,477584,78,买盘
1103,10:25:22,61.23,220425,36,买盘
1104,10:25:25,61.23,422487,69,卖盘
1105,10:25:28,61.22,563395,92,卖盘
1106,10:25:31,61.22,110199,18,买盘
1107,10:25:34,61.22,48976,8,买盘
1108,10:25:37,61.23,495754,81,中性盘
1109,10:25:40,61.26,796107,130,买盘
1110,10:25:43,61.25,36755,6,卖盘
1111,10:25:46,61.22,73465,12,卖盘
1112,10:25:49,61.23,91845,15,买盘
1113,10:25:52,61.22,189782,31,中性盘
1114,10:25:55,61.22,373447,61,买盘
1115,10:25:58,61.25,618628,101,买盘
1116,10:26:01,61.32,1459154,238,买盘
1117,10:26:04,61.31,104263,17,卖盘
1118,10:26:07,61.36,67499,11,买盘
1119,10:26:10,61.38,92070,15,买盘
1120,10:26:13,61.39,208773,34,买盘
1121,10:26:16,61.45,460669,75,买盘
1122,10:26:19,61.45,208935,34,买盘
1123,10:26:22,61.49,73761,12,买盘
1124,10:26:25,61.5,209075,34,买盘
1125,10:26:28,61.5,86099,14,买盘
1126,10:26:31,61.61,400089,65,买盘
1127,10:26:34,61.6,135530,22,卖盘
1128,10:26:37,61.6,880887,143,卖盘
1129,10:26:40,61.61,548303,89,买盘
1130,10:26:43,61.61,363782,59,卖盘
1131,10:26:46,61.62,1034970,168,买盘
1132,10:26:49,61.62,320471,52,卖盘
1133,10:26:52,61.63,437474,71,买盘
1134,10:26:55,61.64,338955,55,买盘
1135,10:26:58,61.64,80132,13,卖盘
1136,10:27:01,61.64,30828,5,卖盘
1137,10:27:04,61.64,524159,85,卖盘
1138,10:27:07,61.64,110939,18,买盘
1139,10:27:10,61.64,61633,10,买盘
1140,10:27:13,61.61,745757,121,卖盘
1141,10:27:16,61.52,80056,13,卖盘
1142,10:27:19,61.51,147594,24,中性盘
1143,10:27:22,61.5,79944,13,买盘
1144,10:27:25,61.49,36888,6,中性盘
1145,10:27:28,61.48,12296,2,卖盘
1146,10:27:31,61.46,202822,33,卖盘
1147,10:27:34,61.41,1222586,199,卖盘
1148,10:27:37,61.39,263977,43,卖盘
1149,10:27:40,61.4,571036,93,买盘
1150,10:27:43,61.4,264013,43,中性盘
1151,10:27:46,61.39,497330,81,卖盘
1152,10:27:49,61.41,423744,69,买盘
1153,10:27:52,61.5,922062,150,买盘
1154,10:27:55,61.5,159927,26,卖盘
1155,10:28:01,61.5,326049,53,中性盘
1156,10:28:04,61.55,350976,57,卖盘
1157,10:28:07,61.56,837717,136,买盘
1158,10:28:10,61.6,80075,13,中性盘
1159,10:28:13,61.57,73907,12,卖盘
1160,10:28:16,61.6,147837,24,买盘
1161,10:28:19,61.61,234121,38,买盘
1162,10:28:22,61.64,314290,51,买盘
1163,10:28:25,61.63,24651,4,中性盘
1164,10:28:28,61.7,277450,45,买盘
1165,10:28:31,61.68,123366,20,中性盘
1166,10:28:34,61.69,74035,12,卖盘
1167,10:28:37,61.7,172760,28,买盘
1168,10:28:40,61.7,117229,19,卖盘
1169,10:28:43,61.7,246856,40,买盘
1170,10:28:46,61.7,67876,11,买盘
1171,10:28:49,61.7,37020,6,卖盘
1172,10:28:52,61.69,265327,43,卖盘
1173,10:28:55,61.74,104946,17,买盘
1174,10:28:58,61.71,67919,11,中性盘
1175,10:29:01,61.71,148087,24,买盘
1176,10:29:04,61.7,215953,35,卖盘
1177,10:29:07,61.71,308482,50,买盘
1178,10:29:10,61.7,123406,20,中性盘
1179,10:29:13,61.71,296205,48,买盘
1180,10:29:16,61.71,111074,18,买盘
1181,10:29:19,61.71,111070,18,买盘
1182,10:29:22,61.73,277709,45,买盘
1183,10:29:25,61.74,500093,81,买盘
1184,10:29:28,61.72,2307837,374,卖盘
1185,10:29:31,61.67,191221,31,卖盘
1186,10:29:34,61.66,228259,37,中性盘
1187,10:29:37,61.64,55476,9,卖盘
1188,10:29:40,61.65,228202,37,卖盘
1189,10:29:43,61.66,172648,28,买盘
1190,10:29:46,61.66,252820,41,卖盘
1191,10:29:49,61.66,6166,1,卖盘
1192,10:29:52,61.66,67826,11,卖盘
1193,10:29:55,61.66,326830,53,卖盘
1194,10:29:58,61.66,332966,54,卖盘
1195,10:30:01,61.68,234376,38,买盘
1196,10:30:07,61.75,956814,155,买盘
1197,10:30:10,61.78,197586,32,买盘
1198,10:30:13,61.77,321261,52,卖盘
1199,10:30:16,61.76,166801,27,卖盘
1200,10:30:19,61.81,55609,9,买盘
1201,10:30:22,61.83,160650,26,买盘
1202,10:30:25,61.83,74196,12,卖盘
1203,10:30:28,61.83,216409,35,卖盘
1204,10:30:31,61.85,371026,60,买盘
1205,10:30:34,61.84,30920,5,卖盘
1206,10:30:37,61.85,668023,108,买盘
1207,10:30:40,61.95,253689,41,买盘
1208,10:30:43,61.89,160900,26,买盘
1209,10:30:46,61.95,86659,14,买盘
1210,10:30:49,61.96,235419,38,买盘
1211,10:30:52,61.92,92891,15,卖盘
1212,10:30:55,61.95,247795,40,买盘
1213,10:30:58,61.9,371521,60,卖盘
1214,10:31:01,61.92,37154,6,中性盘
1215,10:31:04,61.9,495494,80,卖盘
1216,10:31:07,61.89,420892,68,卖盘
1217,10:31:10,61.86,878295,142,卖盘
1218,10:31:13,61.82,3234210,523,卖盘
1219,10:31:16,61.8,86511,14,中性盘
1220,10:31:19,61.71,519013,84,卖盘
1221,10:31:22,61.69,647813,105,卖盘
1222,10:31:25,61.65,400865,65,卖盘
1223,10:31:28,61.61,135541,22,卖盘
1224,10:31:31,61.61,92401,15,买盘
1225,10:31:34,61.6,80082,13,买盘
1226,10:31:37,61.64,425099,69,买盘
1227,10:31:40,61.62,831400,135,中性盘
1228,10:31:43,61.59,449630,73,卖盘
1229,10:31:46,61.59,203236,33,买盘
1230,10:31:49,61.56,43094,7,卖盘
1231,10:31:52,61.59,86209,14,买盘
1232,10:31:55,61.6,197070,32,买盘
1233,10:31:58,61.57,98513,16,中性盘
1234,10:32:01,61.56,49250,8,卖盘
1235,10:32:04,61.6,455676,74,买盘
1236,10:32:07,61.56,351043,57,卖盘
1237,10:32:10,61.58,80058,13,卖盘
1238,10:32:13,61.62,6162,1,买盘
1239,10:32:16,61.59,24645,4,中性盘
1240,10:32:19,61.57,55425,9,卖盘
1241,10:32:22,61.58,714270,116,买盘
1242,10:32:25,61.6,12320,2,卖盘
1243,10:32:28,61.59,129308,21,中性盘
1244,10:32:31,61.58,104685,17,中性盘
1245,10:32:34,61.58,61582,10,卖盘
1246,10:32:37,61.58,30790,5,买盘
1247,10:32:40,61.59,357182,58,买盘
1248,10:32:43,61.6,234026,38,买盘
1249,10:32:46,61.61,320464,52,买盘
1250,10:32:49,61.63,135578,22,中性盘
1251,10:32:52,61.62,123290,20,卖盘
1252,10:32:55,61.65,123264,20,买盘
1253,10:32:58,61.65,117133,19,买盘
1254,10:33:01,61.64,277382,45,中性盘
1255,10:33:04,61.64,209561,34,买盘
1256,10:33:07,61.63,55466,9,卖盘
1257,10:33:10,61.63,258830,42,买盘
1258,10:33:13,61.64,117107,19,买盘
1259,10:33:16,61.64,141732,23,买盘
1260,10:33:19,61.63,55474,9,卖盘
1261,10:33:22,61.63,86291,14,卖盘
1262,10:33:25,61.63,751636,122,卖盘
1263,10:33:28,61.61,110890,18,卖盘
1264,10:33:31,61.61,221734,36,买盘
1265,10:33:34,61.62,227990,37,买盘
1266,10:33:37,61.6,135537,22,卖盘
1267,10:33:40,61.6,129351,21,中性盘
1268,10:33:43,61.61,227931,37,买盘
1269,10:33:46,61.59,18477,3,卖盘
1270,10:33:49,61.59,104701,17,卖盘
1271,10:33:52,61.59,197087,32,买盘
1272,10:33:55,61.6,277147,45,买盘
1273,10:33:58,61.6,36960,6,卖盘
1274,10:34:01,61.61,221768,36,买盘
1275,10:34:04,61.61,30805,5,买盘
1276,10:34:07,61.61,86246,14,买盘
1277,10:34:10,61.61,61609,10,买盘
1278,10:34:13,61.6,326490,53,卖盘
1279,10:34:16,61.61,1238342,201,买盘
1280,10:34:19,61.61,160186,26,买盘
1281,10:34:22,61.74,1960481,318,买盘
1282,10:34:25,61.62,111025,18,卖盘
1283,10:34:28,61.74,12348,2,中性盘
1284,10:34:31,61.66,351503,57,卖盘
1285,10:34:34,61.68,37014,6,卖盘
1286,10:34:37,61.74,43218,7,买盘
1287,10:34:40,61.7,179018,29,卖盘
1288,10:34:43,61.7,123400,20,买盘
1289,10:34:46,61.7,55530,9,卖盘
1290,10:34:49,61.7,160420,26,卖盘
1291,10:34:52,61.69,129572,21,卖盘
1292,10:34:55,61.7,129555,21,买盘
1293,10:34:58,61.69,259096,42,卖盘
1294,10:35:01,61.69,228243,37,买盘
1295,10:35:04,61.68,43182,7,卖盘
1296,10:35:07,61.7,394863,64,买盘
1297,10:35:10,61.7,450325,73,买盘
1298,10:35:13,61.67,12334,2,卖盘
1299,10:35:16,61.71,49358,8,买盘
1300,10:35:19,61.65,18500,3,卖盘
1301,10:35:22,61.69,43186,7,中性盘
1302,10:35:25,61.7,246770,40,买盘
1303,10:35:28,61.67,6167,1,卖盘
1304,10:35:31,61.65,24660,4,卖盘
1305,10:35:34,61.64,172597,28,中性盘
1306,10:35:37,61.64,147864,24,买盘
1307,10:35:40,61.64,172588,28,买盘
1308,10:35:43,61.6,191060,31,卖盘
1309,10:35:46,61.64,36982,6,买盘
1310,10:35:49,61.64,178740,29,买盘
1311,10:35:52,61.64,92448,15,买盘
1312,10:35:55,61.61,129382,21,卖盘
1313,10:35:58,61.62,30810,5,买盘
1314,10:36:01,61.61,117060,19,卖盘
1315,10:36:04,61.62,6162,1,买盘
1316,10:36:07,61.61,92425,15,卖盘
1317,10:36:10,61.62,449821,73,买盘
1318,10:36:13,61.63,492920,80,买盘
1319,10:36:19,61.62,147887,24,买盘
1320,10:36:22,61.62,172536,28,买盘
1321,10:36:25,61.61,86261,14,卖盘
1322,10:36:28,61.61,18483,3,卖盘
1323,10:36:31,61.62,98585,16,买盘
1324,10:36:34,61.61,129370,21,卖盘
1325,10:36:37,61.59,4114959,668,卖盘
1326,10:36:40,61.58,67742,11,卖盘
1327,10:36:43,61.59,2758788,448,买盘
1328,10:36:46,61.57,1237751,201,卖盘
1329,10:36:49,61.53,203110,33,卖盘
1330,10:36:52,61.52,12304,2,卖盘
1331,10:36:55,61.51,202959,33,卖盘
1332,10:36:58,61.5,30750,5,卖盘
1333,10:37:01,61.49,215218,35,卖盘
1334,10:37:04,61.48,73780,12,卖盘
1335,10:37:07,61.45,381203,62,卖盘
1336,10:37:10,61.42,6142,1,卖盘
1337,10:37:13,61.4,18420,3,卖盘
1338,10:37:16,61.39,896330,146,卖盘
1339,10:37:19,61.38,1031383,168,卖盘
1340,10:37:22,61.4,411312,67,买盘
1341,10:37:25,61.33,141096,23,卖盘
1342,10:37:28,61.31,288240,47,卖盘
1343,10:37:31,61.31,98096,16,卖盘
1344,10:37:34,61.31,147146,24,卖盘
1345,10:37:37,61.31,61304,10,买盘
1346,10:37:40,61.3,61305,10,卖盘
1347,10:37:43,61.33,643826,105,买盘
1348,10:37:46,61.31,190063,31,卖盘
1349,10:37:49,61.31,220716,36,卖盘
1350,10:37:52,61.33,533510,87,买盘
1351,10:37:55,61.35,558271,91,买盘
1352,10:37:58,61.35,184063,30,卖盘
1353,10:38:01,61.36,42952,7,中性盘
1354,10:38:04,61.36,98176,16,卖盘
1355,10:38:07,61.36,12272,2,卖盘
1356,10:38:10,61.35,98168,16,卖盘
1357,10:38:13,61.36,306840,50,买盘
1358,10:38:16,61.36,61355,10,买盘
1359,10:38:19,61.36,128835,21,买盘
1360,10:38:22,61.36,6136,1,买盘
1361,10:38:25,61.35,128829,21,买盘
1362,10:38:28,61.34,245384,40,卖盘
1363,10:38:31,61.34,134940,22,买盘
1364,10:38:34,61.33,91990,15,卖盘
1365,10:38:37,61.33,36798,6,买盘
1366,10:38:40,61.34,110399,18,买盘
1367,10:38:43,61.32,190085,31,中性盘
1368,10:38:46,61.31,85836,14,卖盘
1369,10:38:49,61.31,134886,22,卖盘
1370,10:38:52,61.32,42922,7,买盘
1371,10:38:55,61.31,269796,44,卖盘
1372,10:38:58,61.31,373994,61,卖盘
1373,10:39:01,61.31,300393,49,卖盘
1374,10:39:04,61.31,104216,17,买盘
1375,10:39:07,61.31,275879,45,买盘
1376,10:39:10,61.31,79703,13,卖盘
1377,10:39:13,61.32,116491,19,买盘
1378,10:39:16,61.3,196184,32,卖盘
1379,10:39:19,61.3,232953,38,卖盘
1380,10:39:22,61.3,73566,12,卖盘
1381,10:39:25,61.31,85824,14,买盘
1382,10:39:28,61.31,398453,65,买盘
1383,10:39:31,61.3,159385,26,卖盘
1384,10:39:34,61.31,18393,3,买盘
1385,10:39:37,61.31,116472,19,买盘
1386,10:39:40,61.3,24520,4,卖盘
1387,10:39:43,61.31,306514,50,买盘
1388,10:39:46,61.31,527219,86,买盘
1389,10:39:49,61.31,67431,11,买盘
1390,10:39:52,61.31,177773,29,买盘
1391,10:39:55,61.31,300421,49,买盘
1392,10:39:58,61.31,539491,88,卖盘
1393,10:40:01,61.3,147123,24,卖盘
1394,10:40:04,61.26,992982,162,卖盘
1395,10:40:07,61.26,42876,7,买盘
1396,10:40:10,61.23,293904,48,卖盘
1397,10:40:13,61.23,183690,30,卖盘
1398,10:40:16,61.21,300001,49,卖盘
1399,10:40:19,61.16,159060,26,卖盘
1400,10:40:22,61.12,299637,49,卖盘
1401,10:40:25,61.11,201682,33,卖盘
1402,10:40:28,61.1,122217,20,卖盘
1403,10:40:31,61.1,287175,47,卖盘
1404,10:40:34,61.14,262864,43,买盘
1405,10:40:37,61.14,79465,13,卖盘
1406,10:40:40,61.11,73340,12,卖盘
1407,10:40:43,61.1,427710,70,卖盘
1408,10:40:46,61.07,317644,52,卖盘
1409,10:40:49,61.07,91618,15,卖盘
1410,10:40:52,61.06,525111,86,卖盘
1411,10:40:55,61.02,628786,103,卖盘
1412,10:40:58,61.01,146428,24,卖盘
1413,10:41:01,61.01,183038,30,卖盘
1414,10:41:04,61.03,305068,50,买盘
1415,10:41:07,61.08,3059336,501,买盘
1416,10:41:10,61.1,415636,68,中性盘
1417,10:41:13,61.09,97763,16,卖盘
1418,10:41:16,61.13,978317,160,买盘
1419,10:41:19,61.2,140624,23,买盘
1420,10:41:22,61.2,122353,20,买盘
1421,10:41:25,61.22,458966,75,买盘
1422,10:41:28,61.23,128565,21,买盘
1423,10:41:31,61.23,183686,30,买盘
1424,10:41:34,61.23,134734,22,卖盘
1425,10:41:37,61.23,195947,32,卖盘
1426,10:41:40,61.24,146949,24,买盘
1427,10:41:43,61.24,1053463,172,买盘
1428,10:41:46,61.32,2636058,430,买盘
1429,10:41:49,61.32,367990,60,中性盘
1430,10:41:52,61.32,67455,11,卖盘
1431,10:41:55,61.35,122672,20,买盘
1432,10:41:58,61.36,61353,10,买盘
1433,10:42:01,61.38,288398,47,买盘
1434,10:42:04,61.39,49109,8,买盘
1435,10:42:07,61.37,30690,5,卖盘
1436,10:42:10,61.36,276121,45,卖盘
1437,10:42:13,61.33,134967,22,卖盘
1438,10:42:16,61.35,24540,4,中性盘
1439,10:42:19,61.36,30679,5,买盘
1440,10:42:22,61.35,24542,4,卖盘
1441,10:42:25,61.38,147288,24,买盘
1442,10:42:28,61.41,362205,59,买盘
1443,10:42:31,61.43,12285,2,买盘
1444,10:42:34,61.43,18427,3,买盘
1445,10:42:37,61.43,104403,17,买盘
1446,10:42:40,61.43,153552,25,买盘
1447,10:42:43,61.43,61430,10,买盘
1448,10:42:46,61.42,165765,27,中性盘
1449,10:42:49,61.39,49125,8,卖盘
1450,10:42:52,61.41,18423,3,买盘
1451,10:42:55,61.4,67541,11,卖盘
1452,10:42:58,61.41,36846,6,买盘
1453,10:43:01,61.42,67560,11,买盘
1454,10:43:04,61.43,159718,26,买盘
1455,10:43:07,61.42,423889,69,卖盘
1456,10:43:10,61.43,116701,19,买盘
1457,10:43:13,61.43,24572,4,买盘
1458,10:43:16,61.5,590389,96,买盘
1459,10:43:19,61.44,215216,35,卖盘
1460,10:43:22,61.45,36865,6,中性盘
1461,10:43:25,61.46,61455,10,买盘
1462,10:43:28,61.5,184456,30,买盘
1463,10:43:34,61.43,73754,12,卖盘
1464,10:43:37,61.48,55291,9,买盘
1465,10:43:40,61.52,461252,75,买盘
1466,10:43:43,61.44,393919,64,卖盘
1467,10:43:46,61.45,30725,5,卖盘
1468,10:43:49,61.47,43029,7,卖盘
1469,10:43:52,61.48,424464,69,买盘
1470,10:43:55,61.48,49205,8,卖盘
1471,10:43:58,61.48,61479,10,卖盘
1472,10:44:01,61.48,18444,3,买盘
1473,10:44:04,61.48,79924,13,买盘
1474,10:44:07,61.47,252042,41,卖盘
1475,10:44:10,61.47,98352,16,卖盘
1476,10:44:13,61.44,129060,21,卖盘
1477,10:44:16,61.44,1335697,217,买盘
1478,10:44:22,61.45,522267,85,买盘
1479,10:44:25,61.43,86004,14,卖盘
1480,10:44:28,61.58,621406,101,买盘
1481,10:44:31,61.5,55301,9,中性盘
1482,10:44:34,61.51,270348,44,买盘
1483,10:44:40,61.47,129101,21,卖盘
1484,10:44:43,61.47,190611,31,卖盘
1485,10:44:46,61.51,116832,19,中性盘
1486,10:44:49,61.52,584413,95,买盘
1487,10:44:52,61.56,289257,47,买盘
1488,10:44:55,61.54,104648,17,卖盘
1489,10:44:58,61.58,578685,94,买盘
1490,10:45:01,61.65,1318511,214,买盘
1491,10:45:04,61.75,1639754,266,买盘
1492,10:45:07,61.8,148237,24,买盘
1493,10:45:10,61.82,321418,52,买盘
1494,10:45:13,61.82,148334,24,中性盘
1495,10:45:16,61.83,364681,59,买盘
1496,10:45:19,61.83,135995,22,买盘
1497,10:45:22,61.82,61820,10,中性盘
1498,10:45:25,61.78,18534,3,中性盘
1499,10:45:28,61.67,228442,37,卖盘
1500,10:45:31,61.77,117363,19,中性盘
1501,10:45:34,61.77,61767,10,买盘
1502,10:45:37,61.75,30875,5,中性盘
1503,10:45:43,61.67,148103,24,卖盘
1504,10:45:46,61.74,611196,99,买盘
1505,10:45:49,61.74,314828,51,买盘
1506,10:45:52,61.73,296304,48,买盘
1507,10:45:55,61.74,123480,20,买盘
1508,10:45:58,61.67,49342,8,卖盘
1509,10:46:01,61.72,129547,21,买盘
1510,10:46:04,61.65,610460,99,卖盘
1511,10:46:07,61.59,147974,24,卖盘
1512,10:46:10,61.59,154108,25,卖盘
1513,10:46:13,61.59,117097,19,中性盘
1514,10:46:16,61.56,6156,1,卖盘
1515,10:46:19,61.59,61566,10,买盘
1516,10:46:22,61.56,110833,18,买盘
1517,10:46:25,61.56,36936,6,卖盘
1518,10:46:28,61.57,221662,36,中性盘
1519,10:46:31,61.57,49252,8,卖盘
1520,10:46:34,61.57,184734,30,卖盘
1521,10:46:37,61.57,18471,3,买盘
1522,10:46:40,61.53,123104,20,卖盘
1523,10:46:43,61.64,9344128,1516,买盘
1524,10:46:46,61.55,92355,15,卖盘
1525,10:46:49,61.55,49239,8,买盘
1526,10:46:52,61.55,43076,7,买盘
1527,10:46:55,61.5,270792,44,卖盘
1528,10:46:58,61.52,61547,10,中性盘
1529,10:47:01,61.48,202941,33,卖盘
1530,10:47:04,61.52,258260,42,买盘
1531,10:47:10,61.52,135337,22,买盘
1532,10:47:13,61.46,30734,5,卖盘
1533,10:47:16,61.46,153752,25,卖盘
1534,10:47:19,61.46,24584,4,中性盘
1535,10:47:22,61.45,43016,7,卖盘
1536,10:47:25,61.48,159801,26,买盘
1537,10:47:28,61.47,172071,28,买盘
1538,10:47:31,61.43,86002,14,卖盘
1539,10:47:34,61.43,85988,14,买盘
1540,10:47:37,61.41,85974,14,卖盘
1541,10:47:40,61.43,42999,7,买盘
1542,10:47:43,61.43,67573,11,买盘
1543,10:47:46,61.42,86004,14,中性盘
1544,10:47:49,61.46,110558,18,买盘
1545,10:47:52,61.37,159634,26,卖盘
1546,10:47:55,61.41,42983,7,买盘
1547,10:47:58,61.38,36832,6,卖盘
1548,10:48:01,61.4,92082,15,买盘
1549,10:48:04,61.4,61396,10,买盘
1550,10:48:07,61.41,24566,4,中性盘
1551,10:48:10,61.42,6142,1,买盘
1552,10:48:13,61.42,104414,17,买盘
1553,10:48:16,61.42,12285,2,卖盘
1554,10:48:19,61.45,92161,15,买盘
1555,10:48:22,61.45,141357,23,卖盘
1556,10:48:25,61.46,356414,58,买盘
1557,10:48:28,61.46,12292,2,卖盘
1558,10:48:31,61.46,30731,5,卖盘
1559,10:48:34,61.44,6144,1,卖盘
1560,10:48:37,61.45,110619,18,买盘
1561,10:48:40,61.45,12290,2,买盘
1562,10:48:43,61.44,49155,8,卖盘
1563,10:48:46,61.45,55301,9,买盘
1564,10:48:49,61.45,18435,3,买盘
1565,10:48:52,61.43,79867,13,卖盘
1566,10:48:55,61.44,129022,21,买盘
1567,10:48:58,61.42,85990,14,卖盘
1568,10:49:01,61.42,42997,7,卖盘
1569,10:49:04,61.41,61413,10,卖盘
1570,10:49:07,61.42,18425,3,买盘
1571,10:49:10,61.41,73685,12,卖盘
1572,10:49:13,61.4,349981,57,卖盘
1573,10:49:16,61.41,85947,14,买盘
1574,10:49:19,61.4,12281,2,中性盘
1575,10:49:22,61.4,67539,11,卖盘
1576,10:49:25,61.41,98246,16,买盘
1577,10:49:28,61.41,85974,14,卖盘
1578,10:49:31,61.42,128974,21,买盘
1579,10:49:34,61.42,122839,20,买盘
1580,10:49:37,61.42,233386,38,买盘
1581,10:49:40,61.42,319375,52,买盘
1582,10:49:43,61.45,503766,82,买盘
1583,10:49:46,61.45,251944,41,买盘
1584,10:49:49,61.47,215125,35,买盘
1585,10:49:52,61.48,116812,19,买盘
1586,10:49:55,61.5,116857,19,买盘
1587,10:49:58,61.51,159910,26,买盘
1588,10:50:01,61.54,307599,50,买盘
1589,10:50:04,61.55,418540,68,买盘
1590,10:50:07,61.54,209249,34,买盘
1591,10:50:10,61.54,307692,50,买盘
1592,10:50:13,61.52,209194,34,卖盘
1593,10:50:16,61.53,73834,12,买盘
1594,10:50:19,61.51,141500,23,卖盘
1595,10:50:22,61.51,196860,32,卖盘
1596,10:50:25,61.53,73833,12,买盘
1597,10:50:28,61.54,449169,73,买盘
1598,10:50:31,61.55,110783,18,买盘
1599,10:50:34,61.54,36924,6,买盘
1600,10:50:37,61.54,6154,1,买盘
1601,10:50:40,61.54,61540,10,买盘
1602,10:50:43,61.54,6154,1,买盘
1603,10:50:46,61.54,196929,32,买盘
1604,10:50:49,61.54,184620,30,卖盘
1605,10:50:55,61.55,61550,10,买盘
1606,10:50:58,61.55,43082,7,买盘
1607,10:51:01,61.55,172335,28,买盘
1608,10:51:04,61.55,18465,3,买盘
1609,10:51:07,61.55,246195,40,买盘
1610,10:51:10,61.55,141564,23,买盘
1611,10:51:13,61.56,36934,6,买盘
1612,10:51:19,61.55,92325,15,卖盘
1613,10:51:22,61.56,726369,118,买盘
1614,10:51:25,61.54,18464,3,卖盘
1615,10:51:28,61.55,190780,31,买盘
1616,10:51:31,61.55,147698,24,买盘
1617,10:51:34,61.55,55395,9,买盘
1618,10:51:37,61.55,289283,47,买盘
1619,10:51:40,61.55,110790,18,卖盘
1620,10:51:43,61.55,141569,23,卖盘
1621,10:51:46,61.54,61541,10,卖盘
1622,10:51:49,61.54,49231,8,买盘
1623,10:51:52,61.51,43057,7,卖盘
1624,10:51:55,61.5,18451,3,卖盘
1625,10:51:58,61.51,332139,54,买盘
1626,10:52:01,61.49,12298,2,中性盘
1627,10:52:04,61.49,30745,5,买盘
1628,10:52:07,61.5,282913,46,买盘
1629,10:52:10,61.5,43052,7,卖盘
1630,10:52:13,61.5,61500,10,卖盘
1631,10:52:16,61.49,166008,27,卖盘
1632,10:52:19,61.48,67625,11,中性盘
1633,10:52:22,61.47,12294,2,卖盘
1634,10:52:25,61.47,141361,23,买盘
1635,10:52:28,61.44,12290,2,卖盘
1636,10:52:31,61.44,294912,48,卖盘
1637,10:52:34,61.44,215040,35,卖盘
1638,10:52:37,61.42,116722,19,卖盘
1639,10:52:40,61.41,104422,17,卖盘
1640,10:52:46,61.4,6140,1,卖盘
1641,10:52:49,61.41,49124,8,中性盘
1642,10:52:52,61.42,61413,10,买盘
1643,10:52:55,61.42,270232,44,买盘
1644,10:52:58,61.44,552836,90,买盘
1645,10:53:01,61.44,350164,57,买盘
1646,10:53:04,61.44,6144,1,买盘
1647,10:53:07,61.46,405560,66,买盘
1648,10:53:10,61.46,362698,59,卖盘
1649,10:53:13,61.46,30742,5,卖盘
1650,10:53:16,61.49,86086,14,买盘
1651,10:53:19,61.49,12298,2,买盘
1652,10:53:22,61.48,6148,1,卖盘
1653,10:53:25,61.47,6147,1,卖盘
1654,10:53:28,61.47,24588,4,卖盘
1655,10:53:31,61.47,36879,6,买盘
1656,10:53:34,61.47,172116,28,买盘
1657,10:53:37,61.47,86052,14,卖盘
1658,10:53:40,61.41,245797,40,卖盘
1659,10:53:43,61.41,24568,4,卖盘
1660,10:53:46,61.4,104394,17,卖盘
1661,10:53:49,61.41,67551,11,中性盘
1662,10:53:52,61.41,227324,37,卖盘
1663,10:53:55,61.4,129006,21,卖盘
1664,10:53:58,61.4,61409,10,卖盘
1665,10:54:01,61.4,30700,5,卖盘
1666,10:54:04,61.42,49133,8,买盘
1667,10:54:07,61.43,18431,3,中性盘
1668,10:54:10,61.42,159737,26,买盘
1669,10:54:13,61.42,135168,22,中性盘
1670,10:54:16,61.41,30705,5,卖盘
1671,10:54:19,61.4,49124,8,卖盘
1672,10:54:22,61.4,890153,145,卖盘
1673,10:54:25,61.4,239401,39,买盘
1674,10:54:28,61.36,24544,4,卖盘
1675,10:54:31,61.35,128844,21,卖盘
1676,10:54:34,61.35,42950,7,卖盘
1677,10:54:37,61.35,202455,33,卖盘
1678,10:54:40,61.31,926083,151,卖盘
1679,10:54:43,61.35,36813,6,卖盘
1680,10:54:46,61.31,18393,3,卖盘
1681,10:54:49,61.32,12264,2,卖盘
1682,10:54:52,61.31,49050,8,卖盘
1683,10:54:55,61.31,294289,48,卖盘
1684,10:54:58,61.32,275904,45,买盘
1685,10:55:01,61.32,147161,24,买盘
1686,10:55:04,61.32,79720,13,卖盘
1687,10:55:07,61.32,116508,19,卖盘
1688,10:55:10,61.31,141046,23,卖盘
1689,10:55:13,61.31,490488,80,卖盘
1690,10:55:16,61.31,141011,23,卖盘
1691,10:55:19,61.3,61301,10,卖盘
1692,10:55:22,61.3,165513,27,卖盘
1693,10:55:25,61.3,140972,23,买盘
1694,10:55:28,61.27,239010,39,卖盘
1695,10:55:31,61.27,42889,7,卖盘
1696,10:55:34,61.25,67375,11,卖盘
1697,10:55:37,61.22,55109,9,卖盘
1698,10:55:40,61.23,79592,13,买盘
1699,10:55:43,61.2,593678,97,卖盘
1700,10:55:46,61.19,201936,33,中性盘
1701,10:55:49,61.17,146836,24,卖盘
1702,10:55:52,61.19,171338,28,中性盘
1703,10:55:55,61.19,97904,16,中性盘
1704,10:55:58,61.19,24476,4,买盘
1705,10:56:01,61.2,55071,9,买盘
1706,10:56:04,61.2,697835,114,买盘
1707,10:56:07,61.23,269309,44,中性盘
1708,10:56:10,61.22,61217,10,中性盘
1709,10:56:13,61.23,220426,36,买盘
1710,10:56:16,61.22,85705,14,卖盘
1711,10:56:19,61.25,30627,5,买盘
1712,10:56:22,61.26,91887,15,买盘
1713,10:56:25,61.26,91900,15,买盘
1714,10:56:28,61.26,42882,7,买盘
1715,10:56:31,61.26,55146,9,卖盘
1716,10:56:34,61.29,104166,17,中性盘
1717,10:56:37,61.3,625254,102,买盘
1718,10:56:40,61.32,582539,95,买盘
1719,10:56:43,61.32,153287,25,卖盘
1720,10:56:46,61.34,42938,7,买盘
1721,10:56:49,61.34,116540,19,买盘
1722,10:56:52,61.34,30666,5,买盘
1723,10:56:55,61.32,24525,4,中性盘
1724,10:56:58,61.31,183934,30,卖盘
1725,10:57:01,61.32,104230,17,买盘
1726,10:57:04,61.3,42912,7,卖盘
1727,10:57:07,61.3,539456,88,卖盘
1728,10:57:10,61.29,294192,48,卖盘
1729,10:57:13,61.31,324910,53,买盘
1730,10:57:16,61.31,128751,21,卖盘
1731,10:57:19,61.31,24524,4,卖盘
1732,10:57:22,61.3,116483,19,卖盘
1733,10:57:25,61.3,36782,6,卖盘
1734,10:57:28,61.3,196160,32,卖盘
1735,10:57:31,61.3,67430,11,卖盘
1736,10:57:34,61.3,134857,22,买盘
1737,10:57:37,61.3,128730,21,卖盘
1738,10:57:40,61.3,588528,96,卖盘
1739,10:57:43,61.3,79700,13,卖盘
1740,10:57:46,61.31,55175,9,买盘
1741,10:57:49,61.3,79690,13,卖盘
1742,10:57:52,61.31,98091,16,买盘
1743,10:57:55,61.29,1753165,286,卖盘
1744,10:57:58,61.27,269589,44,卖盘
1745,10:58:01,61.22,637133,104,卖盘
1746,10:58:04,61.22,67351,11,卖盘
1747,10:58:07,61.2,734540,120,卖盘
1748,10:58:10,61.22,624285,102,买盘
1749,10:58:13,61.22,48976,8,卖盘
1750,10:58:16,61.23,140793,23,买盘
1751,10:58:19,61.23,42856,7,买盘
1752,10:58:22,61.21,165295,27,买盘
1753,10:58:25,61.2,36720,6,卖盘
1754,10:58:28,61.19,1015822,166,卖盘
1755,10:58:31,61.19,305937,50,卖盘
1756,10:58:34,61.19,42828,7,买盘
1757,10:58:37,61.16,244715,40,卖盘
1758,10:58:40,61.15,134551,22,卖盘
1759,10:58:43,61.15,91730,15,卖盘
1760,10:58:46,61.15,256830,42,卖盘
1761,10:58:49,61.14,79490,13,卖盘
1762,10:58:52,61.15,134505,22,中性盘
1763,10:58:55,61.14,55021,9,买盘
1764,10:58:58,61.14,110044,18,买盘
1765,10:59:01,61.14,238448,39,卖盘
1766,10:59:04,61.15,177335,29,买盘
1767,10:59:07,61.14,293515,48,卖盘
1768,10:59:10,61.13,177294,29,卖盘
1769,10:59:13,61.12,580733,95,卖盘
1770,10:59:16,61.11,213928,35,卖盘
1771,10:59:22,61.11,342226,56,卖盘
1772,10:59:25,61.11,207800,34,卖盘
1773,10:59:28,61.12,122223,20,中性盘
1774,10:59:31,61.12,165024,27,卖盘
1775,10:59:34,61.15,470765,77,买盘
1776,10:59:37,61.14,281277,46,卖盘
1777,10:59:40,61.12,268952,44,卖盘
1778,10:59:43,61.12,152801,25,卖盘
1779,10:59:49,61.13,42794,7,卖盘
1780,10:59:52,61.13,61130,10,中性盘
1781,10:59:55,61.13,61128,10,买盘
1782,10:59:58,61.14,110044,18,买盘
1783,11:00:01,61.13,12226,2,卖盘
1784,11:00:04,61.13,220063,36,买盘
1785,11:00:07,61.13,446186,73,卖盘
1786,11:00:10,61.13,146700,24,买盘
1787,11:00:13,61.12,30560,5,卖盘
1788,11:00:16,61.13,12226,2,买盘
1789,11:00:19,61.12,79456,13,卖盘
1790,11:00:22,61.12,12224,2,买盘
1791,11:00:25,61.11,18333,3,卖盘
1792,11:00:28,61.11,109998,18,卖盘
1793,11:00:31,61.11,91666,15,卖盘
1794,11:00:34,61.1,30553,5,卖盘
1795,11:00:37,61.11,299410,49,买盘
1796,11:00:40,61.11,97770,16,买盘
1797,11:00:43,61.1,384944,63,卖盘
1798,11:00:46,61.1,226057,37,买盘
1799,11:00:49,61.1,97747,16,买盘
1800,11:00:52,61.1,103862,17,买盘
1801,11:00:55,61.09,128285,21,中性盘
1802,11:00:58,61.08,36653,6,卖盘
1803,11:01:01,61.1,1001929,164,买盘
1804,11:01:04,61.08,128298,21,卖盘
1805,11:01:07,61.09,24436,4,买盘
1806,11:01:10,61.08,54978,9,卖盘
1807,11:01:13,61.08,586359,96,卖盘
1808,11:01:16,61.1,122199,20,买盘
1809,11:01:19,61.1,79430,13,卖盘
1810,11:01:22,61.1,103870,17,买盘
1811,11:01:25,61.1,79423,13,买盘
1812,11:01:28,61.09,177166,29,卖盘
1813,11:01:31,61.08,73296,12,卖盘
1814,11:01:34,61.08,48859,8,买盘
1815,11:01:37,61.07,85501,14,卖盘
1816,11:01:40,61.06,24424,4,卖盘
1817,11:01:43,61.08,476386,78,买盘
1818,11:01:49,61.09,256576,42,买盘
1819,11:01:52,61.09,354311,58,买盘
1820,11:01:55,61.09,36654,6,中性盘
1821,11:01:58,61.09,97743,16,买盘
1822,11:02:01,61.09,109962,18,买盘
1823,11:02:04,61.09,397079,65,买盘
1824,11:02:07,61.09,67199,11,买盘
1825,11:02:10,61.09,183259,30,买盘
1826,11:02:13,61.1,164966,27,买盘
1827,11:02:16,61.1,61093,10,卖盘
1828,11:02:19,61.09,6109,1,卖盘
1829,11:02:22,61.1,30550,5,买盘
1830,11:02:25,61.1,36660,6,买盘
1831,11:02:28,61.1,146640,24,买盘
1832,11:02:31,61.09,360433,59,卖盘
1833,11:02:34,61.09,390962,64,买盘
1834,11:02:37,61.08,73299,12,卖盘
1835,11:02:40,61.08,61086,10,卖盘
1836,11:02:43,61.08,91633,15,卖盘
1837,11:02:46,61.09,152703,25,买盘
1838,11:02:49,61.08,12216,2,卖盘
1839,11:02:52,61.08,177132,29,卖盘
1840,11:02:55,61.09,103838,17,买盘
1841,11:02:58,61.08,30543,5,卖盘
1842,11:03:01,61.09,775809,127,买盘
1843,11:03:04,61.08,146614,24,卖盘
1844,11:03:07,61.1,146617,24,买盘
1845,11:03:10,61.08,134386,22,卖盘
1846,11:03:13,61.08,36650,6,卖盘
1847,11:03:16,61.09,109956,18,买盘
1848,11:03:19,61.08,122177,20,卖盘
1849,11:03:22,61.09,12218,2,中性盘
1850,11:03:25,61.09,97755,16,卖盘
1851,11:03:28,61.09,103851,17,卖盘
1852,11:03:31,61.09,207687,34,买盘
1853,11:03:34,61.08,158813,26,卖盘
1854,11:03:37,61.07,97714,16,卖盘
1855,11:03:40,61.08,61080,10,买盘
1856,11:03:43,61.07,54964,9,卖盘
1857,11:03:46,61.07,36642,6,买盘
1858,11:03:49,61.07,97699,16,买盘
1859,11:03:52,61.06,67176,11,卖盘
1860,11:03:55,61.07,219852,36,买盘
1861,11:03:58,61.07,183223,30,卖盘
1862,11:04:01,61.08,140482,23,买盘
1863,11:04:04,61.07,61070,10,卖盘
1864,11:04:07,61.06,128230,21,卖盘
1865,11:04:10,61.06,42747,7,卖盘
1866,11:04:13,61.07,48856,8,买盘
1867,11:04:16,61.07,238187,39,卖盘
1868,11:04:19,61.08,140478,23,买盘
1869,11:04:22,61.07,54967,9,卖盘
1870,11:04:25,61.08,207665,34,买盘
1871,11:04:28,61.06,30533,5,卖盘
1872,11:04:34,61.07,18321,3,买盘
1873,11:04:37,61.07,244245,40,买盘
1874,11:04:40,61.1,763480,125,买盘
1875,11:04:43,61.11,470366,77,买盘
1876,11:04:46,61.11,354389,58,买盘
1877,11:04:49,61.12,421683,69,买盘
1878,11:04:52,61.11,134460,22,卖盘
1879,11:04:55,61.14,330069,54,买盘
1880,11:04:58,61.14,317915,52,买盘
1881,11:05:01,61.18,250784,41,买盘
1882,11:05:04,61.2,122390,20,买盘
1883,11:05:07,61.19,226431,37,中性盘
1884,11:05:10,61.2,134654,22,买盘
1885,11:05:13,61.21,146903,24,买盘
1886,11:05:16,61.24,208144,34,买盘
1887,11:05:19,61.24,67364,11,买盘
1888,11:05:22,61.22,91846,15,卖盘
1889,11:05:25,61.24,300059,49,买盘
1890,11:05:28,61.23,116343,19,卖盘
1891,11:05:31,61.24,67355,11,买盘
1892,11:05:34,61.24,12247,2,买盘
1893,11:05:37,61.23,12246,2,卖盘
1894,11:05:40,61.23,110214,18,卖盘
1895,11:05:43,61.23,6123,1,卖盘
1896,11:05:46,61.24,6124,1,买盘
1897,11:05:49,61.24,91860,15,买盘
1898,11:05:52,61.24,30620,5,卖盘
1899,11:05:55,61.25,416486,68,买盘
1900,11:05:58,61.26,232759,38,买盘
1901,11:06:01,61.26,116391,19,买盘
1902,11:06:04,61.26,24504,4,卖盘
1903,11:06:07,61.26,208312,34,卖盘
1904,11:06:10,61.27,42889,7,买盘
1905,11:06:13,61.24,318488,52,卖盘
1906,11:06:16,61.23,232716,38,卖盘
1907,11:06:19,61.23,36738,6,卖盘
1908,11:06:22,61.25,275595,45,买盘
1909,11:06:25,61.22,79603,13,卖盘
1910,11:06:28,61.21,85707,14,卖盘
1911,11:06:31,61.23,489855,80,买盘
1912,11:06:37,61.23,48990,8,卖盘
1913,11:06:40,61.23,6123,1,卖盘
1914,11:06:43,61.24,153078,25,买盘
1915,11:06:46,61.24,91860,15,买盘
1916,11:06:49,61.24,85734,14,买盘
1917,11:06:55,61.24,251077,41,买盘
1918,11:06:58,61.23,12247,2,卖盘
1919,11:07:01,61.24,251082,41,买盘
1920,11:07:04,61.24,177583,29,买盘
1921,11:07:07,61.24,122480,20,买盘
1922,11:07:10,61.24,42868,7,买盘
1923,11:07:13,61.24,6124,1,买盘
1924,11:07:19,61.23,42867,7,卖盘
1925,11:07:22,61.23,134717,22,卖盘
1926,11:07:25,61.23,159198,26,卖盘
1927,11:07:28,61.23,649080,106,卖盘
1928,11:07:31,61.23,3294219,538,卖盘
1929,11:07:34,61.24,465391,76,买盘
1930,11:07:37,61.24,655268,107,卖盘
1931,11:07:40,61.24,1041080,170,卖盘
1932,11:07:43,61.23,226555,37,卖盘
1933,11:07:49,61.22,116318,19,卖盘
1934,11:07:52,61.2,281612,46,中性盘
1935,11:07:55,61.2,36720,6,卖盘
1936,11:08:01,61.21,48961,8,买盘
1937,11:08:04,61.21,61201,10,买盘
1938,11:08:07,61.2,306007,50,卖盘
1939,11:08:10,61.21,85693,14,买盘
1940,11:08:13,61.21,42847,7,买盘
1941,11:08:19,61.2,520280,85,卖盘
1942,11:08:25,61.21,428467,70,买盘
1943,11:08:28,61.21,189757,31,卖盘
1944,11:08:31,61.2,367217,60,卖盘
1945,11:08:34,61.2,73448,12,卖盘
1946,11:08:37,61.2,6120,1,卖盘
1947,11:08:49,61.2,293804,48,卖盘
1948,11:08:52,61.2,709925,116,卖盘
1949,11:08:55,61.2,97930,16,卖盘
1950,11:08:58,61.21,6121,1,买盘
1951,11:09:01,61.26,936712,153,买盘
1952,11:09:04,61.23,146952,24,卖盘
1953,11:09:07,61.26,12253,2,中性盘
1954,11:09:10,61.26,24504,4,买盘
1955,11:09:13,61.27,104147,17,买盘
1956,11:09:16,61.3,349263,57,买盘
1957,11:09:19,61.3,18390,3,买盘
1958,11:09:22,61.27,42893,7,卖盘
1959,11:09:25,61.3,220641,36,买盘
1960,11:09:28,61.28,61280,10,卖盘
1961,11:09:31,61.29,30643,5,买盘
1962,11:09:34,61.29,61298,10,卖盘
1963,11:09:37,61.29,6129,1,卖盘
1964,11:09:40,61.27,116413,19,卖盘
1965,11:09:43,61.27,6127,1,卖盘
1966,11:09:46,61.29,85806,14,买盘
1967,11:09:49,61.28,30640,5,卖盘
1968,11:09:52,61.29,214489,35,买盘
1969,11:09:55,61.28,12256,2,买盘
1970,11:09:58,61.28,6128,1,买盘
1971,11:10:01,61.28,67408,11,买盘
1972,11:10:04,61.27,12255,2,卖盘
1973,11:10:07,61.28,67408,11,买盘
1974,11:10:10,61.27,36767,6,卖盘
1975,11:10:13,61.27,24508,4,买盘
1976,11:10:16,61.27,36759,6,买盘
1977,11:10:19,61.26,116406,19,卖盘
1978,11:10:22,61.26,42882,7,卖盘
1979,11:10:25,61.27,30635,5,买盘
1980,11:10:28,61.26,24504,4,卖盘
1981,11:10:31,61.26,12252,2,卖盘
1982,11:10:34,61.26,24507,4,卖盘
1983,11:10:37,61.27,673964,110,买盘
1984,11:10:40,61.27,128667,21,买盘
1985,11:10:43,61.26,85777,14,卖盘
1986,11:10:46,61.27,502465,82,买盘
1987,11:10:49,61.27,171556,28,买盘
1988,11:10:52,61.26,42888,7,卖盘
1989,11:10:55,61.27,61270,10,买盘
1990,11:10:58,61.27,471937,77,买盘
1991,11:11:01,61.31,386249,63,买盘
1992,11:11:04,61.33,214620,35,买盘
1993,11:11:07,61.37,595181,97,买盘
1994,11:11:10,61.37,141157,23,买盘
1995,11:11:13,61.37,220985,36,卖盘
1996,11:11:16,61.39,12278,2,卖盘
1997,11:11:19,61.39,6139,1,卖盘
1998,11:11:22,61.4,24560,4,买盘
1999,11:11:25,61.39,79818,13,卖盘
2000,11:11:28,61.4,356069,58,买盘
2001,11:11:31,61.4,85960,14,卖盘
2002,11:11:34,61.41,12281,2,买盘
2003,11:11:37,61.41,49128,8,买盘
2004,11:11:40,61.41,104397,17,买盘
2005,11:11:43,61.41,208794,34,买盘
2006,11:11:46,61.42,141253,23,买盘
2007,11:11:52,61.42,147414,24,买盘
2008,11:11:55,61.42,6142,1,买盘
2009,11:11:58,61.42,55278,9,买盘
2010,11:12:01,61.42,24568,4,买盘
2011,11:12:04,61.42,12284,2,买盘
2012,11:12:07,61.41,135121,22,卖盘
2013,11:12:10,61.42,49136,8,买盘
2014,11:12:13,61.42,153550,25,买盘
2015,11:12:16,61.41,30709,5,卖盘
2016,11:12:19,61.42,116698,19,买盘
2017,11:12:22,61.41,122839,20,卖盘
2018,11:12:25,61.41,122820,20,卖盘
2019,11:12:28,61.41,110548,18,卖盘
2020,11:12:31,61.42,104399,17,买盘
2021,11:12:34,61.42,36852,6,买盘
2022,11:12:37,61.42,135121,22,买盘
2023,11:12:40,61.42,18425,3,买盘
2024,11:12:43,61.42,98271,16,买盘
2025,11:12:46,61.42,214945,35,买盘
2026,11:12:49,61.42,313234,51,买盘
2027,11:12:52,61.43,270267,44,买盘
2028,11:12:55,61.43,12286,2,买盘
2029,11:12:58,61.44,36859,6,买盘
2030,11:13:01,61.43,24572,4,卖盘
2031,11:13:04,61.43,178133,29,买盘
2032,11:13:07,61.44,239608,39,买盘
2033,11:13:10,61.44,104454,17,中性盘
2034,11:13:13,61.42,98278,16,卖盘
2035,11:13:16,61.42,276427,45,卖盘
2036,11:13:19,61.44,24576,4,卖盘
2037,11:13:22,61.44,24576,4,卖盘
2038,11:13:25,61.46,208933,34,买盘
2039,11:13:28,61.46,12292,2,卖盘
2040,11:13:31,61.48,79913,13,买盘
2041,11:13:34,61.48,36888,6,买盘
2042,11:13:37,61.5,252143,41,买盘
2043,11:13:40,61.53,166096,27,买盘
2044,11:13:43,61.59,246232,40,买盘
2045,11:13:46,61.58,215571,35,卖盘
2046,11:13:49,61.62,67764,11,买盘
2047,11:13:52,61.61,36967,6,中性盘
2048,11:13:55,61.6,61600,10,卖盘
2049,11:13:58,61.62,117076,19,买盘
2050,11:14:01,61.62,98591,16,买盘
2051,11:14:04,61.62,6162,1,卖盘
2052,11:14:07,61.66,400594,65,买盘
2053,11:14:10,61.68,308503,50,卖盘
2054,11:14:13,61.7,209769,34,买盘
2055,11:14:16,61.7,117254,19,卖盘
2056,11:14:19,61.7,24680,4,买盘
2057,11:14:22,61.7,98715,16,买盘
2058,11:14:25,61.7,166594,27,中性盘
2059,11:14:28,61.7,222124,36,买盘
2060,11:14:31,61.7,172783,28,卖盘
2061,11:14:34,61.7,123429,20,卖盘
2062,11:14:37,61.7,37035,6,卖盘
2063,11:14:40,61.73,18517,3,买盘
2064,11:14:43,61.7,49362,8,卖盘
2065,11:14:46,61.71,104909,17,买盘
2066,11:14:49,61.71,104913,17,买盘
2067,11:14:52,61.75,382699,62,买盘
2068,11:14:55,61.82,655053,106,买盘
2069,11:14:58,61.82,117504,19,卖盘
2070,11:15:01,61.84,290912,47,卖盘
2071,11:15:04,61.9,142365,23,买盘
2072,11:15:07,61.92,136194,22,买盘
2073,11:15:10,61.92,191976,31,卖盘
2074,11:15:13,61.93,142468,23,买盘
2075,11:15:16,61.95,61956,10,中性盘
2076,11:15:19,61.97,123923,20,买盘
2077,11:15:22,61.97,92955,15,买盘
2078,11:15:25,61.98,142539,23,买盘
2079,11:15:28,61.97,452450,73,卖盘
2080,11:15:31,62.0,595042,96,买盘
2081,11:15:34,62.0,948614,153,买盘
2082,11:15:37,62.0,291552,47,买盘
2083,11:15:40,62.0,142665,23,卖盘
2084,11:15:43,62.06,130307,21,买盘
2085,11:15:46,62.08,322742,52,买盘
2086,11:15:49,62.1,186270,30,买盘
2087,11:15:52,62.09,55885,9,中性盘
2088,11:15:55,62.1,173873,28,买盘
2089,11:15:58,62.11,136652,22,买盘
2090,11:16:01,62.12,43497,7,中性盘
2091,11:16:04,62.11,273352,44,卖盘
2092,11:16:07,62.13,403921,65,买盘
2093,11:16:10,62.1,664818,107,卖盘
2094,11:16:13,62.09,974647,157,卖盘
2095,11:16:16,62.11,1154520,186,买盘
2096,11:16:19,62.07,192455,31,中性盘
2097,11:16:22,62.03,385054,62,卖盘
2098,11:16:25,62.07,341461,55,卖盘
2099,11:16:28,62.08,149016,24,买盘
2100,11:16:31,62.07,335203,54,卖盘
2101,11:16:34,62.08,130348,21,买盘
2102,11:16:37,62.09,446945,72,买盘
2103,11:16:40,62.08,595992,96,卖盘
2104,11:16:43,62.07,211019,34,中性盘
2105,11:16:46,62.03,68247,11,中性盘
2106,11:16:49,62.07,148911,24,买盘
2107,11:16:52,62.07,242044,39,买盘
2108,11:16:55,62.07,62047,10,买盘
2109,11:16:58,62.07,37241,6,买盘
2110,11:17:01,62.07,490415,79,买盘
2111,11:17:04,62.08,167597,27,中性盘
2112,11:17:07,62.06,74459,12,中性盘
2113,11:17:10,62.06,12412,2,买盘
2114,11:17:13,62.06,24815,4,买盘
2115,11:17:16,62.06,43437,7,买盘
2116,11:17:19,62.03,62030,10,卖盘
2117,11:17:25,62.03,55826,9,卖盘
2118,11:17:28,62.0,6200,1,卖盘
2119,11:17:31,62.0,74404,12,卖盘
2120,11:17:34,62.0,31003,5,中性盘
2121,11:17:37,61.99,43397,7,卖盘
2122,11:17:40,62.02,31008,5,买盘
2123,11:17:43,62.02,217066,35,买盘
2124,11:17:46,62.02,583072,94,卖盘
2125,11:17:49,62.04,204688,33,买盘
2126,11:17:52,62.03,161263,26,中性盘
2127,11:17:55,62.02,74427,12,卖盘
2128,11:17:58,62.0,86802,14,卖盘
2129,11:18:01,62.01,204634,33,买盘
2130,11:18:04,62.0,86820,14,卖盘
2131,11:18:07,62.01,18600,3,买盘
2132,11:18:10,61.99,61996,10,卖盘
2133,11:18:16,62.0,49601,8,卖盘
2134,11:18:19,62.02,18603,3,买盘
2135,11:18:22,62.01,229437,37,买盘
2136,11:18:25,62.04,471398,76,买盘
2137,11:18:28,62.02,415555,67,卖盘
2138,11:18:31,62.04,161283,26,买盘
2139,11:18:34,62.04,124080,20,卖盘
2140,11:18:37,62.06,18618,3,买盘
2141,11:18:40,62.04,55848,9,卖盘
2142,11:18:43,62.08,62073,10,买盘
2143,11:18:46,62.04,601970,97,卖盘
2144,11:18:49,61.99,638720,103,卖盘
2145,11:18:52,61.97,929730,150,卖盘
2146,11:18:55,61.97,272633,44,买盘
2147,11:18:58,61.97,80561,13,卖盘
2148,11:19:01,61.97,161139,26,卖盘
2149,11:19:04,61.96,105337,17,卖盘
2150,11:19:07,61.96,30983,5,卖盘
2151,11:19:10,61.96,154900,25,卖盘
2152,11:19:13,61.98,390414,63,买盘
2153,11:19:16,61.98,136356,22,卖盘
2154,11:19:19,61.98,818052,132,卖盘
2155,11:19:22,61.98,130165,21,中性盘
2156,11:19:25,61.97,30978,5,中性盘
2157,11:19:28,61.96,111534,18,卖盘
2158,11:19:31,61.97,185878,30,买盘
2159,11:19:34,61.96,588797,95,中性盘
2160,11:19:37,61.97,185818,30,买盘
2161,11:19:40,61.97,6197,1,卖盘
2162,11:19:43,61.97,464910,75,卖盘
2163,11:19:46,61.97,898684,145,卖盘
2164,11:19:49,61.97,24788,4,中性盘
2165,11:19:52,61.97,148737,24,买盘
2166,11:19:55,61.97,86763,14,卖盘
2167,11:19:58,62.0,31000,5,中性盘
2168,11:20:01,61.97,30986,5,卖盘
2169,11:20:04,62.0,68193,11,买盘
2170,11:20:07,62.0,124000,20,买盘
2171,11:20:10,61.99,18597,3,中性盘
2172,11:20:13,61.98,18594,3,卖盘
2173,11:20:16,61.98,136370,22,卖盘
2174,11:20:19,61.97,272676,44,卖盘
2175,11:20:22,61.96,142529,23,卖盘
2176,11:20:25,61.93,68123,11,卖盘
2177,11:20:31,61.88,24760,4,卖盘
2178,11:20:34,61.8,599618,97,卖盘
2179,11:20:37,61.9,18569,3,买盘
2180,11:20:40,61.9,49520,8,买盘
2181,11:20:43,61.9,30950,5,买盘
2182,11:20:46,61.9,148560,24,买盘
2183,11:20:49,61.91,148572,24,买盘
2184,11:20:52,61.91,43337,7,买盘
2185,11:20:55,61.91,260063,42,卖盘
2186,11:20:58,61.95,173422,28,中性盘
2187,11:21:01,61.96,61957,10,中性盘
2188,11:21:04,61.97,99140,16,买盘
2189,11:21:07,62.0,285150,46,买盘
2190,11:21:10,62.0,223200,36,买盘
2191,11:21:13,62.0,49600,8,卖盘
2192,11:21:16,62.01,111618,18,买盘
2193,11:21:19,62.01,74412,12,买盘
2194,11:21:22,62.01,37215,6,卖盘
2195,11:21:25,62.02,24808,4,中性盘
2196,11:21:28,62.04,142688,23,买盘
2197,11:21:31,62.03,24814,4,卖盘
2198,11:21:34,62.08,167588,27,买盘
2199,11:21:37,62.08,18624,3,卖盘
2200,11:21:40,62.1,204879,33,买盘
2201,11:21:43,62.09,31045,5,中性盘
2202,11:21:46,62.1,93150,15,买盘
2203,11:21:49,62.11,18633,3,买盘
2204,11:21:55,62.14,86972,14,买盘
2205,11:21:58,62.16,217511,35,买盘
2206,11:22:04,62.2,74636,12,买盘
2207,11:22:07,62.22,105742,17,买盘
2208,11:22:10,62.28,1276411,205,买盘
2209,11:22:13,62.17,342259,55,卖盘
2210,11:22:16,62.2,18660,3,买盘
2211,11:22:19,62.11,149090,24,卖盘
2212,11:22:22,62.16,136728,22,中性盘
2213,11:22:25,62.17,354287,57,买盘
2214,11:22:28,62.1,167676,27,卖盘
2215,11:22:31,62.09,453242,73,卖盘
2216,11:22:34,62.1,186292,30,买盘
2217,11:22:37,62.08,49671,8,卖盘
2218,11:22:40,62.09,6209,1,买盘
2219,11:22:43,62.08,297985,48,卖盘
2220,11:22:46,61.97,1048599,169,卖盘
2221,11:22:49,62.0,74400,12,卖盘
2222,11:22:52,62.08,260508,42,买盘
2223,11:22:55,61.88,383847,62,卖盘
2224,11:22:58,61.99,12389,2,中性盘
2225,11:23:04,62.09,1917993,309,买盘
2226,11:23:07,62.09,397376,64,卖盘
2227,11:23:10,62.1,484246,78,买盘
2228,11:23:13,62.1,99360,16,卖盘
2229,11:23:16,62.1,18633,3,卖盘
2230,11:23:19,62.1,117999,19,卖盘
2231,11:23:22,62.1,136628,22,卖盘
2232,11:23:25,62.09,906640,146,卖盘
2233,11:23:28,62.0,99200,16,卖盘
2234,11:23:31,62.11,1297706,209,买盘
2235,11:23:34,62.12,37268,6,买盘
2236,11:23:37,62.11,6211,1,卖盘
2237,11:23:40,62.12,496912,80,买盘
2238,11:23:43,62.11,664698,107,卖盘
2239,11:23:46,62.12,12424,2,买盘
2240,11:23:49,62.11,366462,59,卖盘
2241,11:23:52,62.15,378984,61,买盘
2242,11:23:55,62.12,130452,21,买盘
2243,11:23:58,62.12,55908,9,买盘
2244,11:24:01,62.11,254732,41,卖盘
2245,11:24:04,62.16,124256,20,买盘
2246,11:24:07,62.14,37276,6,买盘
2247,11:24:10,62.18,130517,21,买盘
2248,11:24:13,62.2,136821,22,买盘
2249,11:24:16,62.18,111924,18,买盘
2250,11:24:19,62.18,116890,19,买盘
2251,11:24:22,62.27,324694,52,买盘
2252,11:24:25,62.19,535537,86,卖盘
2253,11:24:28,62.27,199268,32,中性盘
2254,11:24:31,62.33,616785,99,买盘
2255,11:24:34,62.39,280520,45,买盘
2256,11:24:37,62.32,37391,6,买盘
2257,11:24:40,62.45,217126,35,买盘
2258,11:24:43,62.44,106084,17,中性盘
2259,11:24:46,62.41,174848,28,中性盘
2260,11:24:49,62.31,249384,40,卖盘
2261,11:24:52,62.4,355550,57,买盘
2262,11:24:55,62.22,367402,59,买盘
2263,11:24:58,62.22,161768,26,买盘
2264,11:25:01,62.22,479786,77,买盘
2265,11:25:04,62.23,12446,2,卖盘
2266,11:25:07,62.23,155809,25,卖盘
2267,11:25:10,62.24,12449,2,中性盘
2268,11:25:13,62.24,168062,27,买盘
2269,11:25:16,62.25,143174,23,买盘
2270,11:25:19,62.28,367395,59,买盘
2271,11:25:22,62.39,143475,23,买盘
2272,11:25:25,62.33,74808,12,买盘
2273,11:25:28,62.41,162200,26,买盘
2274,11:25:31,62.38,31182,5,中性盘
2275,11:25:34,62.38,205878,33,买盘
2276,11:25:37,62.38,355614,57,中性盘
2277,11:25:40,62.37,299470,48,中性盘
2278,11:25:43,62.38,137240,22,中性盘
2279,11:25:46,62.39,499046,80,买盘
2280,11:25:49,62.38,311823,50,中性盘
2281,11:25:52,62.38,299388,48,买盘
2282,11:25:55,62.4,99829,16,买盘
2283,11:25:58,62.4,149783,24,中性盘
2284,11:26:01,62.41,817402,131,买盘
2285,11:26:04,62.37,318046,51,卖盘
2286,11:26:07,62.35,542560,87,买盘
2287,11:26:10,62.35,374173,60,买盘
2288,11:26:13,62.35,449222,72,卖盘
2289,11:26:16,62.35,49882,8,卖盘
2290,11:26:19,62.35,43647,7,卖盘
2291,11:26:22,62.36,199525,32,买盘
2292,11:26:25,62.34,87275,14,买盘
2293,11:26:28,62.33,130907,21,卖盘
2294,11:26:31,62.33,74789,12,买盘
2295,11:26:34,62.32,87261,14,中性盘
2296,11:26:37,62.35,392751,63,买盘
2297,11:26:40,62.38,199579,32,买盘
2298,11:26:43,62.38,592564,95,买盘
2299,11:26:46,62.38,349431,56,买盘
2300,11:26:49,62.5,143691,23,买盘
2301,11:26:52,62.56,18762,3,买盘
2302,11:26:55,62.58,168863,27,买盘
2303,11:26:58,62.58,1270567,203,买盘
2304,11:27:01,62.5,431702,69,卖盘
2305,11:27:04,62.5,175108,28,中性盘
2306,11:27:07,62.52,112504,18,中性盘
2307,11:27:10,62.6,1320410,211,买盘
2308,11:27:13,62.54,18759,3,卖盘
2309,11:27:16,62.52,262448,42,卖盘
2310,11:27:19,62.54,494038,79,买盘
2311,11:27:22,62.54,62541,10,卖盘
2312,11:27:25,62.54,118868,19,卖盘
2313,11:27:28,62.55,181375,29,买盘
2314,11:27:31,62.55,350212,56,买盘
2315,11:27:34,62.52,318918,51,卖盘
2316,11:27:37,62.52,131292,21,买盘
2317,11:27:40,62.52,112536,18,买盘
2318,11:27:43,62.52,206392,33,卖盘
2319,11:27:46,62.54,156329,25,买盘
2320,11:27:49,62.65,181528,29,买盘
2321,11:27:52,62.68,369296,59,买盘
2322,11:27:55,62.58,81431,13,中性盘
2323,11:27:58,62.67,1084960,173,买盘
2324,11:28:01,62.65,37590,6,卖盘
2325,11:28:04,62.68,595370,95,买盘
2326,11:28:07,62.68,94008,15,买盘
2327,11:28:10,62.68,106559,17,卖盘
2328,11:28:13,62.68,31339,5,买盘
2329,11:28:16,62.66,162893,26,卖盘
2330,11:28:19,62.6,81398,13,卖盘
2331,11:28:22,62.6,31312,5,买盘
2332,11:28:25,62.57,187785,30,卖盘
2333,11:28:28,62.57,31289,5,卖盘
2334,11:28:31,62.54,118849,19,卖盘
2335,11:28:34,62.5,5328435,852,卖盘
2336,11:28:37,62.38,137376,22,卖盘
2337,11:28:40,62.44,18732,3,买盘
2338,11:28:43,62.38,143491,23,卖盘
2339,11:28:46,62.5,624916,100,买盘
2340,11:28:49,62.46,205863,33,中性盘
2341,11:28:52,62.43,81116,13,中性盘
2342,11:28:55,62.33,155930,25,卖盘
2343,11:28:58,62.45,636869,102,买盘
2344,11:29:01,62.33,18704,3,卖盘
2345,11:29:04,62.33,255543,41,卖盘
2346,11:29:07,62.38,56102,9,买盘
2347,11:29:10,62.32,274234,44,卖盘
2348,11:29:16,62.34,56112,9,卖盘
2349,11:29:19,62.35,43639,7,买盘
2350,11:29:22,62.34,93523,15,卖盘
2351,11:29:25,62.34,99750,16,卖盘
2352,11:29:28,62.32,423932,68,卖盘
2353,11:29:31,62.35,93508,15,买盘
2354,11:29:34,62.32,6232,1,卖盘
2355,11:29:37,62.36,24933,4,买盘
2356,11:29:43,62.33,386558,62,卖盘
2357,11:29:46,62.32,486098,78,卖盘
2358,11:29:49,62.3,3290480,528,卖盘
2359,11:29:52,62.27,535348,86,卖盘
2360,11:29:55,62.29,242875,39,买盘
2361,11:29:58,62.2,99619,16,卖盘
2362,11:30:01,62.22,12444,2,卖盘
2363,13:00:01,62.2,37328,6,卖盘
2364,13:00:04,62.3,1043775,168,买盘
2365,13:00:07,62.3,1270920,204,卖盘
2366,13:00:10,62.26,1488349,239,卖盘
2367,13:00:13,62.26,1369721,220,卖盘
2368,13:00:16,62.25,305006,49,卖盘
2369,13:00:19,62.25,74704,12,卖盘
2370,13:00:22,62.25,560252,90,卖盘
2371,13:00:25,62.44,1258148,202,买盘
2372,13:00:28,62.34,261741,42,中性盘
2373,13:00:31,62.41,31205,5,中性盘
2374,13:00:34,62.4,205817,33,买盘
2375,13:00:37,62.35,49885,8,卖盘
2376,13:00:40,62.34,18706,3,卖盘
2377,13:00:43,62.39,6239,1,买盘
2378,13:00:46,62.39,6239,1,买盘
2379,13:00:49,62.39,49912,8,买盘
2380,13:00:52,62.39,74833,12,中性盘
2381,13:00:55,62.4,24960,4,卖盘
2382,13:00:58,62.41,18722,3,买盘
2383,13:01:01,62.48,312166,50,买盘
2384,13:01:04,62.41,74907,12,卖盘
2385,13:01:07,62.5,56234,9,买盘
2386,13:01:10,62.44,293349,47,中性盘
2387,13:01:13,62.49,824196,132,买盘
2388,13:01:16,62.45,199815,32,卖盘
2389,13:01:19,62.5,343479,55,买盘
2390,13:01:22,62.49,368698,59,卖盘
2391,13:01:25,62.49,149953,24,卖盘
2392,13:01:28,62.49,349854,56,买盘
2393,13:01:31,62.46,62492,10,卖盘
2394,13:01:34,62.46,281065,45,卖盘
2395,13:01:37,62.46,87384,14,买盘
2396,13:01:40,62.48,156152,25,买盘
2397,13:01:43,62.46,68715,11,卖盘
2398,13:01:46,62.47,193628,31,买盘
2399,13:01:49,62.45,243602,39,卖盘
2400,13:01:52,62.41,199744,32,卖盘
2401,13:01:55,62.42,49936,8,卖盘
2402,13:01:58,62.45,31222,5,买盘
2403,13:02:01,62.43,12488,2,卖盘
2404,13:02:04,62.45,106165,17,卖盘
2405,13:02:07,62.39,536732,86,卖盘
2406,13:02:10,62.3,286768,46,卖盘
2407,13:02:13,62.34,62309,10,中性盘
2408,13:02:16,62.3,286858,46,卖盘
2409,13:02:19,62.3,286776,46,卖盘
2410,13:02:22,62.33,6233,1,卖盘
2411,13:02:25,62.46,137291,22,买盘
2412,13:02:28,62.28,878508,141,卖盘
2413,13:02:31,62.54,449625,72,买盘
2414,13:02:37,62.56,25026,4,中性盘
2415,13:02:40,62.6,93816,15,买盘
2416,13:02:43,62.65,1274788,204,买盘
2417,13:02:46,62.64,31316,5,中性盘
2418,13:02:49,62.64,112795,18,买盘
2419,13:02:52,62.77,12541,2,买盘
2420,13:02:58,62.66,458000,73,卖盘
2421,13:03:01,62.66,363482,58,卖盘
2422,13:03:04,62.65,407355,65,卖盘
2423,13:03:07,62.67,400944,64,买盘
2424,13:03:10,62.71,156748,25,买盘
2425,13:03:13,62.68,18809,3,中性盘
2426,13:03:16,62.76,25103,4,买盘
2427,13:03:19,62.76,219716,35,买盘
2428,13:03:22,62.83,558616,89,买盘
2429,13:03:25,62.82,62816,10,中性盘
2430,13:03:28,62.82,62820,10,买盘
2431,13:03:31,62.86,131929,21,买盘
2432,13:03:34,62.9,157183,25,买盘
2433,13:03:37,62.9,314498,50,买盘
2434,13:03:40,62.91,6291,1,中性盘
2435,13:03:43,62.94,415635,66,买盘
2436,13:03:46,62.95,195221,31,中性盘
2437,13:03:49,63.0,1341717,213,买盘
2438,13:03:52,63.0,478774,76,买盘
2439,13:03:55,63.04,128798,20,买盘
2440,13:03:58,63.04,100861,16,买盘
2441,13:04:01,62.99,1373529,218,卖盘
2442,13:04:04,63.01,742939,118,买盘
2443,13:04:07,62.98,780468,124,中性盘
2444,13:04:10,63.0,850160,135,中性盘
2445,13:04:13,62.99,340275,54,中性盘
2446,13:04:16,63.0,409637,65,买盘
2447,13:04:19,63.0,144927,23,卖盘
2448,13:04:22,63.04,598593,95,买盘
2449,13:04:25,63.05,523435,83,买盘
2450,13:04:28,63.06,157626,25,中性盘
2451,13:04:31,63.11,1161130,184,买盘
2452,13:04:34,63.11,296603,47,买盘
2453,13:04:37,63.12,277688,44,买盘
2454,13:04:40,63.16,183078,29,买盘
2455,13:04:43,63.16,113688,18,买盘
2456,13:04:46,63.17,31582,5,中性盘
2457,13:04:49,63.2,480236,76,买盘
2458,13:04:52,63.19,151660,24,中性盘
2459,13:04:55,63.19,139018,22,买盘
2460,13:04:58,63.23,82187,13,买盘
2461,13:05:01,63.23,392131,62,买盘
2462,13:05:04,63.25,189731,30,卖盘
2463,13:05:07,63.3,436744,69,买盘
2464,13:05:10,63.3,113933,18,买盘
2465,13:05:13,63.33,955794,151,买盘
2466,13:05:16,63.32,240608,38,中性盘
2467,13:05:19,63.33,101332,16,中性盘
2468,13:05:22,63.44,405591,64,买盘
2469,13:05:25,63.47,107860,17,买盘
2470,13:05:28,63.49,507747,80,买盘
2471,13:05:31,63.49,425240,67,买盘
2472,13:05:34,63.49,1739434,274,买盘
2473,13:05:37,63.5,679389,107,买盘
2474,13:05:40,63.54,279488,44,买盘
2475,13:05:43,63.54,279595,44,买盘
2476,13:05:46,63.55,152560,24,买盘
2477,13:05:49,63.5,1620161,255,卖盘
2478,13:05:52,63.46,3567652,562,卖盘
2479,13:05:55,63.39,437238,69,中性盘
2480,13:05:58,63.44,1865384,294,买盘
2481,13:06:01,63.33,919184,145,卖盘
2482,13:06:04,63.27,2436512,385,卖盘
2483,13:06:07,63.23,101176,16,中性盘
2484,13:06:10,63.24,240250,38,买盘
2485,13:06:13,63.23,316194,50,中性盘
2486,13:06:16,63.26,449101,71,买盘
2487,13:06:19,63.23,619913,98,买盘
2488,13:06:22,63.23,341492,54,卖盘
2489,13:06:25,63.27,253032,40,买盘
2490,13:06:28,63.31,265829,42,买盘
2491,13:06:31,63.31,69635,11,买盘
2492,13:06:34,63.32,101307,16,中性盘
2493,13:06:37,63.33,297639,47,买盘
2494,13:06:40,63.33,1253889,198,买盘
2495,13:06:43,63.34,31669,5,中性盘
2496,13:06:46,63.33,259665,41,卖盘
2497,13:06:49,63.34,145707,23,买盘
2498,13:06:52,63.33,310322,49,卖盘
2499,13:06:55,63.27,405135,64,卖盘
2500,13:06:58,63.28,164519,26,买盘
2501,13:07:01,63.28,196148,31,中性盘
2502,13:07:04,63.3,582241,92,买盘
2503,13:07:07,63.3,341840,54,卖盘
2504,13:07:10,63.29,196217,31,卖盘
2505,13:07:13,63.29,215104,34,卖盘
2506,13:07:16,63.29,177213,28,卖盘
2507,13:07:19,63.3,158244,25,买盘
2508,13:07:22,63.29,170893,27,卖盘
2509,13:07:25,63.31,1107818,175,买盘
2510,13:07:28,63.3,405182,64,卖盘
2511,13:07:31,63.32,430452,68,买盘
2512,13:07:34,63.3,75975,12,卖盘
2513,13:07:37,63.34,322943,51,买盘
2514,13:07:40,63.34,57013,9,卖盘
2515,13:07:43,63.36,76015,12,买盘
2516,13:07:46,63.37,38018,6,买盘
2517,13:07:49,63.4,63394,10,买盘
2518,13:07:52,63.4,12680,2,买盘
2519,13:07:55,63.41,6341,1,买盘
2520,13:07:58,63.41,215582,34,卖盘
2521,13:08:01,63.41,202902,32,买盘
2522,13:08:04,63.41,126830,20,卖盘
2523,13:08:07,63.45,44408,7,买盘
2524,13:08:10,63.48,139631,22,买盘
2525,13:08:13,63.5,266673,42,买盘
2526,13:08:16,63.49,882614,139,买盘
2527,13:08:19,63.49,330187,52,买盘
2528,13:08:22,63.5,31746,5,中性盘
2529,13:08:25,63.49,19050,3,卖盘
2530,13:08:28,63.51,63510,10,卖盘
2531,13:08:31,63.52,1181880,186,买盘
2532,13:08:34,63.5,1174875,185,卖盘
2533,13:08:37,63.46,520557,82,卖盘
2534,13:08:40,63.39,799280,126,卖盘
2535,13:08:43,63.41,551778,87,买盘
2536,13:08:46,63.36,215479,34,卖盘
2537,13:08:49,63.37,202769,32,中性盘
2538,13:08:52,63.39,19011,3,买盘
2539,13:08:55,63.39,152131,24,买盘
2540,13:08:58,63.38,272549,43,卖盘
2541,13:09:01,63.36,475233,75,卖盘
2542,13:09:04,63.29,474743,75,卖盘
2543,13:09:07,63.34,189914,30,买盘
2544,13:09:10,63.31,151939,24,买盘
2545,13:09:13,63.31,120273,19,卖盘
2546,13:09:16,63.31,177254,28,买盘
2547,13:09:19,63.31,284948,45,买盘
2548,13:09:22,63.35,177325,28,买盘
2549,13:09:25,63.35,373757,59,买盘
2550,13:09:28,63.35,500409,79,买盘
2551,13:09:31,63.35,228033,36,卖盘
2552,13:09:34,63.34,69673,11,买盘
2553,13:09:37,63.38,95055,15,买盘
2554,13:09:40,63.34,386569,61,卖盘
2555,13:09:43,63.39,228199,36,买盘
2556,13:09:46,63.5,228407,36,买盘
2557,13:09:49,63.5,76200,12,买盘
2558,13:09:52,63.5,120643,19,买盘
2559,13:09:55,63.54,95320,15,买盘
2560,13:09:58,63.59,432124,68,买盘
2561,13:10:01,63.51,628587,99,中性盘
2562,13:10:04,63.39,393304,62,卖盘
2563,13:10:07,63.39,590499,93,买盘
2564,13:10:10,63.48,272895,43,买盘
2565,13:10:13,63.48,533292,84,买盘
2566,13:10:16,63.49,533575,84,买盘
2567,13:10:19,63.42,260283,41,卖盘
2568,13:10:22,63.53,1660213,261,买盘
2569,13:10:25,63.53,343212,54,卖盘
2570,13:10:28,63.66,76350,12,买盘
2571,13:10:31,63.65,152602,24,买盘
2572,13:10:34,63.65,419640,66,买盘
2573,13:10:37,63.65,229115,36,买盘
2574,13:10:40,63.65,159125,25,买盘
2575,13:10:43,63.65,617380,97,买盘
2576,13:10:46,63.65,235492,37,买盘
2577,13:10:49,63.66,190972,30,买盘
2578,13:10:52,63.62,1827042,287,卖盘
2579,13:10:55,63.67,490213,77,买盘
2580,13:10:58,63.66,502850,79,中性盘
2581,13:11:01,63.54,477233,75,卖盘
2582,13:11:04,63.54,826565,130,买盘
2583,13:11:07,63.53,1029878,162,卖盘
2584,13:11:10,63.62,228882,36,买盘
2585,13:11:13,63.66,241848,38,买盘
2586,13:11:16,63.66,50937,8,卖盘
2587,13:11:19,63.7,57323,9,买盘
2588,13:11:22,63.78,306110,48,买盘
2589,13:11:25,63.8,274286,43,买盘
2590,13:11:28,63.82,299843,47,买盘
2591,13:11:31,63.88,319245,50,买盘
2592,13:11:34,63.88,25550,4,买盘
2593,13:11:37,63.89,172477,27,买盘
2594,13:11:40,63.94,581429,91,买盘
2595,13:11:43,63.93,927512,145,买盘
2596,13:11:46,64.12,5470407,854,买盘
2597,13:11:49,64.1,198548,31,中性盘
2598,13:11:52,64.18,596269,93,买盘
2599,13:11:55,64.15,192441,30,中性盘
2600,13:11:58,64.15,641727,100,买盘
2601,13:12:01,64.18,994542,155,中性盘
2602,13:12:04,64.16,1584411,247,卖盘
2603,13:12:07,63.99,775489,121,卖盘
2604,13:12:10,64.0,659791,103,卖盘
2605,13:12:13,64.01,1184157,185,买盘
2606,13:12:16,64.01,554735,87,卖盘
2607,13:12:19,64.11,288444,45,中性盘
2608,13:12:22,64.15,551331,86,买盘
2609,13:12:25,64.18,186080,29,买盘
2610,13:12:28,64.15,513236,80,卖盘
2611,13:12:31,64.23,449362,70,买盘
2612,13:12:34,64.29,1079604,168,买盘
2613,13:12:37,64.3,643081,100,中性盘
2614,13:12:40,64.34,2314893,360,买盘
2615,13:12:43,64.4,57928,9,买盘
2616,13:12:46,64.4,1906343,296,买盘
2617,13:12:49,64.42,991825,154,买盘
2618,13:12:52,64.45,463918,72,买盘
2619,13:12:55,64.49,277224,43,买盘
2620,13:12:58,64.49,316018,49,买盘
2621,13:13:01,64.5,528859,82,买盘
2622,13:13:04,64.5,1270630,197,买盘
2623,13:13:07,64.5,832029,129,买盘
2624,13:13:10,64.5,406375,63,买盘
2625,13:13:13,64.5,1154570,179,卖盘
2626,13:13:16,64.5,1006261,156,卖盘
2627,13:13:19,64.5,1787701,277,卖盘
2628,13:13:22,64.6,1730747,268,买盘
2629,13:13:25,64.64,245504,38,买盘
2630,13:13:28,64.66,471948,73,买盘
2631,13:13:31,64.69,1157417,179,买盘
2632,13:13:34,64.73,258791,40,买盘
2633,13:13:37,64.76,744007,115,卖盘
2634,13:13:40,64.76,945158,146,买盘
2635,13:13:43,64.8,582943,90,买盘
2636,13:13:46,64.75,2048033,316,卖盘
2637,13:13:49,64.63,1915387,296,卖盘
2638,13:13:52,64.7,1073695,166,买盘
2639,13:13:55,64.64,990133,153,中性盘
2640,13:13:58,64.53,819873,127,卖盘
2641,13:14:01,64.47,1083771,168,卖盘
2642,13:14:04,64.5,1928899,299,买盘
2643,13:14:07,64.34,90163,14,中性盘
2644,13:14:10,64.38,521994,81,中性盘
2645,13:14:13,64.4,715087,111,买盘
2646,13:14:16,64.5,193248,30,买盘
2647,13:14:19,64.5,290015,45,买盘
2648,13:14:22,64.51,586905,91,买盘
2649,13:14:25,64.52,458177,71,中性盘
2650,13:14:28,64.51,646141,100,卖盘
2651,13:14:31,64.51,799849,124,买盘
2652,13:14:34,64.51,354816,55,买盘
2653,13:14:37,64.51,554926,86,卖盘
2654,13:14:40,64.49,2200083,341,卖盘
2655,13:14:43,64.51,1416918,220,买盘
2656,13:14:46,64.51,1359079,211,买盘
2657,13:14:49,64.32,225196,35,卖盘
2658,13:14:52,64.45,482890,75,中性盘
2659,13:14:55,64.31,225040,35,买盘
2660,13:14:58,64.31,3247969,505,买盘
2661,13:15:01,64.18,590702,92,卖盘
2662,13:15:04,64.13,237350,37,卖盘
2663,13:15:07,64.15,301377,47,买盘
2664,13:15:10,64.17,320731,50,中性盘
2665,13:15:13,64.1,121825,19,卖盘
2666,13:15:16,64.0,838878,131,卖盘
2667,13:15:19,64.0,185560,29,中性盘
2668,13:15:22,63.89,115068,18,卖盘
2669,13:15:25,63.79,536317,84,卖盘
2670,13:15:28,63.61,146923,23,卖盘
2671,13:15:31,63.82,70050,11,中性盘
2672,13:15:34,63.61,57297,9,中性盘
2673,13:15:37,63.62,446862,70,中性盘
2674,13:15:40,63.8,178607,28,中性盘
2675,13:15:43,63.63,1916554,300,卖盘
2676,13:15:46,64.0,544396,85,买盘
2677,13:15:49,63.99,38395,6,卖盘
2678,13:15:52,64.0,345908,54,中性盘
2679,13:15:55,64.12,467884,73,中性盘
2680,13:15:58,64.09,454953,71,中性盘
2681,13:16:01,64.15,705060,110,买盘
2682,13:16:04,64.0,685529,107,卖盘
2683,13:16:07,64.13,44909,7,卖盘
2684,13:16:10,64.09,128163,20,卖盘
2685,13:16:13,64.15,429750,67,买盘
2686,13:16:16,64.15,153942,24,买盘
2687,13:16:19,64.13,474275,74,卖盘
2688,13:16:22,64.15,134694,21,买盘
2689,13:16:25,64.15,250166,39,买盘
2690,13:16:28,64.15,622166,97,卖盘
2691,13:16:31,64.16,211681,33,买盘
2692,13:16:34,64.19,686594,107,买盘
2693,13:16:37,64.16,173217,27,中性盘
2694,13:16:40,64.18,224577,35,买盘
2695,13:16:43,64.14,532604,83,卖盘
2696,13:16:46,64.16,878359,137,买盘
2697,13:16:49,64.14,307809,48,买盘
2698,13:16:52,64.17,243762,38,买盘
2699,13:16:55,64.2,526363,82,买盘
2700,13:16:58,64.3,115724,18,买盘
2701,13:17:01,64.21,109220,17,卖盘
2702,13:17:04,64.3,205573,32,买盘
2703,13:17:07,64.3,141461,22,卖盘
2704,13:17:10,64.3,353631,55,中性盘
2705,13:17:13,64.38,347286,54,买盘
2706,13:17:16,64.31,141492,22,卖盘
2707,13:17:19,64.34,218634,34,买盘
2708,13:17:22,64.32,180071,28,买盘
2709,13:17:25,64.32,77183,12,卖盘
2710,13:17:28,64.31,887398,138,卖盘
2711,13:17:31,64.21,752331,117,卖盘
2712,13:17:34,64.21,714075,111,卖盘
2713,13:17:37,64.38,102828,16,买盘
2714,13:17:40,64.32,135092,21,买盘
2715,13:17:43,64.14,526672,82,卖盘
2716,13:17:46,64.37,173741,27,买盘
2717,13:17:49,64.36,70745,11,买盘
2718,13:17:52,64.36,57886,9,买盘
2719,13:17:55,64.36,205847,32,买盘
2720,13:17:58,64.36,122289,19,中性盘
2721,13:18:01,64.37,205826,32,买盘
2722,13:18:04,64.37,360272,56,买盘
2723,13:18:07,64.3,38605,6,卖盘
2724,13:18:10,64.27,238109,37,卖盘
2725,13:18:13,64.26,128521,20,卖盘
2726,13:18:16,64.27,873760,136,买盘
2727,13:18:19,64.26,57834,9,卖盘
2728,13:18:22,64.3,771167,120,买盘
2729,13:18:25,64.31,134974,21,买盘
2730,13:18:28,64.3,51422,8,中性盘
2731,13:18:31,64.3,38580,6,买盘
2732,13:18:34,64.27,44996,7,卖盘
2733,13:18:37,64.3,45010,7,买盘
2734,13:18:40,64.3,122167,19,买盘
2735,13:18:43,64.3,96446,15,买盘
2736,13:18:46,64.3,115740,18,卖盘
2737,13:18:49,64.3,32150,5,卖盘
2738,13:18:52,64.31,340879,53,买盘
2739,13:18:55,64.39,167372,26,买盘
2740,13:19:01,64.31,147955,23,卖盘
2741,13:19:04,64.39,206047,32,买盘
2742,13:19:07,64.39,122352,19,卖盘
2743,13:19:10,64.42,141692,22,买盘
2744,13:19:13,64.45,212647,33,买盘
2745,13:19:16,64.45,251467,39,卖盘
2746,13:19:19,64.46,257997,40,中性盘
2747,13:19:22,64.58,122601,19,买盘
2748,13:19:25,64.63,213223,33,买盘
2749,13:19:28,64.66,109932,17,买盘
2750,13:19:31,64.72,97116,15,买盘
2751,13:19:34,64.8,246240,38,买盘
2752,13:19:37,64.8,1619988,250,买盘
2753,13:19:40,64.86,518673,80,买盘
2754,13:19:43,64.88,402346,62,买盘
2755,13:19:46,64.93,142853,22,买盘
2756,13:19:49,64.98,318293,49,买盘
2757,13:19:52,64.98,142941,22,买盘
2758,13:19:55,64.98,1052673,162,买盘
2759,13:19:58,65.0,1455767,224,买盘
2760,13:20:01,65.04,962079,148,买盘
2761,13:20:04,65.09,260249,40,买盘
2762,13:20:07,65.1,319099,49,买盘
2763,13:20:10,65.25,286888,44,买盘
2764,13:20:13,65.21,293670,45,中性盘
2765,13:20:16,65.25,789003,121,卖盘
2766,13:20:19,65.3,2147085,329,买盘
2767,13:20:22,65.3,1103065,169,卖盘
2768,13:20:25,65.39,587749,90,买盘
2769,13:20:28,65.47,771770,118,买盘
2770,13:20:31,65.56,530758,81,买盘
2771,13:20:34,65.6,183531,28,买盘
2772,13:20:37,65.7,196905,30,买盘
2773,13:20:40,65.82,262865,40,买盘
2774,13:20:43,65.86,395212,60,买盘
2775,13:20:46,65.86,1166181,177,中性盘
2776,13:20:49,65.56,3671956,559,卖盘
2777,13:20:52,65.4,1672375,255,卖盘
2778,13:20:55,65.6,1034870,158,买盘
2779,13:20:58,65.43,601985,92,卖盘
2780,13:21:01,65.39,1406275,215,卖盘
2781,13:21:04,65.2,894677,137,卖盘
2782,13:21:07,65.28,997755,153,买盘
2783,13:21:10,65.0,918922,141,卖盘
2784,13:21:13,65.07,455309,70,买盘
2785,13:21:16,65.17,422734,65,买盘
2786,13:21:19,65.22,429803,66,买盘
2787,13:21:22,65.3,280331,43,买盘
2788,13:21:25,65.33,476911,73,买盘
2789,13:21:28,65.33,391919,60,卖盘
2790,13:21:31,65.37,2151522,329,买盘
2791,13:21:34,65.44,2549720,390,中性盘
2792,13:21:37,65.52,78600,12,买盘
2793,13:21:40,65.64,124553,19,买盘
2794,13:21:43,65.52,2130049,325,卖盘
2795,13:21:46,65.43,1081672,165,卖盘
2796,13:21:49,65.44,1060608,162,买盘
2797,13:21:52,65.58,393319,60,买盘
2798,13:21:55,65.58,288405,44,买盘
2799,13:21:58,65.47,845968,129,卖盘
2800,13:22:01,65.59,347319,53,买盘
2801,13:22:04,65.44,936857,143,卖盘
2802,13:22:07,65.59,301808,46,中性盘
2803,13:22:10,65.63,538085,82,中性盘
2804,13:22:13,65.63,1069830,163,卖盘
2805,13:22:16,65.65,249436,38,买盘
2806,13:22:19,65.65,689511,105,买盘
2807,13:22:22,65.68,288941,44,中性盘
2808,13:22:25,65.7,630555,96,中性盘
2809,13:22:28,65.7,1188563,181,卖盘
2810,13:22:31,65.72,3062555,466,买盘
2811,13:22:34,65.76,295761,45,买盘
2812,13:22:37,65.79,52628,8,买盘
2813,13:22:40,65.8,954091,145,买盘
2814,13:22:43,65.83,177699,27,买盘
2815,13:22:46,65.83,2191546,333,卖盘
2816,13:22:49,65.88,171249,26,买盘
2817,13:22:52,65.88,171292,26,卖盘
2818,13:22:55,65.9,415161,63,买盘
2819,13:22:58,65.9,2747980,417,买盘
2820,13:23:01,65.92,296679,45,买盘
2821,13:23:04,65.98,125344,19,买盘
2822,13:23:07,65.99,2447577,371,买盘
2823,13:23:10,66.1,1696315,257,买盘
2824,13:23:13,66.3,218237,33,买盘
2825,13:23:16,66.09,900314,136,卖盘
2826,13:23:19,66.32,774381,117,买盘
2827,13:23:22,66.16,99325,15,中性盘
2828,13:23:25,66.1,629174,95,卖盘
2829,13:23:28,66.2,714571,108,中性盘
2830,13:23:31,66.1,1778189,269,卖盘
2831,13:23:34,66.0,3742745,567,卖盘
2832,13:23:37,66.1,7771186,1174,买盘
2833,13:23:40,66.0,1859574,281,买盘
2834,13:23:43,66.1,350654,53,买盘
2835,13:23:46,66.09,323729,49,卖盘
2836,13:23:49,66.09,442860,67,买盘
2837,13:23:52,66.09,297403,45,卖盘
2838,13:23:55,66.1,674147,102,买盘
2839,13:23:58,66.11,317254,48,买盘
2840,13:24:01,66.14,125628,19,买盘
2841,13:24:04,66.16,898864,136,买盘
2842,13:24:07,66.1,363621,55,卖盘
2843,13:24:10,66.02,720455,109,卖盘
2844,13:24:13,66.02,1985573,301,卖盘
2845,13:24:16,65.85,804230,122,卖盘
2846,13:24:19,65.8,52645,8,卖盘
2847,13:24:22,65.88,1296627,197,买盘
2848,13:24:25,65.84,250187,38,中性盘
2849,13:24:28,65.84,177864,27,卖盘
2850,13:24:31,65.88,1593047,242,卖盘
2851,13:24:34,65.81,579101,88,中性盘
2852,13:24:37,65.76,460372,70,卖盘
2853,13:24:40,65.8,184280,28,卖盘
2854,13:24:43,65.71,249763,38,卖盘
2855,13:24:46,65.76,420643,64,卖盘
2856,13:24:49,65.65,499311,76,卖盘
2857,13:24:52,65.6,833251,127,卖盘
2858,13:24:55,65.6,144306,22,买盘
2859,13:24:58,65.67,118147,18,买盘
2860,13:25:01,65.61,715295,109,卖盘
2861,13:25:04,65.6,433145,66,卖盘
2862,13:25:07,65.6,262522,40,卖盘
2863,13:25:10,65.66,282225,43,中性盘
2864,13:25:13,65.63,137803,21,中性盘
2865,13:25:16,65.7,262587,40,买盘
2866,13:25:19,65.69,183760,28,中性盘
2867,13:25:22,65.73,124843,19,买盘
2868,13:25:25,65.72,519461,79,中性盘
2869,13:25:28,65.7,223388,34,卖盘
2870,13:25:31,65.76,868132,132,买盘
2871,13:25:34,65.86,98683,15,买盘
2872,13:25:37,65.88,85633,13,买盘
2873,13:25:40,65.87,105441,16,卖盘
2874,13:25:43,65.88,32948,5,卖盘
2875,13:25:46,65.89,131889,20,中性盘
2876,13:25:49,65.88,626539,95,卖盘
2877,13:25:52,65.92,105440,16,买盘
2878,13:25:55,65.95,164735,25,中性盘
2879,13:25:58,65.85,533514,81,卖盘
2880,13:26:01,65.72,506806,77,卖盘
2881,13:26:04,65.7,368229,56,卖盘
2882,13:26:07,65.72,256576,39,中性盘
2883,13:26:10,65.7,335300,51,卖盘
2884,13:26:13,65.87,210303,32,买盘
2885,13:26:16,65.88,164608,25,买盘
2886,13:26:19,65.88,263526,40,卖盘
2887,13:26:22,65.9,138362,21,买盘
2888,13:26:25,65.88,461261,70,买盘
2889,13:26:28,65.9,230565,35,买盘
2890,13:26:31,65.88,329178,50,卖盘
2891,13:26:34,65.9,322989,49,中性盘
2892,13:26:37,65.89,224042,34,中性盘
2893,13:26:40,65.9,434935,66,买盘
2894,13:26:43,65.93,65915,10,中性盘
2895,13:26:46,65.98,224248,34,买盘
2896,13:26:49,65.97,442084,67,卖盘
2897,13:26:52,65.99,105558,16,买盘
2898,13:26:55,66.02,211217,32,买盘
2899,13:26:58,66.01,191445,29,卖盘
2900,13:27:01,66.07,898491,136,买盘
2901,13:27:04,66.14,264228,40,买盘
2902,13:27:07,66.18,99240,15,买盘
2903,13:27:10,66.26,264854,40,买盘
2904,13:27:13,66.34,649601,98,买盘
2905,13:27:16,66.4,358313,54,买盘
2906,13:27:19,66.46,658171,99,买盘
2907,13:27:22,66.5,698128,105,买盘
2908,13:27:25,66.6,704915,106,买盘
2909,13:27:28,66.66,233026,35,买盘
2910,13:27:31,66.77,373519,56,买盘
2911,13:27:34,66.8,300605,45,买盘
2912,13:27:37,66.88,233981,35,买盘
2913,13:27:40,66.82,2873250,430,卖盘
2914,13:27:43,66.86,688731,103,中性盘
2915,13:27:46,66.89,2353454,352,买盘
2916,13:27:49,66.89,541711,81,买盘
2917,13:27:52,66.94,174000,26,买盘
2918,13:27:55,66.93,468585,70,中性盘
2919,13:27:58,67.01,1439552,215,买盘
2920,13:28:01,67.2,268338,40,买盘
2921,13:28:04,67.2,617407,92,买盘
2922,13:28:07,67.0,1673446,250,卖盘
2923,13:28:10,66.89,1478064,221,卖盘
2924,13:28:13,66.66,602013,90,卖盘
2925,13:28:16,66.66,247239,37,卖盘
2926,13:28:19,66.67,440804,66,中性盘
2927,13:28:22,66.66,1295771,194,卖盘
2928,13:28:25,66.89,387639,58,买盘
2929,13:28:28,66.89,1291631,193,卖盘
2930,13:28:31,67.0,1024703,153,买盘
2931,13:28:34,67.07,817129,122,买盘
2932,13:28:37,67.1,73791,11,买盘
2933,13:28:40,67.15,154345,23,买盘
2934,13:28:43,67.16,1678342,250,买盘
2935,13:28:46,67.2,188145,28,中性盘
2936,13:28:49,67.27,537584,80,买盘
2937,13:28:52,67.3,1170426,174,买盘
2938,13:28:55,67.3,228813,34,卖盘
2939,13:28:58,67.38,336534,50,买盘
2940,13:29:01,67.4,821609,122,买盘
2941,13:29:04,67.38,431259,64,卖盘
2942,13:29:07,67.38,748042,111,卖盘
2943,13:29:10,67.25,3176376,472,卖盘
2944,13:29:13,67.1,948818,141,卖盘
2945,13:29:16,67.07,1358459,202,卖盘
2946,13:29:19,67.2,127529,19,中性盘
2947,13:29:22,66.99,651048,97,卖盘
2948,13:29:25,67.0,267886,40,买盘
2949,13:29:28,66.99,341643,51,中性盘
2950,13:29:31,66.9,187515,28,卖盘
2951,13:29:34,67.0,261146,39,买盘
2952,13:29:37,66.74,394653,59,卖盘
2953,13:29:40,66.9,73576,11,买盘
2954,13:29:43,66.76,113666,17,中性盘
2955,13:29:46,66.83,400631,60,中性盘
2956,13:29:49,66.83,233778,35,买盘
2957,13:29:52,66.7,841181,126,卖盘
2958,13:29:55,66.71,113415,17,买盘
2959,13:29:58,66.72,580545,87,卖盘
2960,13:30:01,66.8,180263,27,买盘
2961,13:30:04,66.83,220405,33,买盘
2962,13:30:07,66.74,133570,20,中性盘
2963,13:30:10,66.77,547305,82,中性盘
2964,13:30:13,66.77,400626,60,卖盘
2965,13:30:16,66.77,333894,50,卖盘
2966,13:30:19,66.93,1516956,227,买盘
2967,13:30:22,66.93,26786,4,卖盘
2968,13:30:25,66.97,107151,16,买盘
2969,13:30:28,67.0,2137059,319,买盘
2970,13:30:31,67.07,757267,113,买盘
2971,13:30:34,67.2,127679,19,买盘
2972,13:30:37,67.19,288933,43,中性盘
2973,13:30:40,67.19,732252,109,买盘
2974,13:30:43,67.2,537434,80,买盘
2975,13:30:46,67.13,571133,85,卖盘
2976,13:30:49,67.13,80556,12,买盘
2977,13:30:52,67.13,295485,44,卖盘
2978,13:30:55,67.07,1120456,167,卖盘
2979,13:30:58,67.06,784808,117,卖盘
2980,13:31:01,67.02,676970,101,卖盘
2981,13:31:04,66.96,214318,32,卖盘
2982,13:31:07,66.93,153951,23,卖盘
2983,13:31:10,66.96,194148,29,买盘
2984,13:31:13,66.93,334741,50,卖盘
2985,13:31:16,66.88,193958,29,卖盘
2986,13:31:19,66.9,354304,53,中性盘
2987,13:31:22,66.85,273872,41,中性盘
2988,13:31:25,66.79,126989,19,卖盘
2989,13:31:28,66.8,788144,118,买盘
2990,13:31:31,66.7,240227,36,卖盘
2991,13:31:34,66.7,967362,145,卖盘
2992,13:31:37,66.7,133406,20,卖盘
2993,13:31:40,66.7,286805,43,买盘
2994,13:31:43,66.7,513522,77,卖盘
2995,13:31:46,66.7,166754,25,中性盘
2996,13:31:49,66.7,106736,16,卖盘
2997,13:31:52,66.7,193425,29,卖盘
2998,13:31:55,66.69,373367,56,中性盘
2999,13:31:58,66.69,340053,51,买盘
3000,13:32:01,66.66,520245,78,卖盘
3001,13:32:04,66.66,800229,120,卖盘
3002,13:32:07,66.72,146671,22,买盘
3003,13:32:10,66.66,53326,8,卖盘
3004,13:32:13,66.69,40019,6,卖盘
3005,13:32:16,66.69,13338,2,卖盘
3006,13:32:19,66.7,140067,21,买盘
3007,13:32:22,66.7,626973,94,买盘
3008,13:32:25,66.7,140084,21,卖盘
3009,13:32:28,66.76,407045,61,买盘
3010,13:32:31,66.83,86847,13,买盘
3011,13:32:34,66.83,106931,16,卖盘
3012,13:32:37,66.86,167084,25,买盘
3013,13:32:40,66.86,73548,11,买盘
3014,13:32:43,66.91,86947,13,买盘
3015,13:32:46,66.87,107042,16,卖盘
3016,13:32:49,66.9,113700,17,买盘
3017,13:32:52,66.86,287567,43,卖盘
3018,13:32:55,66.83,267317,40,卖盘
3019,13:32:58,66.85,147008,22,买盘
3020,13:33:01,66.84,73483,11,买盘
3021,13:33:04,66.83,842074,126,卖盘
3022,13:33:07,66.83,314107,47,卖盘
3023,13:33:10,66.8,86860,13,卖盘
3024,13:33:13,66.7,320264,48,卖盘
3025,13:33:16,66.69,832889,125,中性盘
3026,13:33:19,66.53,459536,69,卖盘
3027,13:33:22,66.5,13300,2,卖盘
3028,13:33:25,66.5,452638,68,卖盘
3029,13:33:28,66.44,39866,6,卖盘
3030,13:33:31,66.29,172574,26,卖盘
3031,13:33:34,66.26,894864,135,卖盘
3032,13:33:37,66.11,251596,38,卖盘
3033,13:33:40,66.1,152091,23,卖盘
3034,13:33:43,66.1,211424,32,卖盘
3035,13:33:46,66.1,686532,104,买盘
3036,13:33:49,66.01,382861,58,买盘
3037,13:33:52,66.0,521622,79,卖盘
3038,13:33:55,66.0,164997,25,买盘
3039,13:33:58,65.99,198009,30,卖盘
3040,13:34:01,66.0,640197,97,买盘
3041,13:34:04,65.97,811783,123,卖盘
3042,13:34:07,65.99,257387,39,中性盘
3043,13:34:10,66.0,277190,42,买盘
3044,13:34:13,66.0,540731,82,买盘
3045,13:34:16,66.0,191398,29,买盘
3046,13:34:19,66.03,475212,72,买盘
3047,13:34:22,66.08,270847,41,买盘
3048,13:34:25,66.06,151922,23,中性盘
3049,13:34:28,66.06,132136,20,卖盘
3050,13:34:31,66.06,112312,17,卖盘
3051,13:34:34,66.08,26432,4,买盘
3052,13:34:37,66.1,555048,84,买盘
3053,13:34:40,66.1,59492,9,卖盘
3054,13:34:43,66.11,66110,10,买盘
3055,13:34:46,66.13,2840165,430,买盘
3056,13:34:49,66.15,608589,92,卖盘
3057,13:34:52,66.15,516553,78,卖盘
3058,13:34:55,66.15,26461,4,卖盘
3059,13:34:58,66.16,33098,5,卖盘
3060,13:35:01,66.23,119149,18,中性盘
3061,13:35:04,66.2,231639,35,中性盘
3062,13:35:07,66.21,132402,20,买盘
3063,13:35:10,66.16,86063,13,卖盘
3064,13:35:13,66.0,753485,114,卖盘
3065,13:35:16,66.13,19839,3,中性盘
3066,13:35:19,66.12,13212,2,中性盘
3067,13:35:22,66.0,231052,35,卖盘
3068,13:35:25,66.03,277111,42,买盘
3069,13:35:28,65.98,244327,37,卖盘
3070,13:35:31,66.12,567988,86,买盘
3071,13:35:34,66.03,52776,8,中性盘
3072,13:35:37,66.0,251085,38,卖盘
3073,13:35:40,66.03,19809,3,中性盘
3074,13:35:43,66.0,52806,8,卖盘
3075,13:35:46,66.03,99046,15,中性盘
3076,13:35:49,66.0,85813,13,卖盘
3077,13:35:52,66.01,745809,113,买盘
3078,13:35:55,66.01,92406,14,中性盘
3079,13:35:58,66.01,145224,22,卖盘
3080,13:36:01,66.01,462065,70,卖盘
3081,13:36:04,66.0,363023,55,卖盘
3082,13:36:07,66.01,138621,21,买盘
