,成交时间,成交价格,成交金额,成交量,性质
0,09:25:02,54.68,6392092,1169,买盘
1,09:30:02,55.04,3574733,653,买盘
2,09:30:05,54.62,4916253,899,卖盘
3,09:30:08,54.56,1479690,271,中性盘
4,09:30:11,54.65,988603,181,买盘
5,09:30:14,54.63,1677900,307,卖盘
6,09:30:17,54.7,3470536,635,买盘
7,09:30:20,54.68,3670270,668,卖盘
8,09:30:23,54.72,1192291,218,买盘
9,09:30:26,54.84,2620688,479,买盘
10,09:30:29,54.75,2907085,531,卖盘
11,09:30:32,54.84,822110,150,中性盘
12,09:30:35,54.76,2007059,366,卖盘
13,09:30:38,54.71,2854955,522,卖盘
14,09:30:41,54.54,7189977,1317,卖盘
15,09:30:44,54.46,1021843,188,卖盘
16,09:30:47,54.48,1046924,193,买盘
17,09:30:50,54.1,1303445,241,卖盘
18,09:30:53,54.09,1359421,251,中性盘
19,09:30:56,54.3,3923965,726,买盘
20,09:30:59,54.22,1070628,197,卖盘
21,09:31:02,54.08,1537822,284,卖盘
22,09:31:05,54.0,3948085,731,卖盘
23,09:31:08,54.17,4335318,803,买盘
24,09:31:11,54.2,1874046,346,买盘
25,09:31:14,54.15,1186830,219,卖盘
26,09:31:17,54.35,916600,169,买盘
27,09:31:20,54.45,1272496,234,买盘
28,09:31:23,54.41,1416082,260,中性盘
29,09:31:26,54.15,821384,151,卖盘
30,09:31:29,54.23,1203467,222,买盘
31,09:31:32,54.18,1496615,276,卖盘
32,09:31:35,54.27,3209673,593,买盘
33,09:31:38,54.35,1604052,296,买盘
34,09:31:41,54.38,1297868,239,买盘
35,09:31:44,54.31,2337241,430,卖盘
36,09:31:47,54.19,911476,168,卖盘
37,09:31:50,54.35,2830208,522,买盘
38,09:31:53,54.3,907315,167,卖盘
39,09:31:56,54.28,548414,101,卖盘
40,09:31:59,54.3,835679,154,卖盘
41,09:32:02,54.25,1963180,362,买盘
42,09:32:05,54.25,634839,117,卖盘
43,09:32:08,54.16,595852,110,卖盘
44,09:32:11,54.1,741242,137,卖盘
45,09:32:14,54.11,415893,77,买盘
46,09:32:17,53.9,583255,108,卖盘
47,09:32:20,53.99,1285463,238,买盘
48,09:32:23,54.13,1318360,244,买盘
49,09:32:26,54.12,1432562,265,买盘
50,09:32:29,54.06,805231,149,中性盘
51,09:32:32,53.8,1951794,362,卖盘
52,09:32:35,53.96,555783,103,买盘
53,09:32:38,53.9,1030028,191,卖盘
54,09:32:41,53.94,749604,139,买盘
55,09:32:44,53.93,1602728,297,卖盘
56,09:32:47,53.91,846515,157,中性盘
57,09:32:50,53.86,695334,129,卖盘
58,09:32:53,53.91,781539,145,买盘
59,09:32:56,53.87,1742199,323,卖盘
60,09:32:59,53.92,1057648,196,中性盘
61,09:33:02,53.85,1557766,289,卖盘
62,09:33:05,54.01,1321202,245,买盘
63,09:33:08,54.1,2926767,542,买盘
64,09:33:11,54.18,3699212,684,买盘
65,09:33:14,54.11,1157489,214,卖盘
66,09:33:17,54.19,1196887,221,买盘
67,09:33:20,54.1,839267,155,卖盘
68,09:33:23,54.07,1023368,189,卖盘
69,09:33:26,54.12,908964,168,中性盘
70,09:33:29,54.12,855135,158,买盘
71,09:33:32,54.12,292298,54,买盘
72,09:33:35,54.12,1012276,187,卖盘
73,09:33:38,54.12,216456,40,卖盘
74,09:33:41,54.13,416484,77,买盘
75,09:33:44,54.13,692692,128,卖盘
76,09:33:47,54.12,1244227,230,中性盘
77,09:33:50,54.13,816583,151,买盘
78,09:33:53,54.15,1180136,218,买盘
79,09:33:56,54.13,508934,94,卖盘
80,09:33:59,54.14,524914,97,中性盘
81,09:34:02,54.13,1336050,247,中性盘
82,09:34:05,54.01,556775,103,卖盘
83,09:34:08,54.18,1618386,299,买盘
84,09:34:11,54.16,1457602,269,卖盘
85,09:34:14,54.3,753915,139,买盘
86,09:34:17,54.33,380369,70,买盘
87,09:34:20,54.32,587257,108,卖盘
88,09:34:23,54.43,838132,154,买盘
89,09:34:26,54.44,424439,78,中性盘
90,09:34:29,54.32,484380,89,卖盘
91,09:34:32,54.46,702243,129,买盘
92,09:34:35,54.46,473756,87,买盘
93,09:34:38,54.47,462912,85,买盘
94,09:34:41,54.49,87144,16,买盘
95,09:34:44,54.5,506701,93,买盘
96,09:34:47,54.53,130825,24,买盘
97,09:34:50,54.47,2010185,369,卖盘
98,09:34:53,54.43,1284495,236,中性盘
99,09:34:56,54.42,734072,135,中性盘
100,09:34:59,54.3,1118713,206,卖盘
101,09:35:02,54.2,287629,53,卖盘
102,09:35:05,54.26,906124,167,买盘
103,09:35:08,54.34,450731,83,买盘
104,09:35:11,54.35,206415,38,买盘
105,09:35:14,54.44,1272838,234,买盘
106,09:35:17,54.44,821784,151,买盘
107,09:35:20,54.44,244900,45,买盘
108,09:35:23,54.47,1311942,241,买盘
109,09:35:26,54.49,626333,115,买盘
110,09:35:29,54.53,632260,116,买盘
111,09:35:32,54.54,381738,70,买盘
112,09:35:35,54.52,817979,150,卖盘
113,09:35:38,54.5,1171659,215,卖盘
114,09:35:41,54.51,408852,75,买盘
115,09:35:44,54.44,141616,26,卖盘
116,09:35:47,54.46,903499,166,买盘
117,09:35:50,54.55,1018982,187,买盘
118,09:35:53,54.45,1857185,341,卖盘
119,09:35:56,54.49,1774354,326,买盘
120,09:35:59,54.52,648375,119,买盘
121,09:36:02,54.53,392581,72,买盘
122,09:36:05,54.52,397990,73,卖盘
123,09:36:08,54.59,1549187,284,买盘
124,09:36:11,54.58,1129644,207,卖盘
125,09:36:14,54.48,599771,110,卖盘
126,09:36:17,54.42,571989,105,卖盘
127,09:36:20,54.33,522588,96,卖盘
128,09:36:23,54.29,494342,91,卖盘
129,09:36:26,54.33,293349,54,中性盘
130,09:36:29,54.33,727614,134,买盘
131,09:36:32,54.26,1399947,258,卖盘
132,09:36:35,54.33,645520,119,买盘
133,09:36:38,54.22,320149,59,卖盘
134,09:36:41,54.15,1034952,191,卖盘
135,09:36:44,54.09,1223257,226,卖盘
136,09:36:47,54.15,2820807,521,买盘
137,09:36:50,54.11,838879,155,卖盘
138,09:36:53,54.14,541110,100,买盘
139,09:36:56,54.14,763150,141,卖盘
140,09:36:59,54.11,713596,132,买盘
141,09:37:02,54.13,1277193,236,买盘
142,09:37:05,54.18,920511,170,买盘
143,09:37:08,54.15,146263,27,卖盘
144,09:37:11,54.13,200340,37,卖盘
145,09:37:14,54.16,503488,93,买盘
146,09:37:17,54.16,259995,48,卖盘
147,09:37:20,54.18,910179,168,买盘
148,09:37:23,54.19,531044,98,买盘
149,09:37:26,54.2,1344048,248,买盘
150,09:37:29,54.22,531174,98,买盘
151,09:37:32,54.24,726696,134,买盘
152,09:37:35,54.22,1084920,200,卖盘
153,09:37:38,54.25,439326,81,买盘
154,09:37:41,54.25,146460,27,买盘
155,09:37:44,54.25,862672,159,买盘
156,09:37:47,54.3,189951,35,中性盘
157,09:37:50,54.3,162857,30,买盘
158,09:37:53,54.31,423617,78,中性盘
159,09:37:56,54.26,1378756,254,卖盘
160,09:37:59,54.22,1166300,215,卖盘
161,09:38:02,54.3,330880,61,买盘
162,09:38:05,54.3,173767,32,卖盘
163,09:38:08,54.3,119468,22,卖盘
164,09:38:11,54.22,2940535,542,卖盘
165,09:38:14,54.13,2448330,452,卖盘
166,09:38:17,54.07,1282113,237,卖盘
167,09:38:20,54.04,2243085,415,卖盘
168,09:38:23,54.11,2708183,501,买盘
169,09:38:26,54.07,713968,132,卖盘
170,09:38:29,54.21,660974,122,买盘
171,09:38:32,54.16,682874,126,卖盘
172,09:38:35,54.31,401597,74,买盘
173,09:38:38,54.28,195301,36,中性盘
174,09:38:41,54.27,59671,11,卖盘
175,09:38:44,54.14,477275,88,卖盘
176,09:38:47,54.17,222120,41,买盘
177,09:38:50,54.18,59625,11,中性盘
178,09:38:53,54.18,790839,146,买盘
179,09:38:56,54.15,352067,65,卖盘
180,09:38:59,54.2,688010,127,买盘
181,09:39:02,54.31,906098,167,买盘
182,09:39:05,54.38,1244898,229,买盘
183,09:39:08,54.35,331422,61,卖盘
184,09:39:11,54.38,898375,165,买盘
185,09:39:14,54.38,212031,39,买盘
186,09:39:17,54.38,179512,33,卖盘
187,09:39:20,54.38,217616,40,卖盘
188,09:39:23,54.39,494904,91,买盘
189,09:39:26,54.4,228435,42,买盘
190,09:39:29,54.42,451602,83,买盘
191,09:39:32,54.41,1382708,254,中性盘
192,09:39:35,54.37,2416439,444,卖盘
193,09:39:38,54.36,1419058,261,买盘
194,09:39:41,54.31,304253,56,卖盘
195,09:39:44,54.26,260850,48,卖盘
196,09:39:47,54.4,598455,110,买盘
197,09:39:50,54.36,304339,56,卖盘
198,09:39:53,54.36,108739,20,卖盘
199,09:39:56,54.36,114133,21,买盘
200,09:39:59,54.26,450515,83,卖盘
201,09:40:02,54.25,336347,62,卖盘
202,09:40:05,54.25,976831,180,买盘
203,09:40:08,54.36,1025795,189,买盘
204,09:40:11,54.28,195419,36,卖盘
205,09:40:14,54.36,412608,76,买盘
206,09:40:17,54.36,114106,21,买盘
207,09:40:20,54.33,124947,23,卖盘
208,09:40:23,54.36,108694,20,买盘
209,09:40:26,54.35,380331,70,中性盘
210,09:40:29,54.27,282309,52,卖盘
211,09:40:32,54.3,81508,15,卖盘
212,09:40:35,54.35,396698,73,买盘
213,09:40:38,54.34,92328,17,中性盘
214,09:40:41,54.29,298674,55,卖盘
215,09:40:44,54.29,238869,44,卖盘
216,09:40:47,54.29,1182998,218,卖盘
217,09:40:50,54.29,530288,98,买盘
218,09:40:53,54.29,423125,78,买盘
219,09:40:56,54.3,385670,71,卖盘
220,09:40:59,54.29,222603,41,卖盘
221,09:41:02,54.29,179160,33,卖盘
222,09:41:05,54.29,37993,7,卖盘
223,09:41:08,54.29,119423,22,买盘
224,09:41:11,54.29,27135,5,买盘
225,09:41:14,54.26,21710,4,中性盘
226,09:41:17,54.29,439545,81,买盘
227,09:41:20,54.22,276757,51,中性盘
228,09:41:23,54.29,271307,50,买盘
229,09:41:26,54.3,483066,89,买盘
230,09:41:29,54.31,38011,7,买盘
231,09:41:32,54.33,124935,23,买盘
232,09:41:35,54.34,695591,128,买盘
233,09:41:38,54.36,304226,56,买盘
234,09:41:41,54.33,217319,40,卖盘
235,09:41:44,54.36,173915,32,买盘
236,09:41:47,54.34,402166,74,卖盘
237,09:41:50,54.23,2638727,486,卖盘
238,09:41:53,54.15,861428,159,卖盘
239,09:41:56,54.12,730736,135,卖盘
240,09:41:59,54.17,3091908,569,买盘
241,09:42:02,54.15,4125393,760,卖盘
242,09:42:05,54.18,1640888,303,中性盘
243,09:42:08,54.14,487480,90,卖盘
244,09:42:11,54.17,720286,133,买盘
245,09:42:14,54.17,135425,25,卖盘
246,09:42:17,54.18,75845,14,卖盘
247,09:42:20,54.16,216673,40,卖盘
248,09:42:23,54.12,942173,174,卖盘
249,09:42:26,54.1,508560,94,卖盘
250,09:42:29,54.09,416513,77,卖盘
251,09:42:32,54.07,616478,114,卖盘
252,09:42:35,54.07,237837,44,卖盘
253,09:42:38,54.08,378560,70,买盘
254,09:42:41,54.07,1389673,257,卖盘
255,09:42:44,54.03,524227,97,卖盘
256,09:42:47,54.0,399736,74,卖盘
257,09:42:50,54.0,561666,104,卖盘
258,09:42:53,53.93,1911479,354,卖盘
259,09:42:56,53.9,1272191,236,卖盘
260,09:42:59,53.85,732792,136,卖盘
261,09:43:02,53.8,403550,75,卖盘
262,09:43:05,53.74,995146,185,卖盘
263,09:43:08,53.73,327742,61,卖盘
264,09:43:11,53.88,4071886,757,买盘
265,09:43:14,53.79,1027731,191,卖盘
266,09:43:17,53.77,215176,40,卖盘
267,09:43:20,53.84,295981,55,买盘
268,09:43:23,53.84,619606,115,卖盘
269,09:43:26,53.88,414868,77,中性盘
270,09:43:29,53.86,264207,49,卖盘
271,09:43:32,53.96,97114,18,买盘
272,09:43:35,53.88,560563,104,卖盘
273,09:43:38,53.98,382852,71,买盘
274,09:43:41,53.98,177983,33,买盘
275,09:43:44,53.93,356203,66,中性盘
276,09:43:47,53.98,167313,31,买盘
277,09:43:50,53.98,269776,50,买盘
278,09:43:53,53.98,113360,21,买盘
279,09:43:56,53.99,48585,9,买盘
280,09:43:59,53.99,626350,116,买盘
281,09:44:02,53.99,102528,19,中性盘
282,09:44:05,53.94,609523,113,卖盘
283,09:44:08,53.85,711261,132,卖盘
284,09:44:11,53.84,296131,55,卖盘
285,09:44:14,53.82,775268,144,卖盘
286,09:44:17,53.85,301482,56,中性盘
287,09:44:20,53.89,991491,184,买盘
288,09:44:23,53.85,220782,41,卖盘
289,09:44:26,53.85,37715,7,卖盘
290,09:44:29,53.89,75431,14,买盘
291,09:44:32,53.9,1191155,221,买盘
292,09:44:35,53.85,926883,172,卖盘
293,09:44:38,53.91,722326,134,买盘
294,09:44:41,53.95,496034,92,买盘
295,09:44:44,53.93,21581,4,卖盘
296,09:44:47,53.93,113331,21,卖盘
297,09:44:50,54.0,383308,71,买盘
298,09:44:53,54.0,5400,1,卖盘
299,09:44:56,54.0,172802,32,卖盘
300,09:44:59,53.98,199790,37,卖盘
301,09:45:02,53.97,367070,68,卖盘
302,09:45:05,53.92,91682,17,卖盘
303,09:45:08,53.94,16180,3,中性盘
304,09:45:11,53.94,75509,14,买盘
305,09:45:14,54.0,1155420,214,买盘
306,09:45:17,54.05,210639,39,买盘
307,09:45:20,54.05,578360,107,买盘
308,09:45:23,54.08,194677,36,买盘
309,09:45:26,54.08,232604,43,买盘
310,09:45:29,54.13,189443,35,买盘
311,09:45:32,54.17,10834,2,买盘
312,09:45:35,54.17,335872,62,买盘
313,09:45:38,54.19,10839,2,中性盘
314,09:45:41,54.19,43343,8,买盘
315,09:45:44,54.17,146306,27,卖盘
316,09:45:47,54.21,552862,102,买盘
317,09:45:50,54.21,162605,30,卖盘
318,09:45:53,54.22,216843,40,买盘
319,09:45:56,54.19,59613,11,卖盘
320,09:45:59,54.21,32526,6,买盘
321,09:46:02,54.19,119256,22,卖盘
322,09:46:05,54.19,54200,10,卖盘
323,09:46:08,54.15,1149336,212,卖盘
324,09:46:11,54.19,178805,33,买盘
325,09:46:14,54.17,16253,3,卖盘
326,09:46:17,54.13,286969,53,卖盘
327,09:46:20,54.13,102855,19,卖盘
328,09:46:23,54.09,1174566,217,卖盘
329,09:46:26,54.08,286803,53,卖盘
330,09:46:29,54.08,64891,12,卖盘
331,09:46:32,54.08,437937,81,买盘
332,09:46:35,54.08,291966,54,买盘
333,09:46:38,54.14,162348,30,买盘
334,09:46:41,54.13,59509,11,买盘
335,09:46:44,54.1,43292,8,卖盘
336,09:46:47,54.1,64935,12,卖盘
337,09:46:50,54.12,43298,8,买盘
338,09:46:53,54.12,151523,28,卖盘
339,09:46:56,54.12,59522,11,买盘
340,09:46:59,54.13,27065,5,买盘
341,09:47:02,54.11,211082,39,卖盘
342,09:47:05,54.18,774524,143,买盘
343,09:47:08,54.21,715498,132,买盘
344,09:47:11,54.22,927286,171,买盘
345,09:47:14,54.28,401659,74,买盘
346,09:47:17,54.33,266210,49,买盘
347,09:47:20,54.37,163046,30,买盘
348,09:47:23,54.35,114140,21,买盘
349,09:47:26,54.35,124993,23,卖盘
350,09:47:29,54.22,477906,88,卖盘
351,09:47:32,54.23,54232,10,中性盘
352,09:47:35,54.23,478027,88,卖盘
353,09:47:38,54.23,135605,25,卖盘
354,09:47:41,54.24,81431,15,中性盘
355,09:47:44,54.29,5429,1,买盘
356,09:47:47,54.29,21716,4,买盘
357,09:47:50,54.25,59706,11,中性盘
358,09:47:53,54.25,179022,33,买盘
359,09:47:56,54.2,645275,119,卖盘
360,09:47:59,54.13,260018,48,卖盘
361,09:48:02,54.06,736002,136,卖盘
362,09:48:05,54.09,43256,8,买盘
363,09:48:08,54.09,108163,20,买盘
364,09:48:11,54.09,75733,14,买盘
365,09:48:14,54.1,248847,46,买盘
366,09:48:17,54.11,265118,49,买盘
367,09:48:20,54.07,1184758,219,卖盘
368,09:48:23,54.0,934660,173,卖盘
369,09:48:26,53.95,242881,45,卖盘
370,09:48:29,53.94,480412,89,卖盘
371,09:48:32,53.95,409964,76,卖盘
372,09:48:35,53.9,846756,157,卖盘
373,09:48:38,53.87,237168,44,卖盘
374,09:48:41,53.96,2378503,441,买盘
375,09:48:44,53.98,550526,102,买盘
376,09:48:47,53.96,377914,70,中性盘
377,09:48:50,54.0,350959,65,买盘
378,09:48:53,54.01,210609,39,买盘
379,09:48:56,54.02,91824,17,买盘
380,09:48:59,54.03,27015,5,买盘
381,09:49:02,54.03,340426,63,买盘
382,09:49:05,54.08,135092,25,买盘
383,09:49:08,54.08,5408,1,买盘
384,09:49:11,54.03,70288,13,卖盘
385,09:49:14,54.07,37848,7,中性盘
386,09:49:17,54.07,54072,10,买盘
387,09:49:20,54.06,178398,33,卖盘
388,09:49:23,54.04,497086,92,卖盘
389,09:49:26,54.04,394440,73,买盘
390,09:49:29,54.02,361921,67,中性盘
391,09:49:32,54.04,659107,122,买盘
392,09:49:35,54.07,562133,104,买盘
393,09:49:38,54.07,427164,79,买盘
394,09:49:41,54.08,183850,34,买盘
395,09:49:44,54.12,194778,36,买盘
396,09:49:47,54.17,184096,34,中性盘
397,09:49:50,54.15,81253,15,卖盘
398,09:49:53,54.18,54173,10,买盘
399,09:49:56,54.12,59545,11,卖盘
400,09:49:59,54.12,64954,12,卖盘
401,09:50:02,54.13,162386,30,买盘
402,09:50:05,54.12,70390,13,卖盘
403,09:50:08,54.19,482078,89,买盘
404,09:50:11,54.13,151561,28,中性盘
405,09:50:14,54.14,108296,20,中性盘
406,09:50:17,54.18,720385,133,买盘
407,09:50:20,54.19,335931,62,买盘
408,09:50:23,54.16,335943,62,中性盘
409,09:50:26,54.19,1268844,234,买盘
410,09:50:29,54.21,140904,26,买盘
411,09:50:32,54.27,10854,2,买盘
412,09:50:38,54.27,667463,123,买盘
413,09:50:41,54.26,195327,36,买盘
414,09:50:44,54.26,141112,26,卖盘
415,09:50:47,54.26,216964,40,卖盘
416,09:50:50,54.24,249564,46,中性盘
417,09:50:56,54.18,119302,22,卖盘
418,09:50:59,54.18,168062,31,卖盘
419,09:51:02,54.18,81296,15,卖盘
420,09:51:05,54.19,168052,31,卖盘
421,09:51:08,54.25,770307,142,买盘
422,09:51:11,54.26,558841,103,买盘
423,09:51:14,54.21,433963,80,卖盘
424,09:51:17,54.26,303800,56,买盘
425,09:51:20,54.26,309167,57,买盘
426,09:51:23,54.21,32522,6,中性盘
427,09:51:26,54.25,113934,21,中性盘
428,09:51:29,54.26,179067,33,买盘
429,09:51:32,54.29,325613,60,买盘
430,09:51:35,54.3,456060,84,买盘
431,09:51:38,54.31,353009,65,买盘
432,09:51:41,54.34,65200,12,买盘
433,09:51:44,54.34,27170,5,买盘
434,09:51:47,54.34,152148,28,买盘
435,09:51:50,54.3,738737,136,卖盘
436,09:51:53,54.22,244234,45,卖盘
437,09:51:59,54.27,113962,21,买盘
438,09:52:02,54.3,200894,37,买盘
439,09:52:05,54.31,21722,4,买盘
440,09:52:08,54.3,559263,103,卖盘
441,09:52:11,54.3,385325,71,买盘
442,09:52:14,54.22,37954,7,卖盘
443,09:52:17,54.29,103103,19,买盘
444,09:52:20,54.23,298569,55,卖盘
445,09:52:23,54.23,162755,30,卖盘
446,09:52:26,54.29,151950,28,买盘
447,09:52:29,54.29,179159,33,卖盘
448,09:52:32,54.32,483293,89,买盘
449,09:52:35,54.38,945525,174,买盘
450,09:52:38,54.39,255562,47,买盘
451,09:52:41,54.39,48941,9,买盘
452,09:52:44,54.35,456616,84,卖盘
453,09:52:47,54.34,1005620,185,卖盘
454,09:52:50,54.35,445519,82,买盘
455,09:52:53,54.3,505051,93,卖盘
456,09:52:56,54.3,233405,43,中性盘
457,09:52:59,54.32,711354,131,买盘
458,09:53:02,54.24,320356,59,卖盘
459,09:53:05,54.32,521254,96,买盘
460,09:53:08,54.28,217031,40,中性盘
461,09:53:11,54.27,151927,28,中性盘
462,09:53:14,54.24,211604,39,卖盘
463,09:53:17,54.28,189955,35,买盘
464,09:53:20,54.24,75977,14,卖盘
465,09:53:23,54.24,43402,8,卖盘
466,09:53:26,54.27,81391,15,买盘
467,09:53:29,54.27,75971,14,买盘
468,09:53:32,54.14,2677510,494,卖盘
469,09:53:35,54.07,1330937,246,卖盘
470,09:53:38,54.08,335302,62,卖盘
471,09:53:41,54.12,151459,28,中性盘
472,09:53:44,54.14,140688,26,买盘
473,09:53:47,54.09,59504,11,中性盘
474,09:53:50,54.13,48716,9,买盘
475,09:53:53,54.08,416572,77,卖盘
476,09:53:56,54.03,691781,128,卖盘
477,09:53:59,54.02,1285284,238,卖盘
478,09:54:02,53.95,1014968,188,卖盘
479,09:54:05,53.95,604194,112,卖盘
480,09:54:08,53.96,253558,47,买盘
481,09:54:11,53.98,118719,22,买盘
482,09:54:14,53.98,134955,25,卖盘
483,09:54:17,53.96,507386,94,卖盘
484,09:54:20,53.98,561311,104,买盘
485,09:54:23,53.97,280715,52,卖盘
486,09:54:26,53.95,140326,26,卖盘
487,09:54:29,53.96,755305,140,买盘
488,09:54:32,54.0,620763,115,买盘
489,09:54:35,53.95,264451,49,卖盘
490,09:54:38,53.96,167338,31,卖盘
491,09:54:41,54.01,604353,112,买盘
492,09:54:44,53.96,5396,1,卖盘
493,09:54:47,53.96,210486,39,卖盘
494,09:54:50,53.94,253577,47,中性盘
495,09:54:53,53.96,307497,57,买盘
496,09:54:56,53.95,91699,17,买盘
497,09:54:59,53.86,2537949,471,卖盘
498,09:55:02,53.82,688805,128,卖盘
499,09:55:05,53.86,414521,77,买盘
500,09:55:08,53.89,247654,46,买盘
501,09:55:11,53.89,129324,24,买盘
502,09:55:14,53.89,183219,34,买盘
503,09:55:17,53.92,253337,47,买盘
504,09:55:20,53.91,194110,36,卖盘
505,09:55:23,53.95,177988,33,买盘
506,09:55:26,53.96,64738,12,买盘
507,09:55:29,53.95,129442,24,买盘
508,09:55:32,53.97,221234,41,买盘
509,09:55:35,54.0,367048,68,买盘
510,09:55:38,54.01,194429,36,买盘
511,09:55:41,54.05,199930,37,买盘
512,09:55:44,54.08,200060,37,买盘
513,09:55:47,54.07,86526,16,卖盘
514,09:55:50,54.03,167595,31,卖盘
515,09:55:53,54.03,108134,20,卖盘
516,09:55:56,54.04,167599,31,卖盘
517,09:55:59,54.06,389256,72,买盘
518,09:56:02,54.05,394811,73,卖盘
519,09:56:05,54.08,10816,2,买盘
520,09:56:08,54.05,335170,62,卖盘
521,09:56:11,54.06,870341,161,买盘
522,09:56:14,54.07,497472,92,买盘
523,09:56:17,54.09,254214,47,买盘
524,09:56:20,54.13,481562,89,买盘
525,09:56:23,54.22,178678,33,买盘
526,09:56:26,54.21,54210,10,买盘
527,09:56:29,54.19,102949,19,买盘
528,09:56:32,54.2,48778,9,买盘
529,09:56:35,54.15,487770,90,卖盘
530,09:56:38,54.14,443974,82,卖盘
531,09:56:41,54.07,963125,178,卖盘
532,09:56:44,54.07,113554,21,卖盘
533,09:56:47,54.1,535386,99,买盘
534,09:56:50,54.12,113584,21,买盘
535,09:56:53,54.1,119021,22,买盘
536,09:56:56,54.08,118974,22,买盘
537,09:56:59,54.11,81173,15,中性盘
538,09:57:02,54.07,5407,1,卖盘
539,09:57:05,54.11,151491,28,买盘
540,09:57:08,54.11,81152,15,买盘
541,09:57:11,54.12,221867,41,买盘
542,09:57:14,54.15,335569,62,买盘
543,09:57:17,54.16,108287,20,买盘
544,09:57:20,54.16,178728,33,卖盘
545,09:57:23,54.13,119142,22,卖盘
546,09:57:26,54.17,444163,82,买盘
547,09:57:29,54.18,449682,83,买盘
548,09:57:32,54.18,119187,22,卖盘
549,09:57:35,54.21,623218,115,买盘
550,09:57:38,54.2,54204,10,卖盘
551,09:57:41,54.21,130115,24,买盘
552,09:57:44,54.19,140927,26,卖盘
553,09:57:47,54.2,363073,67,买盘
554,09:57:50,54.2,189685,35,买盘
555,09:57:53,54.21,216831,40,买盘
556,09:57:56,54.19,368560,68,卖盘
557,09:57:59,54.2,1479385,273,买盘
558,09:58:02,54.19,509340,94,中性盘
559,09:58:05,54.19,498555,92,买盘
560,09:58:08,54.22,482422,89,买盘
561,09:58:11,54.23,352443,65,买盘
562,09:58:14,54.23,119295,22,中性盘
563,09:58:17,54.23,146442,27,卖盘
564,09:58:20,54.24,303676,56,买盘
565,09:58:23,54.25,395959,73,买盘
566,09:58:26,54.24,292896,54,卖盘
567,09:58:29,54.25,564114,104,买盘
568,09:58:32,54.25,303775,56,买盘
569,09:58:35,54.25,249559,46,卖盘
570,09:58:38,54.26,276689,51,买盘
571,09:58:41,54.27,309262,57,买盘
572,09:58:44,54.27,81405,15,买盘
573,09:58:47,54.27,282192,52,买盘
574,09:58:50,54.27,955092,176,买盘
575,09:58:53,54.28,200814,37,买盘
576,09:58:56,54.29,624233,115,买盘
577,09:58:59,54.28,21712,4,卖盘
578,09:59:02,54.25,792464,146,卖盘
579,09:59:05,54.29,271248,50,买盘
580,09:59:08,54.27,417873,77,中性盘
581,09:59:11,54.25,292998,54,卖盘
582,09:59:14,54.18,1040606,192,卖盘
583,09:59:17,54.11,1066182,197,卖盘
584,09:59:20,54.06,394762,73,卖盘
585,09:59:23,54.04,367530,68,卖盘
586,09:59:26,54.04,605104,112,买盘
587,09:59:29,54.03,1641880,304,中性盘
588,09:59:32,54.0,1446418,268,卖盘
589,09:59:35,53.95,1252309,232,卖盘
590,09:59:38,54.0,1040997,193,买盘
591,09:59:41,53.92,1802469,334,中性盘
592,09:59:44,53.92,1018669,189,买盘
593,09:59:47,53.97,657473,122,买盘
594,09:59:50,53.92,469231,87,卖盘
595,09:59:53,54.0,658655,122,买盘
596,09:59:56,53.95,1656422,307,卖盘
597,09:59:59,54.05,955093,177,买盘
598,10:00:02,54.1,610304,113,买盘
599,10:00:05,54.12,264833,49,买盘
600,10:00:08,54.13,249022,46,买盘
601,10:00:11,54.18,129985,24,买盘
602,10:00:14,54.17,43352,8,卖盘
603,10:00:17,54.2,271101,50,中性盘
604,10:00:20,54.23,59668,11,卖盘
605,10:00:23,54.24,48827,9,中性盘
606,10:00:26,54.26,195314,36,买盘
607,10:00:29,54.26,81397,15,卖盘
608,10:00:32,54.28,352598,65,买盘
609,10:00:35,54.28,75908,14,买盘
610,10:00:38,54.28,10856,2,买盘
611,10:00:41,54.27,70562,13,中性盘
612,10:00:44,54.24,92238,17,卖盘
613,10:00:47,54.24,130257,24,卖盘
614,10:00:50,54.25,113914,21,中性盘
615,10:00:53,54.24,65088,12,卖盘
616,10:00:56,54.24,32534,6,中性盘
617,10:00:59,54.22,206166,38,中性盘
618,10:01:02,54.25,325441,60,买盘
619,10:01:05,54.26,32558,6,中性盘
620,10:01:08,54.26,10854,2,中性盘
621,10:01:11,54.26,21705,4,买盘
622,10:01:14,54.34,787322,145,买盘
623,10:01:17,54.34,119470,22,买盘
624,10:01:20,54.34,16302,3,买盘
625,10:01:23,54.33,54334,10,中性盘
626,10:01:26,54.35,32605,6,买盘
627,10:01:29,54.35,255436,47,买盘
628,10:01:32,54.35,402181,74,买盘
629,10:01:35,54.36,141306,26,买盘
630,10:01:38,54.39,255584,47,买盘
631,10:01:41,54.39,65267,12,买盘
632,10:01:44,54.41,435207,80,买盘
633,10:01:47,54.43,92500,17,买盘
634,10:01:50,54.44,10887,2,买盘
635,10:01:53,54.45,141555,26,买盘
636,10:01:56,54.46,2684442,493,买盘
637,10:01:59,54.54,3847831,706,买盘
638,10:02:02,54.6,485592,89,买盘
639,10:02:05,54.65,431333,79,买盘
640,10:02:08,54.65,163896,30,买盘
641,10:02:11,54.69,1957820,358,买盘
642,10:02:14,54.7,175051,32,买盘
643,10:02:17,54.71,103994,19,中性盘
644,10:02:20,54.75,147814,27,买盘
645,10:02:23,54.78,356018,65,买盘
646,10:02:26,54.76,175254,32,中性盘
647,10:02:29,54.75,712234,130,卖盘
648,10:02:32,54.76,246377,45,中性盘
649,10:02:35,54.66,158655,29,卖盘
650,10:02:38,54.66,562978,103,卖盘
651,10:02:41,54.65,541041,99,卖盘
652,10:02:44,54.66,732424,134,买盘
653,10:02:47,54.66,573983,105,卖盘
654,10:02:50,54.66,371873,68,买盘
655,10:02:53,54.61,158478,29,卖盘
656,10:02:56,54.66,125694,23,买盘
657,10:02:59,54.64,49168,9,买盘
658,10:03:02,54.57,152961,28,卖盘
659,10:03:05,54.63,54618,10,买盘
660,10:03:08,54.62,60082,11,中性盘
661,10:03:11,54.6,125597,23,中性盘
662,10:03:14,54.6,180165,33,卖盘
663,10:03:17,54.59,600616,110,卖盘
664,10:03:20,54.57,245513,45,卖盘
665,10:03:23,54.49,545012,100,卖盘
666,10:03:26,54.5,228829,42,买盘
667,10:03:29,54.49,397773,73,中性盘
668,10:03:32,54.48,239713,44,中性盘
669,10:03:35,54.49,103540,19,中性盘
670,10:03:38,54.5,179832,33,中性盘
671,10:03:41,54.53,267054,49,买盘
672,10:03:44,54.51,114453,21,买盘
673,10:03:47,54.5,65424,12,卖盘
674,10:03:50,54.46,288835,53,卖盘
675,10:03:53,54.46,98102,18,中性盘
676,10:03:56,54.41,1720713,316,卖盘
677,10:03:59,54.45,163252,30,中性盘
678,10:04:02,54.36,310071,57,卖盘
679,10:04:05,54.34,434919,80,卖盘
680,10:04:08,54.39,195790,36,买盘
681,10:04:11,54.38,54400,10,卖盘
682,10:04:14,54.34,1326046,244,卖盘
683,10:04:17,54.32,59735,11,中性盘
684,10:04:20,54.31,195490,36,买盘
685,10:04:23,54.3,298666,55,卖盘
686,10:04:26,54.31,233560,43,买盘
687,10:04:29,54.32,48895,9,卖盘
688,10:04:32,54.36,59785,11,买盘
689,10:04:35,54.33,54341,10,卖盘
690,10:04:38,54.33,114109,21,卖盘
691,10:04:41,54.32,298973,55,中性盘
692,10:04:44,54.35,135814,25,买盘
693,10:04:47,54.3,249926,46,卖盘
694,10:04:50,54.32,152072,28,中性盘
695,10:04:53,54.31,43448,8,卖盘
696,10:04:56,54.31,114065,21,卖盘
697,10:04:59,54.33,358518,66,买盘
698,10:05:02,54.32,48903,9,卖盘
699,10:05:05,54.33,521400,96,中性盘
700,10:05:08,54.26,716802,132,卖盘
701,10:05:11,54.26,303883,56,卖盘
702,10:05:14,54.26,65115,12,卖盘
703,10:05:17,54.18,1024971,189,卖盘
704,10:05:20,54.12,693131,128,卖盘
705,10:05:23,54.13,816981,151,买盘
706,10:05:26,54.17,86651,16,买盘
707,10:05:29,54.11,221908,41,卖盘
708,10:05:32,54.13,21660,4,中性盘
709,10:05:35,54.17,5417,1,买盘
710,10:05:38,54.12,70369,13,卖盘
711,10:05:41,54.1,746806,138,卖盘
712,10:05:44,54.08,908760,168,卖盘
713,10:05:47,54.08,145995,27,卖盘
714,10:05:50,54.01,999354,185,卖盘
715,10:05:53,54.0,977414,181,卖盘
716,10:05:56,54.01,86410,16,买盘
717,10:05:59,54.01,178216,33,买盘
718,10:06:02,53.99,291506,54,卖盘
719,10:06:05,53.99,253786,47,中性盘
720,10:06:08,53.98,690989,128,卖盘
721,10:06:11,54.0,270009,50,买盘
722,10:06:14,53.98,80988,15,卖盘
723,10:06:17,53.99,458693,85,买盘
724,10:06:20,54.02,545294,101,买盘
725,10:06:26,54.08,113539,21,买盘
726,10:06:29,54.11,5411,1,中性盘
727,10:06:32,54.06,297376,55,卖盘
728,10:06:35,54.02,86430,16,卖盘
729,10:06:41,54.02,37812,7,买盘
730,10:06:44,54.02,37814,7,买盘
731,10:06:47,54.04,5404,1,中性盘
732,10:06:50,54.05,118869,22,买盘
733,10:06:53,54.04,86469,16,买盘
734,10:06:56,54.04,75646,14,卖盘
735,10:06:59,54.03,345847,64,卖盘
736,10:07:02,54.06,243184,45,买盘
737,10:07:05,54.05,351329,65,卖盘
738,10:07:08,54.03,75667,14,卖盘
739,10:07:11,53.97,1020482,189,卖盘
740,10:07:14,53.92,275113,51,卖盘
741,10:07:17,53.9,1655105,307,卖盘
742,10:07:20,53.85,463272,86,卖盘
743,10:07:23,53.85,220806,41,卖盘
744,10:07:26,53.85,26927,5,买盘
745,10:07:29,53.84,59227,11,卖盘
746,10:07:32,53.85,140012,26,买盘
747,10:07:35,53.82,780680,145,卖盘
748,10:07:38,53.84,705208,131,买盘
749,10:07:41,53.84,53835,10,买盘
750,10:07:44,53.83,26916,5,卖盘
751,10:07:47,53.8,2373053,441,卖盘
752,10:07:50,53.82,1307443,243,买盘
753,10:07:53,53.84,376773,70,买盘
754,10:07:56,53.84,21536,4,卖盘
755,10:07:59,53.86,64606,12,买盘
756,10:08:02,53.83,166931,31,卖盘
757,10:08:05,53.87,662188,123,买盘
758,10:08:08,53.9,274838,51,买盘
759,10:08:11,53.96,355973,66,买盘
760,10:08:14,53.98,48589,9,卖盘
761,10:08:17,54.04,27008,5,买盘
762,10:08:20,54.04,216160,40,买盘
763,10:08:23,54.04,378284,70,卖盘
764,10:08:26,54.06,308036,57,买盘
765,10:08:29,54.08,86510,16,买盘
766,10:08:32,54.09,37862,7,买盘
767,10:08:35,54.1,54096,10,买盘
768,10:08:38,54.1,21640,4,买盘
769,10:08:41,54.1,10820,2,卖盘
770,10:08:44,54.1,86575,16,卖盘
771,10:08:47,54.09,16230,3,卖盘
772,10:08:50,54.04,837952,155,卖盘
773,10:08:53,54.05,475555,88,买盘
774,10:08:59,54.02,691306,128,中性盘
775,10:09:02,54.04,259286,48,中性盘
776,10:09:05,53.99,178318,33,卖盘
777,10:09:08,54.01,27003,5,买盘
778,10:09:11,54.01,5401,1,卖盘
779,10:09:14,54.02,54054,10,中性盘
780,10:09:17,54.0,70207,13,卖盘
781,10:09:20,54.08,313619,58,买盘
782,10:09:23,54.02,788158,146,买盘
783,10:09:26,54.02,215861,40,买盘
784,10:09:29,54.02,648267,120,中性盘
785,10:09:32,54.08,16223,3,买盘
786,10:09:35,54.05,227079,42,中性盘
787,10:09:38,54.05,632301,117,卖盘
788,10:09:41,54.05,70248,13,买盘
789,10:09:44,54.05,167508,31,买盘
790,10:09:47,54.01,351099,65,买盘
791,10:09:50,54.01,210558,39,买盘
792,10:09:53,54.04,86440,16,中性盘
793,10:09:56,54.04,118896,22,买盘
794,10:09:59,54.04,507744,94,中性盘
795,10:10:02,54.04,75575,14,买盘
796,10:10:05,53.98,189036,35,卖盘
797,10:10:08,53.97,59367,11,卖盘
798,10:10:11,53.98,107996,20,买盘
799,10:10:14,53.98,53980,10,卖盘
800,10:10:17,54.02,86421,16,买盘
801,10:10:20,54.08,1464484,271,买盘
802,10:10:23,54.08,740575,137,中性盘
803,10:10:26,54.08,740976,137,中性盘
804,10:10:29,54.08,156630,29,买盘
805,10:10:35,54.0,334847,62,卖盘
806,10:10:38,54.07,5407,1,中性盘
807,10:10:41,54.08,237934,44,买盘
808,10:10:44,54.07,32442,6,卖盘
809,10:10:47,54.08,37845,7,买盘
810,10:10:50,54.08,43264,8,买盘
811,10:10:53,54.03,162162,30,卖盘
812,10:10:56,54.06,162133,30,买盘
813,10:10:59,54.02,140506,26,卖盘
814,10:11:02,54.02,70226,13,卖盘
815,10:11:05,54.06,32436,6,买盘
816,10:11:08,54.02,54021,10,卖盘
817,10:11:11,54.05,545705,101,中性盘
818,10:11:14,54.03,5403,1,买盘
819,10:11:17,54.05,373005,69,中性盘
820,10:11:20,54.06,172933,32,中性盘
821,10:11:23,54.07,43255,8,买盘
822,10:11:26,54.08,129792,24,买盘
823,10:11:29,54.08,48672,9,买盘
824,10:11:32,54.07,10814,2,卖盘
825,10:11:35,54.07,81105,15,买盘
826,10:11:38,54.07,21628,4,买盘
827,10:11:41,54.07,81099,15,买盘
828,10:11:44,54.08,578611,107,买盘
829,10:11:47,54.11,194721,36,买盘
830,10:11:50,54.15,27073,5,买盘
831,10:11:53,54.15,173288,32,卖盘
832,10:11:56,54.14,43318,8,中性盘
833,10:11:59,54.15,16244,3,买盘
834,10:12:02,54.15,32490,6,中性盘
835,10:12:05,54.18,10836,2,买盘
836,10:12:08,54.14,189520,35,卖盘
837,10:12:11,54.11,173175,32,卖盘
838,10:12:14,54.11,124495,23,卖盘
839,10:12:17,54.11,335463,62,卖盘
840,10:12:20,54.08,378616,70,卖盘
841,10:12:23,54.1,405730,75,买盘
842,10:12:26,54.1,113574,21,买盘
843,10:12:29,54.14,395107,73,买盘
844,10:12:32,54.16,81216,15,买盘
845,10:12:38,54.19,43368,8,买盘
846,10:12:41,54.25,59671,11,买盘
847,10:12:44,54.26,37978,7,买盘
848,10:12:47,54.32,124948,23,买盘
849,10:12:50,54.33,21732,4,买盘
850,10:12:53,54.34,81504,15,买盘
851,10:12:56,54.36,157609,29,买盘
852,10:12:59,54.37,184756,34,买盘
853,10:13:02,54.36,38040,7,中性盘
854,10:13:05,54.36,114158,21,买盘
855,10:13:08,54.34,255484,47,卖盘
856,10:13:11,54.37,163069,30,买盘
857,10:13:14,54.4,271872,50,买盘
858,10:13:17,54.41,244721,45,中性盘
859,10:13:20,54.38,65254,12,中性盘
860,10:13:23,54.42,87044,16,买盘
861,10:13:26,54.38,10876,2,卖盘
862,10:13:29,54.38,27190,5,卖盘
863,10:13:32,54.37,967816,178,卖盘
864,10:13:35,54.37,369597,68,中性盘
865,10:13:38,54.37,255529,47,买盘
866,10:13:41,54.36,21746,4,中性盘
867,10:13:44,54.36,1223304,225,买盘
868,10:13:47,54.41,532868,98,买盘
869,10:13:50,54.42,38092,7,买盘
870,10:13:53,54.41,408157,75,卖盘
871,10:13:56,54.44,38108,7,买盘
872,10:13:59,54.45,65299,12,买盘
873,10:14:02,54.42,76193,14,卖盘
874,10:14:05,54.48,484616,89,买盘
875,10:14:08,54.5,98055,18,买盘
876,10:14:11,54.48,217983,40,卖盘
877,10:14:14,54.48,10896,2,买盘
878,10:14:17,54.48,103498,19,买盘
879,10:14:20,54.46,5446,1,中性盘
880,10:14:23,54.5,544847,100,买盘
881,10:14:26,54.47,582770,107,买盘
882,10:14:29,54.52,474096,87,买盘
883,10:14:32,54.54,316308,58,买盘
884,10:14:35,54.57,387055,71,买盘
885,10:14:38,54.54,103630,19,卖盘
886,10:14:41,54.55,130887,24,中性盘
887,10:14:44,54.56,60015,11,买盘
888,10:14:47,54.56,163689,30,卖盘
889,10:14:50,54.56,174607,32,卖盘
890,10:14:53,54.56,54560,10,买盘
891,10:14:56,54.53,169090,31,卖盘
892,10:14:59,54.6,1424529,261,买盘
893,10:15:02,54.56,588716,108,买盘
894,10:15:05,54.56,229229,42,卖盘
895,10:15:08,54.56,76408,14,买盘
896,10:15:11,54.53,638562,117,卖盘
897,10:15:14,54.49,479842,88,卖盘
898,10:15:17,54.5,70850,13,买盘
899,10:15:20,54.46,332440,61,卖盘
900,10:15:23,54.46,288656,53,买盘
901,10:15:26,54.46,266750,49,买盘
902,10:15:29,54.42,65310,12,中性盘
903,10:15:32,54.45,38109,7,买盘
904,10:15:35,54.46,272215,50,买盘
905,10:15:38,54.44,386664,71,卖盘
906,10:15:41,54.46,157918,29,中性盘
907,10:15:44,54.5,686201,126,买盘
908,10:15:47,54.5,103543,19,买盘
909,10:15:50,54.53,278039,51,买盘
910,10:15:53,54.49,70837,13,卖盘
911,10:15:56,54.49,65368,12,买盘
912,10:15:59,54.49,375924,69,买盘
913,10:16:02,54.47,234306,43,卖盘
914,10:16:05,54.46,114384,21,卖盘
915,10:16:08,54.39,963493,177,卖盘
916,10:16:11,54.42,369741,68,买盘
917,10:16:14,54.42,146818,27,买盘
918,10:16:17,54.38,65259,12,卖盘
919,10:16:20,54.38,10876,2,买盘
920,10:16:23,54.38,679754,125,买盘
921,10:16:26,54.4,195796,36,买盘
922,10:16:29,54.41,92487,17,买盘
923,10:16:32,54.42,255724,47,买盘
924,10:16:35,54.43,5443,1,买盘
925,10:16:38,54.41,16327,3,卖盘
926,10:16:41,54.38,544058,100,卖盘
927,10:16:44,54.35,347930,64,卖盘
928,10:16:47,54.35,97802,18,中性盘
929,10:16:50,54.31,168390,31,卖盘
930,10:16:53,54.33,184694,34,买盘
931,10:16:56,54.33,43464,8,卖盘
932,10:16:59,54.37,543540,100,买盘
933,10:17:02,54.38,76082,14,买盘
934,10:17:05,54.34,135928,25,卖盘
935,10:17:08,54.43,59833,11,买盘
936,10:17:11,54.43,59875,11,买盘
937,10:17:14,54.43,43540,8,卖盘
938,10:17:17,54.43,32658,6,买盘
939,10:17:20,54.44,201418,37,买盘
940,10:17:23,54.46,157874,29,买盘
941,10:17:26,54.46,16334,3,买盘
942,10:17:29,54.46,10892,2,买盘
943,10:17:32,54.47,10894,2,买盘
944,10:17:35,54.48,5448,1,买盘
945,10:17:38,54.47,32681,6,卖盘
946,10:17:41,54.47,10894,2,买盘
947,10:17:44,54.47,38129,7,买盘
948,10:17:47,54.48,5448,1,买盘
949,10:17:50,54.48,16343,3,买盘
950,10:17:53,54.47,21791,4,卖盘
951,10:17:56,54.48,10896,2,买盘
952,10:17:59,54.47,76266,14,卖盘
953,10:18:02,54.48,27239,5,买盘
954,10:18:05,54.48,103502,19,买盘
955,10:18:08,54.48,114408,21,卖盘
956,10:18:11,54.33,1535154,282,卖盘
957,10:18:14,54.43,233658,43,中性盘
958,10:18:17,54.44,163307,30,买盘
959,10:18:20,54.44,108892,20,卖盘
960,10:18:23,54.43,190505,35,卖盘
961,10:18:26,54.35,250313,46,卖盘
962,10:18:29,54.42,32652,6,中性盘
963,10:18:32,54.4,184962,34,卖盘
964,10:18:35,54.34,86980,16,卖盘
965,10:18:38,54.33,163208,30,卖盘
966,10:18:41,54.34,43469,8,买盘
967,10:18:44,54.33,190155,35,卖盘
968,10:18:47,54.34,21735,4,买盘
969,10:18:50,54.35,70645,13,买盘
970,10:18:53,54.34,16303,3,卖盘
971,10:18:56,54.35,10870,2,中性盘
972,10:18:59,54.34,10869,2,卖盘
973,10:19:02,54.35,27173,5,中性盘
974,10:19:05,54.35,10870,2,卖盘
975,10:19:08,54.35,141314,26,卖盘
976,10:19:11,54.35,173960,32,卖盘
977,10:19:14,54.35,54361,10,卖盘
978,10:19:17,54.37,130431,24,买盘
979,10:19:23,54.35,38045,7,卖盘
980,10:19:26,54.35,125005,23,卖盘
981,10:19:29,54.36,5436,1,买盘
982,10:19:32,54.36,76104,14,买盘
983,10:19:35,54.36,32616,6,卖盘
984,10:19:38,54.37,103289,19,买盘
985,10:19:44,54.37,97861,18,买盘
986,10:19:47,54.36,97852,18,卖盘
987,10:19:50,54.36,65232,12,卖盘
988,10:19:53,54.36,38052,7,卖盘
989,10:19:56,54.37,38053,7,买盘
990,10:19:59,54.37,54370,10,买盘
991,10:20:02,54.37,27185,5,卖盘
992,10:20:05,54.34,994688,183,卖盘
993,10:20:08,54.3,293274,54,卖盘
994,10:20:11,54.25,640710,118,卖盘
995,10:20:14,54.27,206216,38,中性盘
996,10:20:17,54.16,390117,72,卖盘
997,10:20:20,54.16,135356,25,卖盘
998,10:20:23,54.12,119063,22,卖盘
999,10:20:26,54.12,259806,48,卖盘
1000,10:20:29,54.08,324516,60,卖盘
1001,10:20:32,54.05,281114,52,卖盘
1002,10:20:35,54.03,372853,69,卖盘
1003,10:20:38,54.01,54018,10,卖盘
1004,10:20:41,54.0,529207,98,卖盘
1005,10:20:44,54.0,1463404,271,卖盘
1006,10:20:47,53.98,188891,35,卖盘
1007,10:20:50,54.0,194334,36,买盘
1008,10:20:53,54.01,75604,14,买盘
1009,10:20:56,54.0,59401,11,中性盘
1010,10:20:59,54.02,334834,62,买盘
1011,10:21:02,54.03,183690,34,买盘
1012,10:21:05,54.01,124233,23,卖盘
1013,10:21:08,54.01,421043,78,中性盘
1014,10:21:11,53.97,242946,45,卖盘
1015,10:21:14,53.97,53970,10,中性盘
1016,10:21:17,54.0,307713,57,买盘
1017,10:21:20,53.95,383252,71,卖盘
1018,10:21:23,53.92,312842,58,卖盘
1019,10:21:26,53.92,436661,81,买盘
1020,10:21:29,53.93,204862,38,买盘
1021,10:21:32,53.92,75500,14,卖盘
1022,10:21:35,53.92,64722,12,卖盘
1023,10:21:38,53.93,113239,21,买盘
1024,10:21:41,53.95,37765,7,买盘
1025,10:21:44,53.96,172617,32,买盘
1026,10:21:47,53.96,26978,5,买盘
1027,10:21:50,53.96,151088,28,买盘
1028,10:21:53,53.99,134932,25,买盘
1029,10:21:56,53.97,140398,26,卖盘
1030,10:21:59,54.0,356212,66,卖盘
1031,10:22:02,54.01,53985,10,买盘
1032,10:22:05,53.97,178101,33,卖盘
1033,10:22:08,53.96,977033,181,卖盘
1034,10:22:11,53.93,161797,30,卖盘
1035,10:22:14,53.96,1100059,204,买盘
1036,10:22:17,53.89,1180360,219,卖盘
1037,10:22:20,53.87,695029,129,卖盘
1038,10:22:23,53.86,888628,165,卖盘
1039,10:22:26,53.86,247722,46,买盘
1040,10:22:29,53.84,183097,34,卖盘
1041,10:22:32,53.86,118472,22,买盘
1042,10:22:35,53.86,204724,38,卖盘
1043,10:22:38,53.87,107789,20,卖盘
1044,10:22:41,53.83,1319446,245,卖盘
1045,10:22:44,53.87,10779,2,中性盘
1046,10:22:47,53.87,21543,4,买盘
1047,10:22:50,53.84,166904,31,卖盘
1048,10:22:53,53.87,107731,20,买盘
1049,10:22:56,53.9,479308,89,买盘
1050,10:22:59,53.84,21536,4,卖盘
1051,10:23:02,53.89,150775,28,买盘
1052,10:23:05,53.86,86190,16,卖盘
1053,10:23:08,53.9,296255,55,买盘
1054,10:23:11,53.9,53891,10,买盘
1055,10:23:14,53.91,781187,145,买盘
1056,10:23:17,53.91,26943,5,买盘
1057,10:23:20,53.86,242509,45,卖盘
1058,10:23:23,53.91,167062,31,买盘
1059,10:23:26,53.91,75428,14,买盘
1060,10:23:29,53.9,32337,6,卖盘
1061,10:23:32,53.9,32342,6,卖盘
1062,10:23:35,53.9,134766,25,卖盘
1063,10:23:38,53.9,172493,32,卖盘
1064,10:23:41,53.91,156332,29,买盘
1065,10:23:44,53.9,318011,59,卖盘
1066,10:23:47,53.9,264127,49,卖盘
1067,10:23:50,53.91,452823,84,卖盘
1068,10:23:53,53.86,506353,94,卖盘
1069,10:23:56,53.85,1539835,286,卖盘
1070,10:23:59,53.79,2464198,458,卖盘
1071,10:24:02,53.75,258063,48,卖盘
1072,10:24:05,53.74,2552739,475,卖盘
1073,10:24:08,53.71,1294495,241,卖盘
1074,10:24:11,53.69,837713,156,卖盘
1075,10:24:14,53.65,177097,33,卖盘
1076,10:24:17,53.7,3032017,565,买盘
1077,10:24:20,53.75,2982317,555,买盘
1078,10:24:23,53.77,193546,36,买盘
1079,10:24:26,53.76,48376,9,卖盘
1080,10:24:29,53.81,69906,13,买盘
1081,10:24:32,53.76,91392,17,卖盘
1082,10:24:35,53.76,220460,41,卖盘
1083,10:24:38,53.81,150549,28,买盘
1084,10:24:41,53.76,155851,29,买盘
1085,10:24:44,53.76,80640,15,买盘
1086,10:24:47,53.77,59145,11,卖盘
1087,10:24:50,53.81,21515,4,买盘
1088,10:24:56,53.8,107592,20,买盘
1089,10:24:59,53.79,134453,25,中性盘
1090,10:25:02,53.78,285038,53,卖盘
1091,10:25:05,53.77,779530,145,卖盘
1092,10:25:08,53.71,747214,139,卖盘
1093,10:25:11,53.7,467286,87,卖盘
1094,10:25:14,53.69,198683,37,卖盘
1095,10:25:17,53.7,80549,15,买盘
1096,10:25:20,53.7,42954,8,买盘
1097,10:25:23,53.69,144975,27,卖盘
1098,10:25:26,53.69,16108,3,卖盘
1099,10:25:29,53.7,123506,23,买盘
1100,10:25:32,53.7,107385,20,中性盘
1101,10:25:35,53.71,241667,45,买盘
1102,10:25:38,53.71,123533,23,卖盘
1103,10:25:41,53.71,26855,5,卖盘
1104,10:25:44,53.73,118167,22,买盘
1105,10:25:50,53.71,112791,21,卖盘
1106,10:25:53,53.71,214838,40,买盘
1107,10:25:56,53.71,198725,37,买盘
1108,10:25:59,53.71,279267,52,买盘
1109,10:26:02,53.71,80555,15,买盘
1110,10:26:05,53.7,32220,6,卖盘
1111,10:26:08,53.7,150361,28,卖盘
1112,10:26:11,53.69,365159,68,卖盘
1113,10:26:14,53.67,536886,100,卖盘
1114,10:26:17,53.65,107331,20,卖盘
1115,10:26:20,53.66,53651,10,买盘
1116,10:26:23,53.64,252105,47,卖盘
1117,10:26:26,53.64,21456,4,买盘
1118,10:26:29,53.64,10726,2,买盘
1119,10:26:32,53.58,857656,160,卖盘
1120,10:26:35,53.53,278730,52,卖盘
1121,10:26:38,53.53,1011387,189,卖盘
1122,10:26:41,53.5,604584,113,卖盘
1123,10:26:44,53.51,112392,21,中性盘
1124,10:26:47,53.5,1535485,287,卖盘
1125,10:26:50,53.53,395938,74,买盘
1126,10:26:53,53.5,475653,89,卖盘
1127,10:26:56,53.53,496816,93,买盘
1128,10:26:59,53.5,363455,68,中性盘
1129,10:27:02,53.45,518450,97,卖盘
1130,10:27:05,53.5,176577,33,买盘
1131,10:27:08,53.5,529354,99,卖盘
1132,10:27:11,53.51,310215,58,卖盘
1133,10:27:14,53.53,26789,5,卖盘
1134,10:27:17,53.59,42866,8,买盘
1135,10:27:20,53.59,139334,26,买盘
1136,10:27:23,53.51,401563,75,卖盘
1137,10:27:26,53.59,58949,11,卖盘
1138,10:27:29,53.59,32126,6,买盘
1139,10:27:32,53.53,588739,110,卖盘
1140,10:27:35,53.52,321129,60,卖盘
1141,10:27:38,53.55,107164,20,中性盘
1142,10:27:41,53.57,117782,22,买盘
1143,10:27:44,53.52,69638,13,卖盘
1144,10:27:47,53.52,1193271,223,卖盘
1145,10:27:50,53.52,64219,12,买盘
1146,10:27:53,53.44,272712,51,卖盘
1147,10:27:56,53.51,37469,7,卖盘
1148,10:27:59,53.51,21406,4,卖盘
1149,10:28:02,53.51,5351,1,买盘
1150,10:28:05,53.5,90971,17,卖盘
1151,10:28:08,53.5,32103,6,卖盘
1152,10:28:11,53.5,165869,31,卖盘
1153,10:28:14,53.51,80253,15,买盘
1154,10:28:17,53.5,5350,1,卖盘
1155,10:28:20,53.5,133770,25,卖盘
1156,10:28:23,53.51,224712,42,买盘
1157,10:28:26,53.51,90967,17,卖盘
1158,10:28:29,53.52,26760,5,买盘
1159,10:28:32,53.51,53512,10,卖盘
1160,10:28:35,53.52,21408,4,买盘
1161,10:28:38,53.52,5352,1,买盘
1162,10:28:41,53.52,5352,1,买盘
1163,10:28:44,53.52,305045,57,买盘
1164,10:28:47,53.54,685040,128,买盘
1165,10:28:50,53.51,16053,3,中性盘
1166,10:28:53,53.53,10706,2,中性盘
1167,10:28:56,53.56,144568,27,买盘
1168,10:29:02,53.56,133941,25,卖盘
1169,10:29:08,53.57,37508,7,中性盘
1170,10:29:11,53.56,42856,8,卖盘
1171,10:29:14,53.57,32142,6,中性盘
1172,10:29:17,53.59,53589,10,买盘
1173,10:29:20,53.59,91087,17,买盘
1174,10:29:23,53.61,112562,21,买盘
1175,10:29:26,53.56,1810382,338,卖盘
1176,10:29:29,53.62,53620,10,买盘
1177,10:29:35,53.61,123298,23,买盘
1178,10:29:41,53.6,155478,29,卖盘
1179,10:29:44,53.6,42879,8,买盘
1180,10:29:47,53.6,112544,21,买盘
1181,10:29:50,53.56,230380,43,卖盘
1182,10:29:53,53.54,21420,4,卖盘
1183,10:29:56,53.56,176748,33,买盘
1184,10:29:59,53.56,16068,3,买盘
1185,10:30:02,53.56,321334,60,买盘
1186,10:30:05,53.54,58894,11,卖盘
1187,10:30:08,53.56,5356,1,中性盘
1188,10:30:11,53.56,166127,31,卖盘
1189,10:30:14,53.6,42867,8,买盘
1190,10:30:17,53.68,1362241,254,买盘
1191,10:30:20,53.69,16107,3,买盘
1192,10:30:23,53.69,16108,3,卖盘
1193,10:30:26,53.6,257394,48,卖盘
1194,10:30:29,53.68,21471,4,中性盘
1195,10:30:32,53.62,187722,35,卖盘
1196,10:30:35,53.69,107378,20,买盘
1197,10:30:38,53.63,134169,25,卖盘
1198,10:30:41,53.68,26839,5,买盘
1199,10:30:47,53.69,64416,12,买盘
1200,10:30:50,53.69,193218,36,买盘
1201,10:30:53,53.69,85904,16,买盘
1202,10:30:56,53.73,913207,170,买盘
1203,10:30:59,53.77,182796,34,买盘
1204,10:31:02,53.75,349391,65,卖盘
1205,10:31:05,53.77,26879,5,买盘
1206,10:31:08,53.75,26875,5,卖盘
1207,10:31:11,53.73,1246275,232,卖盘
1208,10:31:14,53.7,112808,21,卖盘
1209,10:31:17,53.7,42962,8,卖盘
1210,10:31:20,53.68,85913,16,卖盘
1211,10:31:23,53.66,59032,11,卖盘
1212,10:31:26,53.67,75137,14,买盘
1213,10:31:29,53.67,96601,18,卖盘
1214,10:31:32,53.66,26830,5,卖盘
1215,10:31:35,53.68,246873,46,买盘
1216,10:31:38,53.68,193212,36,买盘
1217,10:31:41,53.71,284643,53,买盘
1218,10:31:47,53.74,209531,39,买盘
1219,10:31:50,53.76,32254,6,买盘
1220,10:31:53,53.77,91410,17,买盘
1221,10:31:56,53.8,86064,16,买盘
1222,10:31:59,53.81,91479,17,买盘
1223,10:32:02,53.87,5387,1,买盘
1224,10:32:05,53.87,10774,2,买盘
1225,10:32:08,53.87,43100,8,买盘
1226,10:32:11,53.87,404077,75,卖盘
1227,10:32:17,53.89,91625,17,买盘
1228,10:32:20,53.89,177805,33,卖盘
1229,10:32:23,53.87,129324,24,卖盘
1230,10:32:26,53.92,64673,12,买盘
1231,10:32:29,53.92,26958,5,买盘
1232,10:32:32,53.89,377151,70,中性盘
1233,10:32:35,53.88,75432,14,买盘
1234,10:32:38,53.89,123913,23,买盘
1235,10:32:41,53.92,420379,78,买盘
1236,10:32:44,53.98,59314,11,买盘
1237,10:32:47,53.94,32351,6,中性盘
1238,10:32:50,53.93,442035,82,卖盘
1239,10:32:53,53.88,204840,38,卖盘
1240,10:32:56,53.85,210108,39,卖盘
1241,10:32:59,53.84,32304,6,卖盘
1242,10:33:02,53.84,80766,15,卖盘
1243,10:33:05,53.85,32312,6,卖盘
1244,10:33:08,53.87,312465,58,买盘
1245,10:33:11,53.87,5387,1,卖盘
1246,10:33:17,53.95,447764,83,买盘
1247,10:33:20,53.89,113246,21,卖盘
1248,10:33:23,53.94,5394,1,买盘
1249,10:33:26,53.91,53917,10,卖盘
1250,10:33:29,53.92,53934,10,买盘
1251,10:33:32,53.93,5393,1,中性盘
1252,10:33:35,53.93,5393,1,中性盘
1253,10:33:38,53.92,194155,36,卖盘
1254,10:33:41,53.92,361300,67,卖盘
1255,10:33:44,53.91,107830,20,卖盘
1256,10:33:47,53.89,150948,28,卖盘
1257,10:33:50,53.9,5390,1,中性盘
1258,10:33:53,53.9,70070,13,买盘
1259,10:33:59,53.9,16171,3,卖盘
1260,10:34:05,53.92,350447,65,买盘
1261,10:34:08,53.97,765638,142,买盘
1262,10:34:11,53.94,48547,9,卖盘
1263,10:34:14,53.93,291273,54,卖盘
1264,10:34:17,53.96,102499,19,买盘
1265,10:34:20,53.94,80910,15,买盘
1266,10:34:23,53.94,59335,11,卖盘
1267,10:34:26,53.95,10790,2,买盘
1268,10:34:29,53.95,5395,1,买盘
1269,10:34:32,53.95,75526,14,买盘
1270,10:34:35,53.95,32370,6,卖盘
1271,10:34:38,53.94,53947,10,卖盘
1272,10:34:41,53.95,75526,14,买盘
1273,10:34:44,53.93,124059,23,卖盘
1274,10:34:47,53.93,26967,5,卖盘
1275,10:34:50,53.94,10788,2,中性盘
1276,10:34:53,53.93,177984,33,卖盘
1277,10:34:56,53.95,258978,48,买盘
1278,10:34:59,53.94,237388,44,卖盘
1279,10:35:02,53.94,151050,28,卖盘
1280,10:35:05,53.94,145668,27,卖盘
1281,10:35:08,53.95,10790,2,买盘
1282,10:35:11,53.95,75540,14,买盘
1283,10:35:14,53.95,10790,2,卖盘
1284,10:35:17,53.96,134888,25,买盘
1285,10:35:20,53.97,64763,12,买盘
1286,10:35:23,53.96,21584,4,卖盘
1287,10:35:29,53.98,199691,37,买盘
1288,10:35:32,53.99,107961,20,买盘
1289,10:35:35,54.0,5400,1,买盘
1290,10:35:38,54.0,1273932,236,买盘
1291,10:35:41,53.98,232099,43,卖盘
1292,10:35:44,53.95,340039,63,卖盘
1293,10:35:47,53.89,1541929,286,卖盘
1294,10:35:50,53.87,118527,22,卖盘
1295,10:35:53,53.88,64656,12,中性盘
1296,10:35:56,53.89,16167,3,买盘
1297,10:35:59,53.87,242423,45,卖盘
1298,10:36:02,53.87,48484,9,卖盘
1299,10:36:05,53.86,129281,24,卖盘
1300,10:36:08,53.84,500825,93,卖盘
1301,10:36:11,53.84,37682,7,中性盘
1302,10:36:14,53.84,199178,37,买盘
1303,10:36:17,53.84,129216,24,卖盘
1304,10:36:20,53.85,10769,2,买盘
1305,10:36:23,53.85,80764,15,买盘
1306,10:36:26,53.84,172289,32,卖盘
1307,10:36:29,53.84,86154,16,卖盘
1308,10:36:32,53.86,215384,40,买盘
1309,10:36:35,53.87,21548,4,买盘
1310,10:36:38,53.84,59238,11,卖盘
1311,10:36:41,53.86,70032,13,卖盘
1312,10:36:44,53.88,64657,12,买盘
1313,10:36:47,53.89,21554,4,买盘
1314,10:36:50,53.93,43127,8,买盘
1315,10:36:53,53.9,32340,6,买盘
1316,10:36:59,53.88,86212,16,卖盘
1317,10:37:05,53.88,21552,4,卖盘
1318,10:37:08,53.88,70044,13,卖盘
1319,10:37:11,53.88,5388,1,卖盘
1320,10:37:14,53.87,16163,3,卖盘
1321,10:37:20,53.88,48492,9,买盘
1322,10:37:23,53.88,50706,9,买盘
1323,10:37:26,53.9,161634,30,买盘
1324,10:37:38,53.9,70070,13,买盘
1325,10:37:44,53.9,16170,3,买盘
1326,10:37:47,53.9,43120,8,卖盘
1327,10:37:50,53.93,53926,10,买盘
1328,10:37:53,53.9,21560,4,卖盘
1329,10:37:56,53.91,10782,2,卖盘
1330,10:37:59,53.9,107800,20,卖盘
1331,10:38:02,53.91,5391,1,中性盘
1332,10:38:05,53.91,53907,10,中性盘
1333,10:38:08,53.9,409660,76,卖盘
1334,10:38:11,53.88,64679,12,卖盘
1335,10:38:14,53.88,21549,4,买盘
1336,10:38:17,53.86,21547,4,卖盘
1337,10:38:20,53.9,10780,2,买盘
1338,10:38:23,53.93,26954,5,买盘
1339,10:38:26,53.94,16180,3,买盘
1340,10:38:29,53.93,107832,20,中性盘
1341,10:38:35,53.94,5394,1,买盘
1342,10:38:38,53.9,280296,52,卖盘
1343,10:38:41,53.92,5392,1,买盘
1344,10:38:44,53.93,285822,53,买盘
1345,10:38:47,53.94,415665,77,中性盘
1346,10:38:50,54.0,161943,30,中性盘
1347,10:38:56,53.99,5399,1,买盘
1348,10:38:59,53.99,32388,6,买盘
1349,10:39:02,53.98,118744,22,买盘
1350,10:39:05,53.97,32382,6,中性盘
1351,10:39:08,53.99,161954,30,买盘
1352,10:39:11,54.0,16200,3,卖盘
1353,10:39:14,54.0,37800,7,卖盘
1354,10:39:17,53.97,188961,35,卖盘
1355,10:39:20,53.97,16191,3,卖盘
1356,10:39:23,53.98,118788,22,卖盘
1357,10:39:26,53.98,48583,9,卖盘
1358,10:39:29,54.0,129589,24,买盘
1359,10:39:35,54.02,205230,38,买盘
1360,10:39:38,54.01,10802,2,卖盘
1361,10:39:41,54.02,167432,31,买盘
1362,10:39:44,54.0,37800,7,卖盘
1363,10:39:47,53.99,151189,28,卖盘
1364,10:39:50,53.98,21592,4,卖盘
1365,10:39:53,53.99,188937,35,中性盘
1366,10:39:56,53.98,21592,4,卖盘
1367,10:39:59,53.98,59379,11,卖盘
1368,10:40:05,53.95,269795,50,卖盘
1369,10:40:08,53.97,5397,1,中性盘
1370,10:40:14,53.97,26985,5,卖盘
1371,10:40:17,53.97,37783,7,卖盘
1372,10:40:20,53.99,32390,6,买盘
1373,10:40:23,53.99,70181,13,买盘
1374,10:40:26,53.97,16191,3,卖盘
1375,10:40:29,53.95,215878,40,卖盘
1376,10:40:32,53.97,188881,35,中性盘
1377,10:40:35,53.97,26985,5,卖盘
1378,10:40:38,53.95,70137,13,卖盘
1379,10:40:41,53.95,48555,9,卖盘
1380,10:40:44,53.94,107886,20,卖盘
1381,10:40:47,53.95,48551,9,买盘
1382,10:40:50,53.93,388374,72,卖盘
1383,10:40:53,53.94,97074,18,买盘
1384,10:40:56,53.9,188650,35,卖盘
1385,10:40:59,53.86,684313,127,卖盘
1386,10:41:02,53.85,947553,176,卖盘
1387,10:41:05,53.79,1032315,192,卖盘
1388,10:41:08,53.83,43059,8,买盘
1389,10:41:11,53.82,451990,84,卖盘
1390,10:41:14,53.79,172186,32,卖盘
1391,10:41:17,53.8,107608,20,中性盘
1392,10:41:20,53.82,322928,60,卖盘
1393,10:41:23,53.75,763572,142,卖盘
1394,10:41:26,53.71,671697,125,卖盘
1395,10:41:29,53.72,214838,40,买盘
1396,10:41:32,53.7,241660,45,卖盘
1397,10:41:35,53.71,295405,55,卖盘
1398,10:41:38,53.72,166505,31,买盘
1399,10:41:41,53.71,134293,25,卖盘
1400,10:41:44,53.72,177258,33,买盘
1401,10:41:47,53.72,80583,15,卖盘
1402,10:41:50,53.72,42976,8,卖盘
1403,10:41:53,53.72,290090,54,卖盘
1404,10:41:56,53.71,236325,44,卖盘
1405,10:41:59,53.72,746711,139,买盘
1406,10:42:02,53.7,48342,9,卖盘
1407,10:42:05,53.71,198740,37,卖盘
1408,10:42:08,53.72,16116,3,卖盘
1409,10:42:11,53.72,96697,18,卖盘
1410,10:42:14,53.73,349154,65,买盘
1411,10:42:17,53.73,91345,17,卖盘
1412,10:42:20,53.72,80591,15,卖盘
1413,10:42:23,53.73,32240,6,卖盘
1414,10:42:26,53.73,247174,46,卖盘
1415,10:42:29,53.74,134386,25,中性盘
1416,10:42:32,53.73,333158,62,卖盘
1417,10:42:35,53.73,381573,71,买盘
1418,10:42:38,53.78,10752,2,买盘
1419,10:42:41,53.73,91355,17,卖盘
1420,10:42:44,53.74,64479,12,卖盘
1421,10:42:47,53.74,96733,18,卖盘
1422,10:42:50,53.75,26875,5,中性盘
1423,10:42:53,53.75,37625,7,卖盘
1424,10:42:56,53.76,48382,9,买盘
1425,10:42:59,53.76,188163,35,卖盘
1426,10:43:02,53.77,112897,21,买盘
1427,10:43:05,53.76,155906,29,卖盘
1428,10:43:08,53.77,75265,14,买盘
1429,10:43:11,53.76,102146,19,卖盘
1430,10:43:14,53.76,64520,12,卖盘
1431,10:43:17,53.77,59139,11,买盘
1432,10:43:20,53.78,107515,20,买盘
1433,10:43:23,53.78,155935,29,买盘
1434,10:43:26,53.77,118303,22,卖盘
1435,10:43:29,53.78,26889,5,买盘
1436,10:43:32,53.78,123678,23,卖盘
1437,10:43:35,53.78,102168,19,买盘
1438,10:43:38,53.77,43016,8,卖盘
1439,10:43:41,53.78,559193,104,买盘
1440,10:43:44,53.84,457290,85,买盘
1441,10:43:47,53.82,59190,11,中性盘
1442,10:43:50,53.78,312012,58,卖盘
1443,10:43:53,53.78,731216,136,买盘
1444,10:43:56,53.78,231065,43,中性盘
1445,10:43:59,53.79,96744,18,中性盘
1446,10:44:02,53.73,263330,49,卖盘
1447,10:44:05,53.72,64484,12,卖盘
1448,10:44:08,53.77,10752,2,中性盘
1449,10:44:11,53.75,43000,8,卖盘
1450,10:44:14,53.77,198939,37,买盘
1451,10:44:17,53.75,75252,14,卖盘
1452,10:44:20,53.73,193408,36,中性盘
1453,10:44:23,53.75,96720,18,买盘
1454,10:44:26,53.75,166580,31,买盘
1455,10:44:29,53.75,64500,12,卖盘
1456,10:44:32,53.74,107492,20,卖盘
1457,10:44:35,53.72,440580,82,卖盘
1458,10:44:38,53.72,257893,48,卖盘
1459,10:44:41,53.72,354501,66,卖盘
1460,10:44:44,53.72,182651,34,中性盘
1461,10:44:47,53.71,53713,10,卖盘
1462,10:44:50,53.7,1014912,189,卖盘
1463,10:44:53,53.68,193306,36,卖盘
1464,10:44:56,53.69,300562,56,买盘
1465,10:44:59,53.64,456103,85,卖盘
1466,10:45:02,53.77,1127588,210,买盘
1467,10:45:05,53.7,392085,73,卖盘
1468,10:45:08,53.77,118250,22,买盘
1469,10:45:11,53.71,48339,9,卖盘
1470,10:45:14,53.7,768111,143,卖盘
1471,10:45:17,53.76,171944,32,买盘
1472,10:45:20,53.74,161245,30,卖盘
1473,10:45:23,53.76,10752,2,卖盘
1474,10:45:26,53.75,166515,31,中性盘
1475,10:45:29,53.7,617590,115,卖盘
1476,10:45:32,53.71,42966,8,中性盘
1477,10:45:35,53.7,64447,12,卖盘
1478,10:45:38,53.7,32232,6,卖盘
1479,10:45:44,53.74,26870,5,买盘
1480,10:45:50,53.74,5374,1,买盘
1481,10:45:53,53.7,413510,77,卖盘
1482,10:45:56,53.71,257761,48,中性盘
1483,10:45:59,53.71,64446,12,中性盘
1484,10:46:02,53.72,188020,35,买盘
1485,10:46:05,53.72,53714,10,买盘
1486,10:46:08,53.72,69835,13,买盘
1487,10:46:11,53.72,26860,5,买盘
1488,10:46:14,53.74,1289497,240,买盘
1489,10:46:17,53.74,118220,22,买盘
1490,10:46:20,53.73,333135,62,卖盘
1491,10:46:23,53.7,773375,144,卖盘
1492,10:46:26,53.7,348994,65,买盘
1493,10:46:29,53.69,161023,30,买盘
1494,10:46:32,53.65,338086,63,卖盘
1495,10:46:35,53.65,21464,4,卖盘
1496,10:46:38,53.65,48285,9,买盘
1497,10:46:41,53.63,423684,79,卖盘
1498,10:46:44,53.63,5363,1,买盘
1499,10:46:47,53.62,37534,7,卖盘
1500,10:46:50,53.62,219880,41,卖盘
1501,10:46:53,53.63,117984,22,买盘
1502,10:46:56,53.62,128694,24,卖盘
1503,10:46:59,53.63,80445,15,买盘
1504,10:47:02,53.62,268126,50,卖盘
1505,10:47:05,53.63,91170,17,卖盘
1506,10:47:08,53.62,53622,10,卖盘
1507,10:47:11,53.61,16083,3,卖盘
1508,10:47:14,53.62,139412,26,买盘
1509,10:47:20,53.61,444914,83,卖盘
1510,10:47:23,53.61,96496,18,买盘
1511,10:47:26,53.56,241093,45,卖盘
1512,10:47:29,53.53,294519,55,卖盘
1513,10:47:32,53.5,224789,42,卖盘
1514,10:47:35,53.5,1032589,193,卖盘
1515,10:47:38,53.46,128342,24,卖盘
1516,10:47:41,53.45,502470,94,卖盘
1517,10:47:44,53.45,69485,13,买盘
1518,10:47:47,53.42,149625,28,卖盘
1519,10:47:50,53.44,165597,31,买盘
1520,10:47:53,53.45,384649,72,买盘
1521,10:47:56,53.43,138967,26,卖盘
1522,10:47:59,53.45,32070,6,卖盘
1523,10:48:02,53.46,1250095,234,买盘
1524,10:48:05,53.41,288547,54,卖盘
1525,10:48:08,53.41,731670,137,买盘
1526,10:48:11,53.41,624812,117,买盘
1527,10:48:14,53.41,112145,21,买盘
1528,10:48:17,53.39,427210,80,卖盘
1529,10:48:20,53.4,74760,14,买盘
1530,10:48:23,53.39,512645,96,卖盘
1531,10:48:26,53.4,208211,39,买盘
1532,10:48:29,53.39,90764,17,卖盘
1533,10:48:32,53.38,224198,42,卖盘
1534,10:48:35,53.39,160160,30,买盘
1535,10:48:38,53.39,112092,21,买盘
1536,10:48:41,53.38,112082,21,中性盘
1537,10:48:44,53.39,64052,12,买盘
1538,10:48:47,53.38,149418,28,中性盘
1539,10:48:50,53.39,208146,39,买盘
1540,10:48:53,53.38,101399,19,卖盘
1541,10:48:56,53.33,474788,89,卖盘
1542,10:48:59,53.35,330705,62,买盘
1543,10:49:02,53.36,144022,27,中性盘
1544,10:49:05,53.34,26682,5,卖盘
1545,10:49:08,53.35,229328,43,中性盘
1546,10:49:11,53.34,101347,19,买盘
1547,10:49:14,53.34,485202,91,卖盘
1548,10:49:17,53.35,128018,24,买盘
1549,10:49:20,53.31,661008,124,卖盘
1550,10:49:23,53.32,4168354,782,中性盘
1551,10:49:26,53.32,117327,22,卖盘
1552,10:49:29,53.33,287965,54,卖盘
1553,10:49:32,53.31,191974,36,卖盘
1554,10:49:35,53.33,1945498,365,中性盘
1555,10:49:38,53.33,245343,46,买盘
1556,10:49:41,53.33,783700,147,卖盘
1557,10:49:44,53.31,394604,74,卖盘
1558,10:49:47,53.37,463861,87,中性盘
1559,10:49:50,53.37,2137698,401,买盘
1560,10:49:53,53.3,90625,17,卖盘
1561,10:49:56,53.33,336099,63,卖盘
1562,10:49:59,53.31,138627,26,卖盘
1563,10:50:02,53.36,58696,11,中性盘
1564,10:50:05,53.32,149347,28,卖盘
1565,10:50:08,53.38,21336,4,买盘
1566,10:50:11,53.4,523252,98,买盘
1567,10:50:14,53.42,218922,41,买盘
1568,10:50:17,53.43,32057,6,中性盘
1569,10:50:23,53.43,16029,3,买盘
1570,10:50:26,53.45,812176,152,买盘
1571,10:50:29,53.5,58826,11,买盘
1572,10:50:32,53.48,90944,17,卖盘
1573,10:50:35,53.5,26749,5,买盘
1574,10:50:38,53.5,117700,22,买盘
1575,10:50:41,53.49,37442,7,中性盘
1576,10:50:47,53.49,58839,11,买盘
1577,10:50:50,53.48,310193,58,卖盘
1578,10:50:53,53.47,288750,54,卖盘
1579,10:50:56,53.47,80202,15,买盘
1580,10:50:59,53.46,53467,10,中性盘
1581,10:51:02,53.45,64141,12,卖盘
1582,10:51:05,53.45,42760,8,买盘
1583,10:51:11,53.43,106860,20,卖盘
1584,10:51:14,53.44,58781,11,买盘
1585,10:51:17,53.42,26713,5,卖盘
1586,10:51:20,53.42,240390,45,卖盘
1587,10:51:23,53.42,21365,4,买盘
1588,10:51:26,53.4,48065,9,卖盘
1589,10:51:29,53.4,42720,8,卖盘
1590,10:51:32,53.4,42724,8,卖盘
1591,10:51:35,53.42,48074,9,买盘
1592,10:51:38,53.4,26705,5,卖盘
1593,10:51:41,53.4,37384,7,卖盘
1594,10:51:44,53.42,26702,5,买盘
1595,10:51:47,53.41,192255,36,卖盘
1596,10:51:50,53.41,106822,20,卖盘
1597,10:51:56,53.4,5340,1,卖盘
1598,10:52:02,53.4,811729,152,卖盘
1599,10:52:05,53.44,299261,56,买盘
1600,10:52:08,53.48,652277,122,买盘
1601,10:52:11,53.48,53472,10,买盘
1602,10:52:14,53.48,64176,12,买盘
1603,10:52:17,53.48,90916,17,卖盘
1604,10:52:20,53.5,1904510,356,买盘
1605,10:52:23,53.52,117726,22,买盘
1606,10:52:26,53.54,10708,2,买盘
1607,10:52:29,53.54,5354,1,买盘
1608,10:52:35,53.53,572676,107,买盘
1609,10:52:38,53.52,165917,31,卖盘
1610,10:52:41,53.54,749290,140,买盘
1611,10:52:44,53.52,556672,104,卖盘
1612,10:52:47,53.58,53580,10,中性盘
1613,10:52:50,53.5,1321579,247,卖盘
1614,10:52:53,53.58,198133,37,买盘
1615,10:52:56,53.54,91018,17,卖盘
1616,10:52:59,53.59,53590,10,买盘
1617,10:53:02,53.61,112533,21,买盘
1618,10:53:08,53.55,37485,7,卖盘
1619,10:53:14,53.55,42840,8,卖盘
1620,10:53:23,53.55,85684,16,卖盘
1621,10:53:26,53.55,80334,15,卖盘
1622,10:53:29,53.54,203470,38,卖盘
1623,10:53:32,53.54,1065628,199,卖盘
1624,10:53:35,53.54,42832,8,卖盘
1625,10:53:38,53.53,85666,16,卖盘
1626,10:53:44,53.54,155296,29,卖盘
1627,10:53:47,53.54,214152,40,卖盘
1628,10:53:50,53.59,74981,14,买盘
1629,10:53:53,53.52,117744,22,卖盘
1630,10:53:56,53.5,26751,5,卖盘
1631,10:53:59,53.54,203304,38,买盘
1632,10:54:05,53.5,5350,1,卖盘
1633,10:54:08,53.5,208650,39,卖盘
1634,10:54:14,53.51,251470,47,买盘
1635,10:54:17,53.46,42780,8,卖盘
1636,10:54:20,53.46,160270,30,卖盘
1637,10:54:29,53.5,32092,6,买盘
1638,10:54:32,53.59,829570,155,买盘
1639,10:54:35,53.61,42874,8,买盘
1640,10:54:38,53.52,58900,11,卖盘
1641,10:54:44,53.52,58888,11,卖盘
1642,10:54:47,53.64,58965,11,买盘
1643,10:54:50,53.6,85735,16,中性盘
1644,10:54:53,53.55,10710,2,卖盘
1645,10:54:56,53.6,21440,4,买盘
1646,10:54:59,53.6,26800,5,买盘
1647,10:55:05,53.6,5360,1,卖盘
1648,10:55:08,53.6,64320,12,卖盘
1649,10:55:17,53.63,10726,2,买盘
1650,10:55:20,53.69,5369,1,买盘
1651,10:55:32,53.69,32210,6,买盘
1652,10:55:38,53.68,26844,5,卖盘
1653,10:55:41,53.68,26838,5,卖盘
1654,10:55:44,53.69,375827,70,买盘
1655,10:55:47,53.65,123415,23,卖盘
1656,10:55:50,53.65,322103,60,卖盘
1657,10:55:53,53.68,703352,131,中性盘
1658,10:55:56,53.69,37583,7,中性盘
1659,10:55:59,53.69,21476,4,卖盘
1660,10:56:02,53.72,10742,2,买盘
1661,10:56:05,53.73,48355,9,买盘
1662,10:56:08,53.73,5373,1,买盘
1663,10:56:11,53.69,214822,40,卖盘
1664,10:56:14,53.7,75211,14,中性盘
1665,10:56:17,53.7,53700,10,买盘
1666,10:56:20,53.69,177200,33,卖盘
1667,10:56:23,53.69,64439,12,中性盘
1668,10:56:26,53.69,48315,9,买盘
1669,10:56:29,53.69,5369,1,买盘
1670,10:56:32,53.69,32214,6,买盘
1671,10:56:35,53.7,10740,2,买盘
1672,10:56:38,53.71,5371,1,买盘
1673,10:56:41,53.73,16117,3,买盘
1674,10:56:44,53.73,53730,10,买盘
1675,10:56:47,53.73,5373,1,中性盘
1676,10:56:50,53.74,5374,1,买盘
1677,10:56:59,53.74,53739,10,买盘
1678,10:57:02,53.74,26870,5,买盘
1679,10:57:05,53.75,5375,1,买盘
1680,10:57:08,53.68,606870,113,卖盘
1681,10:57:11,53.62,214566,40,卖盘
1682,10:57:14,53.6,107282,20,卖盘
1683,10:57:17,53.6,107200,20,买盘
1684,10:57:23,53.6,214359,40,买盘
1685,10:57:26,53.6,509200,95,卖盘
1686,10:57:29,53.6,10720,2,卖盘
1687,10:57:32,53.61,26805,5,中性盘
1688,10:57:35,53.62,32167,6,买盘
1689,10:57:38,53.61,5361,1,卖盘
1690,10:57:41,53.62,26810,5,买盘
1691,10:57:44,53.62,16084,3,买盘
1692,10:57:47,53.62,80430,15,买盘
1693,10:57:53,53.62,107240,20,卖盘
1694,10:57:56,53.64,26819,5,买盘
1695,10:57:59,53.64,101916,19,买盘
1696,10:58:02,53.68,10736,2,买盘
1697,10:58:08,53.67,16101,3,买盘
1698,10:58:11,53.68,48304,9,买盘
1699,10:58:14,53.68,59048,11,买盘
1700,10:58:17,53.7,32215,6,买盘
1701,10:58:20,53.73,80566,15,买盘
1702,10:58:26,53.74,161220,30,买盘
1703,10:58:29,53.71,687809,128,卖盘
1704,10:58:32,53.69,64428,12,卖盘
1705,10:58:38,53.68,203984,38,卖盘
1706,10:58:41,53.71,102024,19,买盘
1707,10:58:44,53.68,5368,1,中性盘
1708,10:58:47,53.7,21481,4,中性盘
1709,10:58:50,53.68,64433,12,卖盘
1710,10:58:53,53.68,10737,2,卖盘
1711,10:58:56,53.68,53701,10,卖盘
1712,10:58:59,53.68,59057,11,卖盘
1713,10:59:02,53.65,139562,26,卖盘
1714,10:59:05,53.65,91205,17,卖盘
1715,10:59:08,53.67,5367,1,买盘
1716,10:59:11,53.67,64394,12,买盘
1717,10:59:14,53.67,59035,11,买盘
1718,10:59:20,53.66,16098,3,卖盘
1719,10:59:23,53.65,101935,19,卖盘
1720,10:59:26,53.68,26828,5,买盘
1721,10:59:29,53.65,69763,13,卖盘
1722,10:59:32,53.65,64380,12,买盘
1723,10:59:35,53.68,53655,10,买盘
1724,10:59:38,53.68,21472,4,买盘
1725,10:59:41,53.68,75146,14,买盘
1726,10:59:44,53.65,268284,50,卖盘
1727,10:59:47,53.68,826672,154,买盘
1728,10:59:50,53.73,26857,5,买盘
1729,10:59:53,53.66,69780,13,卖盘
1730,10:59:56,53.68,48312,9,卖盘
1731,10:59:59,53.68,123464,23,卖盘
1732,11:00:02,53.73,354575,66,买盘
1733,11:00:05,53.74,69820,13,买盘
1734,11:00:11,53.74,32244,6,买盘
1735,11:00:14,53.74,32244,6,买盘
1736,11:00:17,53.66,1003905,187,卖盘
1737,11:00:20,53.63,1030074,192,卖盘
1738,11:00:26,53.63,241300,45,卖盘
1739,11:00:29,53.63,42904,8,买盘
1740,11:00:32,53.64,10728,2,买盘
1741,11:00:35,53.66,273644,51,买盘
1742,11:00:38,53.62,364624,68,卖盘
1743,11:00:41,53.62,37529,7,买盘
1744,11:00:44,53.61,10723,2,卖盘
1745,11:00:47,53.63,155510,29,买盘
1746,11:00:53,53.63,16089,3,买盘
1747,11:00:56,53.62,123340,23,卖盘
1748,11:00:59,53.64,69732,13,中性盘
1749,11:01:02,53.64,75117,14,卖盘
1750,11:01:05,53.64,10728,2,卖盘
1751,11:01:08,53.64,91201,17,卖盘
1752,11:01:11,53.65,268250,50,买盘
1753,11:01:14,53.64,5364,1,卖盘
1754,11:01:17,53.65,123389,23,买盘
1755,11:01:20,53.64,236016,44,卖盘
1756,11:01:23,53.63,311054,58,卖盘
1757,11:01:26,53.63,268112,50,买盘
1758,11:01:29,53.63,10726,2,卖盘
1759,11:01:35,53.63,21452,4,卖盘
1760,11:01:38,53.63,58994,11,卖盘
1761,11:01:41,53.65,118009,22,买盘
1762,11:01:44,53.64,26820,5,卖盘
1763,11:01:47,53.64,5364,1,卖盘
1764,11:01:53,53.64,402232,75,买盘
1765,11:01:56,53.62,176982,33,卖盘
1766,11:01:59,53.62,26811,5,卖盘
1767,11:02:02,53.61,375313,70,卖盘
1768,11:02:08,53.6,134010,25,卖盘
1769,11:02:11,53.6,21440,4,卖盘
1770,11:02:14,53.6,5360,1,卖盘
1771,11:02:20,53.6,53600,10,卖盘
1772,11:02:23,53.6,91110,17,买盘
1773,11:02:29,53.59,32154,6,卖盘
1774,11:02:32,53.56,182174,34,卖盘
1775,11:02:38,53.56,5356,1,卖盘
1776,11:02:41,53.58,53580,10,买盘
1777,11:02:44,53.58,10716,2,买盘
1778,11:02:47,53.56,107125,20,卖盘
1779,11:02:50,53.57,69635,13,买盘
1780,11:02:53,53.56,16067,3,买盘
1781,11:02:56,53.56,26780,5,买盘
1782,11:02:59,53.55,235630,44,卖盘
1783,11:03:02,53.53,21412,4,卖盘
1784,11:03:05,53.55,10709,2,买盘
1785,11:03:08,53.55,96379,18,买盘
1786,11:03:11,53.53,32118,6,卖盘
1787,11:03:14,53.53,64239,12,卖盘
1788,11:03:17,53.54,48186,9,买盘
1789,11:03:23,53.53,155244,29,卖盘
1790,11:03:26,53.53,80296,15,卖盘
1791,11:03:29,53.53,32119,6,卖盘
1792,11:03:32,53.53,42821,8,买盘
1793,11:03:35,53.54,32119,6,买盘
1794,11:03:38,53.53,176651,33,卖盘
1795,11:03:41,53.53,21412,4,卖盘
1796,11:03:44,53.53,10706,2,卖盘
1797,11:03:50,53.53,32121,6,卖盘
1798,11:03:53,53.53,32118,6,卖盘
1799,11:03:56,53.53,48177,9,卖盘
1800,11:03:59,53.53,37471,7,卖盘
1801,11:04:02,53.53,123119,23,卖盘
1802,11:04:05,53.52,235493,44,卖盘
1803,11:04:11,53.52,604610,113,卖盘
1804,11:04:14,53.47,117643,22,卖盘
1805,11:04:17,53.47,112285,21,买盘
1806,11:04:20,53.52,229930,43,买盘
1807,11:04:23,53.52,5352,1,买盘
1808,11:04:26,53.5,21403,4,中性盘
1809,11:04:29,53.52,5352,1,买盘
1810,11:04:32,53.52,42816,8,买盘
1811,11:04:35,53.52,96336,18,买盘
1812,11:04:38,53.52,219386,41,买盘
1813,11:04:41,53.53,112413,21,买盘
1814,11:04:44,53.52,139152,26,卖盘
1815,11:04:47,53.52,69581,13,卖盘
1816,11:04:50,53.52,10704,2,买盘
1817,11:04:53,53.54,182004,34,买盘
1818,11:04:56,53.53,10706,2,卖盘
1819,11:05:05,53.54,16060,3,中性盘
1820,11:05:08,53.5,503031,94,卖盘
1821,11:05:14,53.5,10700,2,买盘
1822,11:05:17,53.5,96290,18,买盘
1823,11:05:23,53.5,48150,9,买盘
1824,11:05:26,53.5,32098,6,买盘
1825,11:05:29,53.5,583154,109,买盘
1826,11:05:32,53.53,10706,2,买盘
1827,11:05:35,53.55,176651,33,买盘
1828,11:05:38,53.55,5355,1,买盘
1829,11:05:41,53.53,21412,4,卖盘
1830,11:05:44,53.55,80315,15,买盘
1831,11:05:47,53.55,5355,1,卖盘
1832,11:05:50,53.54,107090,20,卖盘
1833,11:05:56,53.53,283749,53,卖盘
1834,11:05:59,53.54,16060,3,买盘
1835,11:06:02,53.53,422932,79,卖盘
1836,11:06:05,53.54,535396,100,买盘
1837,11:06:08,53.52,42816,8,卖盘
1838,11:06:11,53.53,21409,4,中性盘
1839,11:06:14,53.53,37471,7,卖盘
1840,11:06:17,53.53,5353,1,买盘
1841,11:06:20,53.49,722304,135,卖盘
1842,11:06:23,53.47,112293,21,卖盘
1843,11:06:26,53.46,106944,20,卖盘
1844,11:06:29,53.48,464835,87,买盘
1845,11:06:32,53.47,122936,23,中性盘
1846,11:06:35,53.44,122950,23,卖盘
1847,11:06:38,53.31,864663,162,卖盘
1848,11:06:41,53.32,874479,164,卖盘
1849,11:06:44,53.32,1354150,254,卖盘
1850,11:06:47,53.34,21343,4,卖盘
1851,11:06:50,53.34,128018,24,卖盘
1852,11:06:53,53.34,74676,14,买盘
1853,11:06:56,53.4,5340,1,买盘
1854,11:06:59,53.4,10680,2,买盘
1855,11:07:02,53.34,170719,32,卖盘
1856,11:07:05,53.35,10669,2,买盘
1857,11:07:08,53.34,122691,23,卖盘
1858,11:07:11,53.34,32005,6,卖盘
1859,11:07:14,53.34,58677,11,卖盘
1860,11:07:17,53.34,26671,5,卖盘
1861,11:07:23,53.21,953676,179,卖盘
1862,11:07:26,53.22,53220,10,卖盘
1863,11:07:29,53.21,760965,143,卖盘
1864,11:07:32,53.23,31953,6,卖盘
1865,11:07:35,53.23,154381,29,卖盘
1866,11:07:38,53.23,58553,11,卖盘
1867,11:07:41,53.23,58553,11,卖盘
1868,11:07:44,53.23,85170,16,卖盘
1869,11:07:47,53.23,867503,163,卖盘
1870,11:07:50,53.2,47882,9,卖盘
1871,11:07:53,53.21,21282,4,买盘
1872,11:07:56,53.2,148964,28,卖盘
1873,11:07:59,53.2,505418,95,卖盘
1874,11:08:02,53.21,63843,12,买盘
1875,11:08:05,53.2,74480,14,卖盘
1876,11:08:08,53.19,148952,28,卖盘
1877,11:08:11,53.19,897809,169,卖盘
1878,11:08:14,53.2,111712,21,买盘
1879,11:08:17,53.17,191238,36,中性盘
1880,11:08:20,53.23,622386,117,买盘
1881,11:08:23,53.21,31927,6,中性盘
1882,11:08:26,53.21,15963,3,卖盘
1883,11:08:29,53.22,5322,1,卖盘
1884,11:08:41,53.22,58585,11,卖盘
1885,11:08:50,53.22,10644,2,卖盘
1886,11:08:53,53.23,58550,11,卖盘
1887,11:08:56,53.23,21292,4,卖盘
1888,11:08:59,53.23,101149,19,卖盘
1889,11:09:02,53.28,15984,3,买盘
1890,11:09:05,53.22,532284,100,卖盘
1891,11:09:08,53.23,101263,19,中性盘
1892,11:09:11,53.23,63876,12,卖盘
1893,11:09:14,53.23,26615,5,卖盘
1894,11:09:17,53.23,47952,9,卖盘
1895,11:09:20,53.23,106494,20,卖盘
1896,11:09:23,53.24,79859,15,买盘
1897,11:09:26,53.24,26619,5,买盘
1898,11:09:29,53.32,37302,7,买盘
1899,11:09:32,53.24,537725,101,卖盘
1900,11:09:35,53.32,79946,15,买盘
1901,11:09:38,53.25,101292,19,中性盘
1902,11:09:44,53.25,31957,6,卖盘
1903,11:09:47,53.27,5327,1,卖盘
1904,11:09:50,53.27,53264,10,买盘
1905,11:09:53,53.25,250314,47,卖盘
1906,11:09:56,53.26,149119,28,买盘
1907,11:09:59,53.25,53250,10,买盘
1908,11:10:02,53.24,31945,6,卖盘
1909,11:10:05,53.24,271578,51,卖盘
1910,11:10:08,53.25,79881,15,中性盘
1911,11:10:11,53.27,793086,149,买盘
1912,11:10:14,53.25,127817,24,卖盘
1913,11:10:17,53.26,26629,5,买盘
1914,11:10:20,53.26,143928,27,卖盘
1915,11:10:23,53.26,95866,18,买盘
1916,11:10:26,53.26,90534,17,中性盘
1917,11:10:29,53.23,74522,14,卖盘
1918,11:10:32,53.26,69237,13,买盘
1919,11:10:35,53.2,122382,23,卖盘
1920,11:10:38,53.19,53197,10,卖盘
1921,11:10:41,53.16,116996,22,卖盘
1922,11:10:44,53.18,53169,10,中性盘
1923,11:10:47,53.01,1337133,252,卖盘
1924,11:10:50,53.1,95605,18,卖盘
1925,11:10:53,53.0,6349808,1198,卖盘
1926,11:10:56,53.0,413407,78,买盘
1927,11:10:59,53.0,291592,55,卖盘
1928,11:11:02,53.0,137793,26,卖盘
1929,11:11:05,52.99,763181,144,卖盘
1930,11:11:08,52.99,725364,137,卖盘
1931,11:11:11,53.0,858486,162,买盘
1932,11:11:14,53.12,1049795,198,买盘
1933,11:11:17,53.0,238559,45,卖盘
1934,11:11:20,53.0,535288,101,卖盘
1935,11:11:23,53.09,164380,31,买盘
1936,11:11:26,53.02,26512,5,卖盘
1937,11:11:29,53.03,286804,54,卖盘
1938,11:11:32,53.03,100773,19,卖盘
1939,11:11:35,53.05,15917,3,中性盘
1940,11:11:38,53.04,47739,9,卖盘
1941,11:11:41,53.05,31830,6,买盘
1942,11:11:44,53.05,307689,58,买盘
1943,11:11:47,53.05,106123,20,卖盘
1944,11:11:50,53.05,63660,12,卖盘
1945,11:11:53,53.05,84883,16,买盘
1946,11:11:56,53.05,137950,26,卖盘
1947,11:11:59,53.05,599455,113,卖盘
1948,11:12:02,53.06,339614,64,买盘
1949,11:12:05,53.05,100805,19,卖盘
1950,11:12:08,53.05,164460,31,买盘
1951,11:12:11,53.03,132602,25,卖盘
1952,11:12:14,53.05,84878,16,买盘
1953,11:12:17,53.09,21236,4,买盘
1954,11:12:20,53.06,53061,10,卖盘
1955,11:12:23,53.05,668449,126,卖盘
1956,11:12:26,53.05,21220,4,卖盘
1957,11:12:29,53.09,37154,7,买盘
1958,11:12:35,53.09,37162,7,买盘
1959,11:12:38,53.15,175282,33,买盘
1960,11:12:41,53.07,169853,32,卖盘
1961,11:12:44,53.14,26570,5,买盘
1962,11:12:50,53.14,233659,44,买盘
1963,11:12:53,53.11,15937,3,中性盘
1964,11:12:56,53.14,10628,2,买盘
1965,11:12:59,53.15,239153,45,买盘
1966,11:13:02,53.15,15945,3,卖盘
1967,11:13:05,53.16,5316,1,买盘
1968,11:13:08,53.16,42528,8,卖盘
1969,11:13:11,53.16,53160,10,卖盘
1970,11:13:14,53.17,207306,39,买盘
1971,11:13:17,53.15,90357,17,卖盘
1972,11:13:20,53.13,148807,28,卖盘
1973,11:13:23,53.13,58436,11,买盘
1974,11:13:26,53.12,26560,5,卖盘
1975,11:13:29,53.12,313524,59,卖盘
1976,11:13:32,53.13,58441,11,中性盘
1977,11:13:35,53.13,37191,7,卖盘
1978,11:13:38,53.15,42516,8,买盘
1979,11:13:41,53.13,42508,8,卖盘
1980,11:13:44,53.12,552516,104,卖盘
1981,11:13:47,53.11,169999,32,卖盘
1982,11:13:50,53.11,79687,15,卖盘
1983,11:13:53,53.11,42488,8,卖盘
1984,11:13:56,53.1,63730,12,卖盘
1985,11:13:59,53.1,90270,17,卖盘
1986,11:14:02,53.12,53118,10,买盘
1987,11:14:05,53.11,212471,40,卖盘
1988,11:14:08,53.12,143468,27,卖盘
1989,11:14:11,53.13,217869,41,中性盘
1990,11:14:14,53.12,132823,25,卖盘
1991,11:14:17,53.15,138149,26,买盘
1992,11:14:20,53.15,127483,24,中性盘
1993,11:14:23,53.13,95638,18,卖盘
1994,11:14:26,53.15,63780,12,买盘
1995,11:14:29,53.2,164782,31,买盘
1996,11:14:32,53.15,10630,2,卖盘
1997,11:14:38,53.16,37220,7,卖盘
1998,11:14:41,53.18,42539,8,买盘
1999,11:14:44,53.17,201987,38,卖盘
2000,11:14:47,53.17,37219,7,卖盘
2001,11:14:50,53.18,69132,13,买盘
2002,11:14:53,53.18,79770,15,卖盘
2003,11:14:56,53.19,106372,20,买盘
2004,11:14:59,53.19,1420416,267,买盘
2005,11:15:02,53.23,42581,8,买盘
2006,11:15:08,53.2,37243,7,卖盘
2007,11:15:11,53.25,133104,25,买盘
2008,11:15:14,53.27,74524,14,买盘
2009,11:15:17,53.23,5323,1,卖盘
2010,11:15:20,53.25,5325,1,买盘
2011,11:15:23,53.3,1673361,314,买盘
2012,11:15:26,53.35,95990,18,买盘
2013,11:15:29,53.35,53330,10,买盘
2014,11:15:32,53.35,160032,30,买盘
2015,11:15:35,53.35,122687,23,买盘
2016,11:15:38,53.35,42668,8,买盘
2017,11:15:41,53.32,58668,11,卖盘
2018,11:15:44,53.32,37324,7,卖盘
2019,11:15:47,53.31,202635,38,卖盘
2020,11:15:50,53.32,63979,12,买盘
2021,11:15:53,53.31,15993,3,卖盘
2022,11:15:56,53.31,79965,15,买盘
2023,11:15:59,53.29,90538,17,中性盘
2024,11:16:02,53.23,117109,22,卖盘
2025,11:16:05,53.27,63897,12,买盘
2026,11:16:08,53.25,106436,20,中性盘
2027,11:16:11,53.21,15967,3,卖盘
2028,11:16:14,53.18,212807,40,卖盘
2029,11:16:17,53.15,244580,46,卖盘
2030,11:16:20,53.18,37206,7,买盘
2031,11:16:23,53.15,100922,19,中性盘
2032,11:16:26,53.1,339936,64,卖盘
2033,11:16:29,53.1,329124,62,买盘
2034,11:16:32,53.07,175120,33,中性盘
2035,11:16:35,53.08,265346,50,中性盘
2036,11:16:38,53.05,376732,71,卖盘
2037,11:16:41,53.08,191022,36,买盘
2038,11:16:44,53.06,137956,26,卖盘
2039,11:16:47,53.06,106116,20,卖盘
2040,11:16:50,53.05,95490,18,卖盘
2041,11:16:53,53.04,42432,8,卖盘
2042,11:16:56,53.04,169725,32,买盘
2043,11:16:59,53.1,429755,81,买盘
2044,11:17:02,53.1,424650,80,买盘
2045,11:17:05,53.1,636963,120,买盘
2046,11:17:08,53.15,552145,104,买盘
2047,11:17:11,53.16,552430,104,买盘
2048,11:17:14,53.21,579544,109,买盘
2049,11:17:17,53.1,255133,48,卖盘
2050,11:17:20,53.17,297350,56,中性盘
2051,11:17:23,53.18,233927,44,买盘
2052,11:17:26,53.11,84981,16,卖盘
2053,11:17:29,53.15,276386,52,买盘
2054,11:17:32,53.16,170114,32,买盘
2055,11:17:35,53.12,201976,38,卖盘
2056,11:17:38,53.17,106308,20,中性盘
2057,11:17:41,53.11,207147,39,卖盘
2058,11:17:44,53.12,260233,49,买盘
2059,11:17:47,53.11,610770,115,卖盘
2060,11:17:50,53.1,292056,55,卖盘
2061,11:17:53,53.11,286773,54,中性盘
2062,11:17:56,53.11,100897,19,买盘
2063,11:17:59,53.1,148693,28,卖盘
2064,11:18:02,53.1,15931,3,卖盘
2065,11:18:05,53.1,26550,5,卖盘
2066,11:18:08,53.11,323893,61,买盘
2067,11:18:11,53.12,143407,27,买盘
2068,11:18:14,53.17,308321,58,买盘
2069,11:18:17,53.16,85026,16,中性盘
2070,11:18:20,53.16,31888,6,买盘
2071,11:18:23,53.16,292353,55,买盘
2072,11:18:26,53.16,196725,37,买盘
2073,11:18:29,53.18,542281,102,买盘
2074,11:18:32,53.16,154159,29,卖盘
2075,11:18:35,53.2,37220,7,买盘
2076,11:18:38,53.19,132947,25,中性盘
2077,11:18:41,53.19,117002,22,买盘
2078,11:18:44,53.19,276419,52,买盘
2079,11:18:47,53.19,85080,16,买盘
2080,11:18:50,53.19,95733,18,买盘
2081,11:18:53,53.19,239340,45,买盘
2082,11:18:56,53.18,1116814,210,卖盘
2083,11:18:59,53.19,37215,7,中性盘
2084,11:19:02,53.19,558269,105,买盘
2085,11:19:05,53.2,414937,78,买盘
2086,11:19:08,53.2,287244,54,买盘
2087,11:19:11,53.21,159620,30,买盘
2088,11:19:14,53.2,516109,97,卖盘
2089,11:19:17,53.2,712944,134,买盘
2090,11:19:20,53.21,276692,52,买盘
2091,11:19:23,53.25,31938,6,买盘
2092,11:19:26,53.2,883311,166,卖盘
2093,11:19:32,53.2,335157,63,买盘
2094,11:19:35,53.2,90440,17,买盘
2095,11:19:38,53.2,212800,40,买盘
2096,11:19:41,53.21,3947470,742,买盘
2097,11:19:44,53.23,218277,41,卖盘
2098,11:19:47,53.23,15969,3,卖盘
2099,11:19:50,53.3,1730935,325,买盘
2100,11:19:53,53.3,63961,12,卖盘
2101,11:19:56,53.3,330308,62,卖盘
2102,11:20:02,53.29,10659,2,中性盘
2103,11:20:05,53.31,239817,45,买盘
2104,11:20:08,53.29,10658,2,卖盘
2105,11:20:11,53.31,341172,64,买盘
2106,11:20:17,53.3,133274,25,中性盘
2107,11:20:20,53.36,2038102,382,买盘
2108,11:20:23,53.4,192116,36,买盘
2109,11:20:26,53.42,48062,9,买盘
2110,11:20:32,53.44,245824,46,买盘
2111,11:20:35,53.44,5344,1,买盘
2112,11:20:38,53.44,373963,70,买盘
2113,11:20:41,53.44,32062,6,买盘
2114,11:20:44,53.44,26720,5,买盘
2115,11:20:47,53.39,53435,10,卖盘
2116,11:20:53,53.4,64082,12,中性盘
2117,11:21:02,53.39,112137,21,卖盘
2118,11:21:05,53.4,395113,74,买盘
2119,11:21:08,53.35,213428,40,卖盘
2120,11:21:11,53.39,42706,8,买盘
2121,11:21:14,53.35,21340,4,卖盘
2122,11:21:20,53.34,192037,36,中性盘
2123,11:21:23,53.35,16005,3,卖盘
2124,11:21:26,53.35,5335,1,卖盘
2125,11:21:29,53.35,224070,42,卖盘
2126,11:21:32,53.35,58685,11,卖盘
2127,11:21:35,53.35,122705,23,卖盘
2128,11:21:38,53.35,32010,6,卖盘
2129,11:21:41,53.35,96030,18,卖盘
2130,11:21:44,53.35,426702,80,买盘
2131,11:21:47,53.35,26675,5,买盘
2132,11:21:50,53.35,197395,37,买盘
2133,11:21:53,53.37,176059,33,买盘
2134,11:21:56,53.35,96032,18,卖盘
2135,11:21:59,53.35,16005,3,卖盘
2136,11:22:05,53.35,64020,12,卖盘
2137,11:22:08,53.35,181393,34,卖盘
2138,11:22:11,53.34,53340,10,卖盘
2139,11:22:14,53.32,170685,32,卖盘
2140,11:22:17,53.34,74673,14,买盘
2141,11:22:20,53.3,85301,16,卖盘
2142,11:22:23,53.28,138567,26,卖盘
2143,11:22:29,53.27,42617,8,卖盘
2144,11:22:32,53.28,31967,6,买盘
2145,11:22:35,53.24,239681,45,卖盘
2146,11:22:38,53.24,69217,13,卖盘
2147,11:22:41,53.28,122509,23,买盘
2148,11:22:44,53.28,308985,58,买盘
2149,11:22:47,53.3,452884,85,买盘
2150,11:22:50,53.28,378338,71,卖盘
2151,11:22:53,53.32,37300,7,买盘
2152,11:22:56,53.32,5332,1,卖盘
2153,11:22:59,53.33,330646,62,买盘
2154,11:23:02,53.32,112010,21,卖盘
2155,11:23:05,53.3,58630,11,卖盘
2156,11:23:08,53.29,101265,19,卖盘
2157,11:23:14,53.31,143953,27,卖盘
2158,11:23:17,53.32,245261,46,买盘
2159,11:23:20,53.32,309203,58,买盘
2160,11:23:23,53.32,101290,19,买盘
2161,11:23:26,53.31,26655,5,卖盘
2162,11:23:32,53.3,282571,53,卖盘
2163,11:23:35,53.3,298544,56,卖盘
2164,11:23:41,53.3,143921,27,卖盘
2165,11:23:44,53.31,37317,7,买盘
2166,11:23:47,53.29,170538,32,卖盘
2167,11:23:53,53.29,10658,2,买盘
2168,11:23:56,53.25,442067,83,卖盘
2169,11:24:02,53.24,31944,6,卖盘
2170,11:24:05,53.25,21300,4,买盘
2171,11:24:08,53.24,308764,58,卖盘
2172,11:24:11,53.2,79805,15,卖盘
2173,11:24:14,53.17,446832,84,卖盘
2174,11:24:17,53.17,249899,47,买盘
2175,11:24:20,53.16,271139,51,卖盘
2176,11:24:23,53.17,69121,13,中性盘
2177,11:24:26,53.17,127590,24,买盘
2178,11:24:29,53.17,249768,47,买盘
2179,11:24:32,53.17,345440,65,买盘
2180,11:24:35,53.17,47853,9,买盘
2181,11:24:38,53.17,15947,3,买盘
2182,11:24:44,53.16,116946,22,买盘
2183,11:24:47,53.15,26575,5,卖盘
2184,11:24:50,53.13,324128,61,卖盘
2185,11:24:53,53.12,626950,118,卖盘
2186,11:24:56,53.1,1078012,203,卖盘
2187,11:24:59,53.1,175230,33,买盘
2188,11:25:02,53.17,1205416,227,买盘
2189,11:25:05,53.1,265543,50,卖盘
2190,11:25:08,53.12,10624,2,卖盘
2191,11:25:11,53.19,377489,71,买盘
2192,11:25:20,53.19,31914,6,买盘
2193,11:25:23,53.19,324459,61,买盘
2194,11:25:26,53.18,170207,32,中性盘
2195,11:25:29,53.18,10636,2,中性盘
2196,11:25:32,53.18,122294,23,买盘
2197,11:25:35,53.18,127632,24,买盘
2198,11:25:38,53.18,377600,71,买盘
2199,11:25:41,53.19,170208,32,买盘
2200,11:25:44,53.19,377669,71,买盘
2201,11:25:47,53.19,53196,10,卖盘
2202,11:25:50,53.2,542494,102,卖盘
2203,11:25:53,53.2,218120,41,卖盘
2204,11:25:56,53.19,79785,15,买盘
2205,11:26:02,53.17,63804,12,卖盘
2206,11:26:05,53.17,101041,19,卖盘
2207,11:26:08,53.17,335032,63,卖盘
2208,11:26:14,53.17,31907,6,卖盘
2209,11:26:20,53.18,58490,11,买盘
2210,11:26:23,53.18,101042,19,买盘
2211,11:26:26,53.18,21272,4,买盘
2212,11:26:29,53.16,191409,36,卖盘
2213,11:26:32,53.17,42537,8,卖盘
2214,11:26:35,53.12,834176,157,卖盘
2215,11:26:38,53.14,382846,72,中性盘
2216,11:26:41,53.14,63812,12,卖盘
2217,11:26:44,53.17,175473,33,中性盘
2218,11:26:47,53.18,218020,41,买盘
2219,11:26:50,53.18,5318,1,买盘
2220,11:26:53,53.17,292435,55,买盘
2221,11:26:56,53.19,202087,38,买盘
2222,11:26:59,53.18,31911,6,卖盘
2223,11:27:05,53.19,42552,8,买盘
2224,11:27:08,53.19,21276,4,买盘
2225,11:27:11,53.18,74452,14,卖盘
2226,11:27:14,53.18,255238,48,卖盘
2227,11:27:17,53.19,265950,50,买盘
2228,11:27:23,53.18,21273,4,卖盘
2229,11:27:26,53.18,127632,24,卖盘
2230,11:27:32,53.19,26595,5,买盘
2231,11:27:41,53.22,611658,115,买盘
2232,11:27:44,53.25,154373,29,买盘
2233,11:27:47,53.2,292647,55,卖盘
2234,11:27:50,53.23,159629,30,中性盘
2235,11:27:56,53.2,127722,24,卖盘
2236,11:27:59,53.26,212952,40,买盘
2237,11:28:02,53.25,228985,43,买盘
2238,11:28:05,53.25,10648,2,中性盘
2239,11:28:08,53.23,58548,11,卖盘
2240,11:28:11,53.24,21296,4,中性盘
2241,11:28:26,53.25,5325,1,买盘
2242,11:28:32,53.28,607071,114,买盘
2243,11:28:35,53.28,101251,19,卖盘
2244,11:28:38,53.29,47961,9,买盘
2245,11:28:44,53.29,79959,15,卖盘
2246,11:28:47,53.29,5329,1,卖盘
2247,11:28:50,53.29,58634,11,卖盘
2248,11:28:53,53.34,458510,86,买盘
2249,11:28:56,53.33,15999,3,卖盘
2250,11:28:59,53.34,165340,31,买盘
2251,11:29:02,53.35,96013,18,买盘
2252,11:29:05,53.32,85272,16,中性盘
2253,11:29:11,53.28,261072,49,卖盘
2254,11:29:14,53.28,37296,7,买盘
2255,11:29:17,53.28,101215,19,买盘
2256,11:29:20,53.22,63904,12,卖盘
2257,11:29:23,53.31,1133732,213,买盘
2258,11:29:26,53.3,21320,4,卖盘
2259,11:29:29,53.31,85282,16,买盘
2260,11:29:32,53.38,656050,123,买盘
2261,11:29:35,53.34,21336,4,中性盘
2262,11:29:38,53.38,58664,11,买盘
2263,11:29:41,53.39,37356,7,买盘
2264,11:29:44,53.38,379064,71,卖盘
2265,11:29:53,53.46,117573,22,买盘
2266,11:29:56,53.48,5348,1,买盘
2267,11:29:59,53.43,5343,1,卖盘
2268,13:00:02,53.42,58783,11,卖盘
2269,13:00:05,53.48,160363,30,买盘
2270,13:00:08,53.48,352809,66,卖盘
2271,13:00:11,53.48,534465,100,卖盘
2272,13:00:14,53.42,315231,59,卖盘
2273,13:00:17,53.4,608887,114,卖盘
2274,13:00:20,53.39,64079,12,卖盘
2275,13:00:23,53.36,581883,109,卖盘
2276,13:00:26,53.39,5339,1,买盘
2277,13:00:29,53.33,309271,58,卖盘
2278,13:00:32,53.29,85256,16,卖盘
2279,13:00:35,53.32,282299,53,买盘
2280,13:00:38,53.33,287921,54,买盘
2281,13:00:41,53.35,5335,1,买盘
2282,13:00:44,53.33,464190,87,中性盘
2283,13:00:47,53.43,176221,33,买盘
2284,13:00:50,53.44,133604,25,买盘
2285,13:00:53,53.48,42762,8,买盘
2286,13:00:56,53.48,304830,57,买盘
2287,13:00:59,53.46,37432,7,中性盘
2288,13:01:02,53.45,26726,5,卖盘
2289,13:01:05,53.5,433201,81,买盘
2290,13:01:08,53.54,412253,77,买盘
2291,13:01:11,53.56,412374,77,买盘
2292,13:01:14,53.57,230309,43,买盘
2293,13:01:17,53.67,123331,23,买盘
2294,13:01:20,53.59,37516,7,中性盘
2295,13:01:23,53.59,10723,2,卖盘
2296,13:01:26,53.6,75034,14,卖盘
2297,13:01:32,53.63,37538,7,买盘
2298,13:01:35,53.63,37538,7,买盘
2299,13:01:38,53.6,310898,58,卖盘
2300,13:01:41,53.63,343215,64,买盘
2301,13:01:44,53.6,268141,50,中性盘
2302,13:01:47,53.63,80445,15,买盘
2303,13:01:50,53.64,42911,8,买盘
2304,13:01:53,53.64,75104,14,买盘
2305,13:01:59,53.66,182406,34,买盘
2306,13:02:02,53.67,128804,24,买盘
2307,13:02:05,53.68,16104,3,买盘
2308,13:02:08,53.67,171769,32,卖盘
2309,13:02:11,53.7,91255,17,买盘
2310,13:02:14,53.7,64440,12,买盘
2311,13:02:17,53.7,5370,1,买盘
2312,13:02:20,53.72,26857,5,买盘
2313,13:02:23,53.77,147474,27,买盘
2314,13:02:26,53.77,427792,80,卖盘
2315,13:02:29,53.83,419505,78,买盘
2316,13:02:32,53.83,231469,43,中性盘
2317,13:02:35,53.86,344634,64,买盘
2318,13:02:38,53.78,21518,4,卖盘
2319,13:02:41,53.77,48423,9,卖盘
2320,13:02:44,53.8,102170,19,中性盘
2321,13:02:47,53.75,91364,17,中性盘
2322,13:02:50,53.74,225663,42,中性盘
2323,13:02:53,53.75,171998,32,卖盘
2324,13:02:56,53.75,85994,16,买盘
2325,13:02:59,53.7,155746,29,卖盘
2326,13:03:05,53.74,402848,75,买盘
2327,13:03:08,53.74,96732,18,买盘
2328,13:03:11,53.74,21498,4,卖盘
2329,13:03:14,53.74,96729,18,卖盘
2330,13:03:17,53.74,32244,6,买盘
2331,13:03:20,53.74,102081,19,买盘
2332,13:03:23,53.72,32241,6,卖盘
2333,13:03:26,53.73,59102,11,中性盘
2334,13:03:29,53.72,5372,1,卖盘
2335,13:03:32,53.73,69847,13,买盘
2336,13:03:35,53.72,91324,17,卖盘
2337,13:03:38,53.71,236321,44,卖盘
2338,13:03:41,53.71,263209,49,买盘
2339,13:03:44,53.68,80525,15,卖盘
2340,13:03:47,53.75,1585073,295,买盘
2341,13:03:53,53.8,64528,12,买盘
2342,13:03:56,53.76,5376,1,卖盘
2343,13:03:59,53.81,398143,74,买盘
2344,13:04:02,53.85,10770,2,买盘
2345,13:04:05,53.81,139938,26,卖盘
2346,13:04:08,53.85,258545,48,中性盘
2347,13:04:11,53.85,484650,90,买盘
2348,13:04:14,53.88,290909,54,买盘
2349,13:04:17,53.87,134699,25,中性盘
2350,13:04:20,53.87,5387,1,卖盘
2351,13:04:23,53.88,50862,9,买盘
2352,13:04:26,53.89,16166,3,买盘
2353,13:04:29,53.89,382561,71,买盘
2354,13:04:32,53.88,24569,5,卖盘
2355,13:04:35,53.87,107754,20,卖盘
2356,13:04:38,53.88,387937,72,买盘
2357,13:04:41,53.89,80826,15,买盘
2358,13:04:44,53.88,253229,47,买盘
2359,13:04:47,53.88,193973,36,卖盘
2360,13:04:50,53.88,420248,78,买盘
2361,13:04:53,53.88,134699,25,买盘
2362,13:04:56,53.85,355587,66,卖盘
2363,13:04:59,53.84,737970,137,卖盘
2364,13:05:02,53.8,452320,84,卖盘
2365,13:05:05,53.8,634836,118,卖盘
2366,13:05:08,53.8,5380,1,买盘
2367,13:05:11,53.73,1091006,203,卖盘
2368,13:05:14,53.73,53730,10,买盘
2369,13:05:17,53.68,810592,151,卖盘
2370,13:05:20,53.76,198808,37,买盘
2371,13:05:23,53.76,295669,55,买盘
2372,13:05:26,53.76,704315,131,买盘
2373,13:05:29,53.77,69901,13,中性盘
2374,13:05:32,53.78,145171,27,卖盘
2375,13:05:35,53.79,387401,72,中性盘
2376,13:05:38,53.78,37646,7,卖盘
2377,13:05:41,53.81,166790,31,买盘
2378,13:05:44,53.84,296012,55,买盘
2379,13:05:47,53.85,75390,14,买盘
2380,13:05:50,53.84,86155,16,卖盘
2381,13:05:53,53.83,129227,24,卖盘
2382,13:05:56,53.83,32300,6,卖盘
2383,13:06:02,53.84,371493,69,买盘
2384,13:06:05,53.83,409170,76,卖盘
2385,13:06:08,53.84,371458,69,买盘
2386,13:06:11,53.85,398417,74,买盘
2387,13:06:14,53.85,26924,5,买盘
2388,13:06:17,53.87,113112,21,买盘
2389,13:06:20,53.85,10770,2,卖盘
2390,13:06:23,53.87,21547,4,买盘
2391,13:06:26,53.87,123900,23,买盘
2392,13:06:29,53.87,140053,26,买盘
2393,13:06:32,53.87,70031,13,买盘
2394,13:06:35,53.86,285493,53,卖盘
2395,13:06:38,53.88,247784,46,买盘
2396,13:06:41,53.93,819192,152,买盘
2397,13:06:44,53.95,372259,69,买盘
2398,13:06:47,53.98,48582,9,买盘
2399,13:06:50,53.95,53953,10,卖盘
2400,13:06:59,54.0,1695226,314,买盘
2401,13:07:02,54.03,1468916,272,买盘
2402,13:07:05,53.96,59359,11,卖盘
2403,13:07:08,53.98,421022,78,买盘
2404,13:07:14,53.96,16188,3,买盘
2405,13:07:17,53.95,210420,39,卖盘
2406,13:07:20,53.96,620372,115,买盘
2407,13:07:23,53.95,26975,5,买盘
2408,13:07:26,53.95,512558,95,买盘
2409,13:07:29,53.97,269801,50,买盘
2410,13:07:32,54.0,48596,9,买盘
2411,13:07:35,53.99,80985,15,买盘
2412,13:07:38,54.0,604748,112,买盘
2413,13:07:41,54.01,469926,87,买盘
2414,13:07:44,54.02,102633,19,买盘
2415,13:07:47,53.97,847733,157,卖盘
2416,13:07:50,53.95,372312,69,中性盘
2417,13:07:53,53.94,21581,4,卖盘
2418,13:07:56,53.94,59330,11,买盘
2419,13:08:02,53.93,32361,6,卖盘
2420,13:08:05,53.93,37751,7,卖盘
2421,13:08:08,53.87,722261,134,卖盘
2422,13:08:11,53.88,5388,1,中性盘
2423,13:08:14,53.81,1178636,219,卖盘
2424,13:08:17,53.83,909522,169,买盘
2425,13:08:20,53.82,21528,4,卖盘
2426,13:08:23,53.84,64605,12,买盘
2427,13:08:26,53.78,10761,2,卖盘
2428,13:08:29,53.8,553790,103,买盘
2429,13:08:32,53.78,612893,114,买盘
2430,13:08:38,53.79,263564,49,买盘
2431,13:08:41,53.8,795808,148,买盘
2432,13:08:44,53.81,349703,65,买盘
2433,13:08:47,53.8,48427,9,中性盘
2434,13:08:50,53.81,37664,7,买盘
2435,13:08:53,53.81,677956,126,买盘
2436,13:08:56,53.81,16143,3,卖盘
2437,13:08:59,53.82,274457,51,买盘
2438,13:09:02,53.82,113022,21,卖盘
2439,13:09:05,53.82,32292,6,卖盘
2440,13:09:08,53.82,134555,25,卖盘
2441,13:09:11,53.82,37674,7,卖盘
2442,13:09:14,53.82,5382,1,卖盘
2443,13:09:17,53.82,48438,9,卖盘
2444,13:09:20,53.83,53828,10,买盘
2445,13:09:23,53.83,10766,2,买盘
2446,13:09:26,53.82,182992,34,卖盘
2447,13:09:29,53.83,554429,103,买盘
2448,13:09:32,53.83,75356,14,买盘
2449,13:09:35,53.82,355277,66,卖盘
2450,13:09:41,53.83,5383,1,中性盘
2451,13:09:44,53.83,5383,1,卖盘
2452,13:09:47,53.82,59211,11,卖盘
2453,13:09:50,53.83,5383,1,卖盘
2454,13:09:53,53.83,37681,7,卖盘
2455,13:09:56,53.83,64596,12,买盘
2456,13:09:59,53.87,1292425,240,买盘
2457,13:10:02,53.89,1509152,280,买盘
2458,13:10:05,53.92,118643,22,卖盘
2459,13:10:08,53.93,1126051,209,买盘
2460,13:10:11,53.93,161777,30,买盘
2461,13:10:14,53.92,16177,3,卖盘
2462,13:10:17,54.02,1861212,345,买盘
2463,13:10:20,54.03,97252,18,买盘
2464,13:10:23,54.02,75626,14,卖盘
2465,13:10:26,53.99,21602,4,卖盘
2466,13:10:29,54.01,16202,3,买盘
2467,13:10:32,54.01,167426,31,买盘
2468,13:10:35,54.01,59410,11,买盘
2469,13:10:38,54.01,702100,130,买盘
2470,13:10:41,54.01,210639,39,买盘
2471,13:10:44,54.02,475389,88,买盘
2472,13:10:47,54.05,254036,47,买盘
2473,13:10:50,54.07,37849,7,买盘
2474,13:10:53,54.08,37856,7,买盘
2475,13:10:56,54.07,210889,39,卖盘
2476,13:10:59,54.08,232542,43,买盘
2477,13:11:02,54.07,183847,34,卖盘
2478,13:11:05,54.07,37846,7,买盘
2479,13:11:08,54.02,199942,37,卖盘
2480,13:11:11,54.06,27027,5,买盘
2481,13:11:14,54.05,32434,6,卖盘
2482,13:11:17,54.05,10810,2,买盘
2483,13:11:20,54.02,59422,11,卖盘
2484,13:11:23,54.02,264697,49,卖盘
2485,13:11:26,54.02,145858,27,卖盘
2486,13:11:32,54.01,162030,30,买盘
2487,13:11:35,54.01,91802,17,买盘
2488,13:11:38,54.01,59406,11,买盘
2489,13:11:41,53.98,242924,45,卖盘
2490,13:11:44,53.98,48597,9,卖盘
2491,13:11:47,54.04,2910726,539,买盘
2492,13:11:50,54.09,637960,118,买盘
2493,13:11:53,54.07,497504,92,卖盘
2494,13:11:56,54.07,340641,63,买盘
2495,13:11:59,54.08,843710,156,买盘
2496,13:12:02,54.1,584231,108,买盘
2497,13:12:05,54.11,5411,1,中性盘
2498,13:12:08,54.1,81151,15,卖盘
2499,13:12:11,54.05,1551781,287,卖盘
2500,13:12:14,54.0,918576,170,卖盘
2501,13:12:17,53.98,572264,106,卖盘
2502,13:12:20,54.0,782687,145,中性盘
2503,13:12:23,53.92,544732,101,卖盘
2504,13:12:29,53.9,5390,1,中性盘
2505,13:12:32,53.91,5391,1,卖盘
2506,13:12:35,53.93,134802,25,中性盘
2507,13:12:38,53.95,1510451,280,买盘
2508,13:12:41,53.99,48571,9,买盘
2509,13:12:44,54.03,755920,140,买盘
2510,13:12:47,54.03,21612,4,买盘
2511,13:12:50,54.04,216149,40,买盘
2512,13:12:53,54.06,237824,44,买盘
2513,13:12:56,54.08,43224,8,买盘
2514,13:12:59,54.08,5408,1,买盘
2515,13:13:02,54.08,10815,2,买盘
2516,13:13:05,54.05,27025,5,卖盘
2517,13:13:08,54.08,75709,14,买盘
2518,13:13:11,54.12,308328,57,买盘
2519,13:13:14,54.13,335688,62,买盘
2520,13:13:17,54.13,10827,2,卖盘
2521,13:13:20,54.14,287145,53,中性盘
2522,13:13:23,54.17,81251,15,买盘
2523,13:13:26,54.18,59598,11,买盘
2524,13:13:29,54.18,379260,70,买盘
2525,13:13:32,54.19,330513,61,买盘
2526,13:13:35,54.19,352295,65,买盘
2527,13:13:38,54.2,27102,5,买盘
2528,13:13:41,54.25,802891,148,买盘
2529,13:13:44,54.27,314714,58,买盘
2530,13:13:47,54.29,369122,68,买盘
2531,13:13:50,54.29,141154,26,买盘
2532,13:13:53,54.3,466921,86,买盘
2533,13:13:56,54.3,200863,37,买盘
2534,13:13:59,54.3,298669,55,卖盘
2535,13:14:02,54.32,124928,23,买盘
2536,13:14:05,54.31,38019,7,卖盘
2537,13:14:08,54.32,54318,10,买盘
2538,13:14:11,54.4,831686,153,买盘
2539,13:14:14,54.37,337436,62,中性盘
2540,13:14:17,54.45,49005,9,卖盘
2541,13:14:20,54.45,70782,13,卖盘
2542,13:14:23,54.44,43553,8,中性盘
2543,13:14:26,54.39,702064,129,卖盘
2544,13:14:29,54.38,168590,31,卖盘
2545,13:14:32,54.43,489692,90,买盘
2546,13:14:35,54.43,1311460,241,中性盘
2547,13:14:38,54.39,190330,35,中性盘
2548,13:14:41,54.34,288032,53,卖盘
2549,13:14:44,54.32,190101,35,卖盘
2550,13:14:47,54.36,16308,3,买盘
2551,13:14:50,54.32,21728,4,卖盘
2552,13:14:53,54.36,21744,4,买盘
2553,13:14:56,54.38,962103,177,买盘
2554,13:14:59,54.43,788961,145,买盘
2555,13:15:02,54.4,185041,34,卖盘
2556,13:15:05,54.44,234091,43,买盘
2557,13:15:08,54.36,848317,156,卖盘
2558,13:15:11,54.4,168598,31,买盘
2559,13:15:14,54.36,27187,5,卖盘
2560,13:15:17,54.32,173979,32,卖盘
2561,13:15:20,54.32,32611,6,卖盘
2562,13:15:23,54.34,364021,67,买盘
2563,13:15:26,54.33,32593,6,买盘
2564,13:15:29,54.34,59766,11,买盘
2565,13:15:32,54.34,38038,7,买盘
2566,13:15:35,54.39,467425,86,买盘
2567,13:15:38,54.38,1136812,209,卖盘
2568,13:15:41,54.39,76138,14,买盘
2569,13:15:44,54.37,206627,38,卖盘
2570,13:15:47,54.37,190331,35,卖盘
2571,13:15:50,54.38,65245,12,买盘
2572,13:15:53,54.38,239240,44,买盘
2573,13:15:56,54.38,97842,18,买盘
2574,13:15:59,54.36,38048,7,中性盘
2575,13:16:02,54.36,16308,3,卖盘
2576,13:16:05,54.36,260927,48,卖盘
2577,13:16:08,54.37,211974,39,买盘
2578,13:16:11,54.34,766194,141,卖盘
2579,13:16:14,54.25,1015508,187,卖盘
2580,13:16:17,54.22,86759,16,卖盘
2581,13:16:20,54.18,699059,129,卖盘
2582,13:16:23,54.19,693556,128,买盘
2583,13:16:26,54.19,894086,165,买盘
2584,13:16:29,54.19,167989,31,买盘
2585,13:16:32,54.17,514708,95,卖盘
2586,13:16:35,54.2,92122,17,买盘
2587,13:16:38,54.2,254736,47,买盘
2588,13:16:41,54.19,157153,29,卖盘
2589,13:16:44,54.17,108366,20,卖盘
2590,13:16:47,54.14,389992,72,卖盘
2591,13:16:50,54.22,530972,98,买盘
2592,13:16:53,54.21,281975,52,卖盘
2593,13:16:56,54.2,113887,21,卖盘
2594,13:16:59,54.28,434037,80,买盘
2595,13:17:02,54.35,901562,166,买盘
2596,13:17:05,54.37,516364,95,买盘
2597,13:17:08,54.34,157586,29,卖盘
2598,13:17:11,54.35,76078,14,中性盘
2599,13:17:14,54.36,97841,18,买盘
2600,13:17:17,54.36,76100,14,买盘
2601,13:17:20,54.36,190307,35,卖盘
2602,13:17:23,54.36,81540,15,卖盘
2603,13:17:26,54.38,652495,120,买盘
2604,13:17:29,54.4,413411,76,买盘
2605,13:17:32,54.34,141342,26,卖盘
2606,13:17:35,54.4,358859,66,买盘
2607,13:17:38,54.33,86983,16,卖盘
2608,13:17:41,54.4,135987,25,买盘
2609,13:17:44,54.4,222910,41,买盘
2610,13:17:47,54.4,239360,44,卖盘
2611,13:17:50,54.32,59774,11,卖盘
2612,13:17:53,54.31,168463,31,卖盘
2613,13:17:56,54.36,48890,9,买盘
2614,13:17:59,54.38,266359,49,买盘
2615,13:18:02,54.33,48921,9,卖盘
2616,13:18:05,54.34,103294,19,卖盘
2617,13:18:08,54.34,43488,8,卖盘
2618,13:18:11,54.39,560115,103,买盘
2619,13:18:14,54.4,3089652,568,买盘
2620,13:18:17,54.41,179531,33,买盘
2621,13:18:20,54.4,59809,11,中性盘
2622,13:18:23,54.41,2030412,373,买盘
2623,13:18:26,54.45,620424,114,买盘
2624,13:18:29,54.4,92481,17,买盘
2625,13:18:32,54.45,92489,17,买盘
2626,13:18:35,54.38,76160,14,卖盘
2627,13:18:38,54.45,81647,15,买盘
2628,13:18:41,54.41,1309988,241,中性盘
2629,13:18:44,54.34,315368,58,卖盘
2630,13:18:47,54.34,108723,20,卖盘
2631,13:18:50,54.4,364385,67,买盘
2632,13:18:53,54.33,222940,41,卖盘
2633,13:18:56,54.4,125065,23,买盘
2634,13:18:59,54.35,32610,6,卖盘
2635,13:19:02,54.29,206447,38,卖盘
2636,13:19:05,54.3,369196,68,买盘
2637,13:19:08,54.21,86791,16,卖盘
2638,13:19:11,54.21,16265,3,卖盘
2639,13:19:14,54.21,10849,2,卖盘
2640,13:19:17,54.21,21693,4,卖盘
2641,13:19:20,54.21,162640,30,卖盘
2642,13:19:23,54.28,282004,52,买盘
2643,13:19:26,54.22,54222,10,卖盘
2644,13:19:29,54.22,37954,7,卖盘
2645,13:19:32,54.23,92198,17,中性盘
2646,13:19:35,54.23,10849,2,卖盘
2647,13:19:38,54.25,119369,22,中性盘
2648,13:19:41,54.25,37978,7,卖盘
2649,13:19:44,54.27,65114,12,买盘
2650,13:19:47,54.28,130250,24,买盘
2651,13:19:50,54.26,504753,93,卖盘
2652,13:19:53,54.27,325577,60,买盘
2653,13:19:56,54.28,113974,21,卖盘
2654,13:19:59,54.25,255139,47,卖盘
2655,13:20:02,54.28,157339,29,买盘
2656,13:20:05,54.29,238762,44,买盘
2657,13:20:08,54.26,86789,16,买盘
2658,13:20:11,54.23,564026,104,卖盘
2659,13:20:14,54.21,119256,22,卖盘
2660,13:20:17,54.21,146359,27,买盘
2661,13:20:20,54.18,146360,27,卖盘
2662,13:20:23,54.21,422670,78,买盘
2663,13:20:26,54.2,130070,24,中性盘
2664,13:20:29,54.12,81248,15,卖盘
2665,13:20:32,54.21,314377,58,买盘
2666,13:20:35,54.17,243793,45,卖盘
2667,13:20:38,54.13,487467,90,卖盘
2668,13:20:41,54.13,37895,7,买盘
2669,13:20:44,54.13,140661,26,卖盘
2670,13:20:47,54.13,43304,8,买盘
2671,13:20:50,54.13,10826,2,卖盘
2672,13:20:53,54.13,37897,7,卖盘
2673,13:20:56,54.13,124502,23,卖盘
2674,13:20:59,54.13,162375,30,卖盘
2675,13:21:02,54.12,97432,18,卖盘
2676,13:21:05,54.12,97429,18,卖盘
2677,13:21:08,54.14,113714,21,中性盘
2678,13:21:11,54.15,238229,44,买盘
2679,13:21:14,54.13,124522,23,卖盘
2680,13:21:17,54.15,21658,4,买盘
2681,13:21:20,54.16,113726,21,买盘
2682,13:21:23,54.13,471031,87,卖盘
2683,13:21:26,54.12,167792,31,卖盘
2684,13:21:29,54.09,146117,27,卖盘
2685,13:21:32,54.12,92004,17,卖盘
2686,13:21:35,54.13,108255,20,买盘
2687,13:21:38,54.12,59552,11,卖盘
2688,13:21:41,54.12,54120,10,卖盘
2689,13:21:44,54.12,75804,14,卖盘
2690,13:21:47,54.16,1108292,205,中性盘
2691,13:21:50,54.12,221845,41,卖盘
2692,13:21:53,54.16,37879,7,买盘
2693,13:21:56,54.15,129914,24,中性盘
2694,13:21:59,54.13,16239,3,卖盘
2695,13:22:02,54.14,27066,5,中性盘
2696,13:22:05,54.16,146201,27,买盘
2697,13:22:08,54.15,37895,7,中性盘
2698,13:22:11,54.08,552150,102,卖盘
2699,13:22:14,54.13,275916,51,买盘
2700,13:22:17,54.07,86535,16,中性盘
2701,13:22:20,54.13,216426,40,买盘
2702,13:22:23,54.12,346352,64,中性盘
2703,13:22:26,54.12,319127,59,买盘
2704,13:22:29,54.12,200167,37,买盘
2705,13:22:32,54.12,173145,32,买盘
2706,13:22:35,54.12,183958,34,买盘
2707,13:22:38,54.12,243521,45,买盘
2708,13:22:41,54.13,579017,107,买盘
2709,13:22:44,54.12,351839,65,卖盘
2710,13:22:47,54.13,92007,17,卖盘
2711,13:22:50,54.13,10826,2,卖盘
2712,13:22:53,54.13,173274,32,卖盘
2713,13:22:56,54.15,232790,43,买盘
2714,13:22:59,54.12,54132,10,卖盘
2715,13:23:02,54.16,48748,9,卖盘
2716,13:23:05,54.16,59576,11,卖盘
2717,13:23:08,54.12,146223,27,卖盘
2718,13:23:11,54.12,54131,10,卖盘
2719,13:23:14,54.12,59562,11,卖盘
2720,13:23:17,54.13,10826,2,中性盘
2721,13:23:20,54.13,5413,1,卖盘
2722,13:23:23,54.15,124519,23,买盘
2723,13:23:26,54.14,92040,17,卖盘
2724,13:23:29,54.12,81210,15,卖盘
2725,13:23:32,54.14,157006,29,卖盘
2726,13:23:35,54.12,32478,6,卖盘
2727,13:23:38,54.12,27060,5,卖盘
2728,13:23:41,54.13,10826,2,卖盘
2729,13:23:44,54.14,10828,2,买盘
2730,13:23:47,54.19,622945,115,买盘
2731,13:23:50,54.19,48771,9,卖盘
2732,13:23:53,54.2,59620,11,买盘
2733,13:23:56,54.21,173445,32,买盘
2734,13:23:59,54.22,97575,18,买盘
2735,13:24:02,54.22,48789,9,买盘
2736,13:24:05,54.28,151939,28,买盘
2737,13:24:08,54.3,374652,69,买盘
2738,13:24:11,54.28,81405,15,卖盘
2739,13:24:14,54.2,683425,126,卖盘
2740,13:24:17,54.16,173379,32,卖盘
2741,13:24:20,54.12,2037857,376,卖盘
2742,13:24:23,54.06,682191,126,卖盘
2743,13:24:26,54.22,498426,92,买盘
2744,13:24:29,54.08,178515,33,卖盘
2745,13:24:32,54.08,43264,8,卖盘
2746,13:24:35,54.31,1111206,205,买盘
2747,13:24:38,54.05,232539,43,卖盘
2748,13:24:41,54.14,27050,5,买盘
2749,13:24:44,54.1,32460,6,中性盘
2750,13:24:47,54.14,390019,72,买盘
2751,13:24:50,54.08,227190,42,卖盘
2752,13:24:53,54.06,183804,34,卖盘
2753,13:24:56,54.04,1135044,210,卖盘
2754,13:24:59,54.01,340465,63,卖盘
2755,13:25:02,54.01,113457,21,卖盘
2756,13:25:05,54.01,37815,7,卖盘
2757,13:25:08,54.05,37820,7,买盘
2758,13:25:11,54.02,16206,3,中性盘
2759,13:25:14,54.05,54042,10,买盘
2760,13:25:17,54.02,16206,3,卖盘
2761,13:25:20,54.05,178292,33,买盘
2762,13:25:23,54.05,64840,12,买盘
2763,13:25:26,54.04,16213,3,中性盘
2764,13:25:29,54.05,81066,15,买盘
2765,13:25:32,54.03,16209,3,卖盘
2766,13:25:35,54.04,54041,10,中性盘
2767,13:25:38,54.04,75657,14,卖盘
2768,13:25:41,54.08,167567,31,买盘
2769,13:25:44,54.08,118946,22,买盘
2770,13:25:47,54.05,32433,6,卖盘
2771,13:25:50,54.06,32440,6,卖盘
2772,13:25:53,54.06,10812,2,卖盘
2773,13:25:56,54.06,10812,2,卖盘
2774,13:26:02,54.07,81110,15,中性盘
2775,13:26:05,54.03,589060,109,卖盘
2776,13:26:08,54.02,286347,53,卖盘
2777,13:26:11,54.03,118854,22,买盘
2778,13:26:14,54.02,91845,17,卖盘
2779,13:26:17,54.01,199880,37,卖盘
2780,13:26:20,54.0,70206,13,卖盘
2781,13:26:23,54.01,27005,5,卖盘
2782,13:26:26,54.01,64812,12,卖盘
2783,13:26:29,53.99,539969,100,卖盘
2784,13:26:32,53.96,80950,15,卖盘
2785,13:26:35,53.92,107873,20,卖盘
2786,13:26:38,53.93,26964,5,中性盘
2787,13:26:41,53.93,86321,16,卖盘
2788,13:26:44,53.98,64770,12,买盘
2789,13:26:47,53.97,215782,40,中性盘
2790,13:26:50,53.97,113319,21,买盘
2791,13:26:53,53.98,124107,23,买盘
2792,13:26:56,53.99,97179,18,买盘
2793,13:26:59,54.03,453703,84,买盘
2794,13:27:02,54.05,1737515,322,中性盘
2795,13:27:05,53.91,323556,60,卖盘
2796,13:27:08,53.97,70235,13,卖盘
2797,13:27:11,53.98,285962,53,卖盘
2798,13:27:14,53.97,129537,24,中性盘
2799,13:27:17,54.05,421202,78,买盘
2800,13:27:20,53.94,1655017,307,卖盘
2801,13:27:23,53.9,490722,91,卖盘
2802,13:27:26,53.9,216033,40,卖盘
2803,13:27:29,53.99,1784439,331,中性盘
2804,13:27:32,53.96,463809,86,中性盘
2805,13:27:35,53.94,107933,20,卖盘
2806,13:27:38,53.94,183461,34,卖盘
2807,13:27:41,54.01,70158,13,买盘
2808,13:27:44,54.01,80886,15,买盘
2809,13:27:47,53.95,5395,1,中性盘
2810,13:27:50,53.93,26966,5,卖盘
2811,13:27:53,53.93,37754,7,卖盘
2812,13:27:56,53.98,134945,25,买盘
2813,13:27:59,53.99,167351,31,买盘
2814,13:28:02,53.98,205050,38,买盘
2815,13:28:05,54.0,167373,31,买盘
2816,13:28:08,54.0,48590,9,买盘
2817,13:28:11,54.02,291633,54,买盘
2818,13:28:14,54.01,275497,51,卖盘
2819,13:28:17,54.03,129670,24,买盘
2820,13:28:20,54.05,199949,37,买盘
2821,13:28:23,54.03,113454,21,中性盘
2822,13:28:26,54.06,199974,37,买盘
2823,13:28:29,54.1,156805,29,买盘
2824,13:28:32,54.12,216403,40,中性盘
2825,13:28:35,54.04,54049,10,卖盘
2826,13:28:38,54.1,75731,14,买盘
2827,13:28:41,54.13,162371,30,中性盘
2828,13:28:44,54.14,146156,27,买盘
2829,13:28:47,54.11,102845,19,卖盘
2830,13:28:50,54.12,108256,20,中性盘
2831,13:28:53,54.16,75846,14,买盘
2832,13:28:56,54.2,59619,11,买盘
2833,13:28:59,54.27,168154,31,买盘
2834,13:29:02,54.24,151924,28,卖盘
2835,13:29:05,54.25,265789,49,中性盘
2836,13:29:08,54.25,65063,12,中性盘
2837,13:29:11,54.19,162594,30,卖盘
2838,13:29:14,54.14,129974,24,卖盘
2839,13:29:17,54.19,75846,14,买盘
2840,13:29:20,54.2,113820,21,买盘
2841,13:29:23,54.16,48750,9,中性盘
2842,13:29:26,54.16,124686,23,卖盘
2843,13:29:29,54.17,54186,10,中性盘
2844,13:29:32,54.19,97520,18,买盘
2845,13:29:35,54.19,37925,7,买盘
2846,13:29:38,54.15,471285,87,卖盘
2847,13:29:41,54.2,119208,22,买盘
2848,13:29:44,54.19,92083,17,买盘
2849,13:29:47,54.16,32502,6,中性盘
2850,13:29:50,54.16,27080,5,卖盘
2851,13:29:53,54.17,37928,7,中性盘
2852,13:29:56,54.19,32510,6,买盘
2853,13:29:59,54.17,10834,2,卖盘
2854,13:30:02,54.19,75860,14,买盘
2855,13:30:05,54.18,222099,41,买盘
2856,13:30:08,54.18,211284,39,买盘
2857,13:30:11,54.2,222183,41,买盘
2858,13:30:14,54.2,97548,18,买盘
2859,13:30:17,54.19,81288,15,卖盘
2860,13:30:20,54.19,27095,5,卖盘
2861,13:30:23,54.19,113810,21,卖盘
2862,13:30:26,54.19,10838,2,卖盘
2863,13:30:29,54.18,395611,73,卖盘
2864,13:30:32,54.16,628433,116,卖盘
2865,13:30:35,54.19,129968,24,买盘
2866,13:30:38,54.14,75805,14,卖盘
2867,13:30:41,54.13,48722,9,卖盘
2868,13:30:44,54.14,43309,8,买盘
2869,13:30:47,54.13,308593,57,卖盘
2870,13:30:50,54.11,146109,27,卖盘
2871,13:30:53,54.11,48677,9,买盘
2872,13:30:56,54.12,54067,10,买盘
2873,13:30:59,54.06,16218,3,中性盘
2874,13:31:02,54.08,10815,2,中性盘
2875,13:31:05,54.11,86532,16,买盘
2876,13:31:08,54.11,102791,19,买盘
2877,13:31:11,54.07,124390,23,卖盘
2878,13:31:14,54.11,43264,8,买盘
2879,13:31:20,54.11,16233,3,买盘
2880,13:31:23,54.1,21637,4,买盘
2881,13:31:26,54.1,54100,10,买盘
2882,13:31:29,54.08,91958,17,卖盘
2883,13:31:32,54.08,21632,4,卖盘
2884,13:31:35,54.08,102779,19,卖盘
2885,13:31:38,54.09,124394,23,买盘
2886,13:31:41,54.09,81125,15,买盘
2887,13:31:44,54.1,227224,42,买盘
2888,13:31:47,54.09,75736,14,卖盘
2889,13:31:50,54.11,119036,22,中性盘
2890,13:31:53,54.12,81173,15,买盘
2891,13:31:56,54.1,37870,7,卖盘
2892,13:31:59,54.1,10820,2,卖盘
2893,13:32:02,54.12,140693,26,买盘
2894,13:32:05,54.12,189418,35,卖盘
2895,13:32:08,54.1,86596,16,卖盘
2896,13:32:11,54.11,59521,11,中性盘
2897,13:32:14,54.12,167742,31,中性盘
2898,13:32:17,54.12,108237,20,买盘
2899,13:32:20,54.13,286885,53,买盘
2900,13:32:23,54.15,173210,32,买盘
2901,13:32:26,54.15,135359,25,买盘
2902,13:32:29,54.13,184127,34,卖盘
2903,13:32:32,54.15,92045,17,买盘
2904,13:32:35,54.18,157082,29,买盘
2905,13:32:38,54.17,16253,3,中性盘
2906,13:32:41,54.17,21668,4,卖盘
2907,13:32:44,54.17,97504,18,卖盘
2908,13:32:47,54.14,21658,4,卖盘
2909,13:32:50,54.12,189461,35,卖盘
2910,13:32:53,54.11,270585,50,卖盘
2911,13:32:56,54.1,21640,4,卖盘
2912,13:32:59,54.11,102805,19,买盘
2913,13:33:02,54.1,124447,23,卖盘
2914,13:33:05,54.1,37876,7,卖盘
2915,13:33:08,54.09,216412,40,卖盘
2916,13:33:11,54.09,156861,29,卖盘
2917,13:33:14,54.08,259637,48,卖盘
2918,13:33:17,54.05,189282,35,卖盘
2919,13:33:20,54.03,156730,29,卖盘
2920,13:33:23,54.09,335085,62,买盘
2921,13:33:26,53.98,70189,13,卖盘
2922,13:33:29,54.08,102608,19,买盘
2923,13:33:32,53.99,124178,23,卖盘
2924,13:33:35,53.98,10796,2,卖盘
2925,13:33:38,54.06,21624,4,中性盘
2926,13:33:41,53.99,903311,167,中性盘
2927,13:33:44,53.98,161950,30,卖盘
2928,13:33:47,53.98,32390,6,卖盘
2929,13:33:50,53.98,97236,18,卖盘
2930,13:33:53,53.98,16195,3,卖盘
2931,13:33:56,53.99,113378,21,买盘
2932,13:33:59,53.98,59384,11,卖盘
2933,13:34:02,53.96,366986,68,卖盘
2934,13:34:05,53.93,70109,13,卖盘
2935,13:34:08,53.94,21576,4,中性盘
2936,13:34:11,53.94,10788,2,卖盘
2937,13:34:17,53.93,64725,12,卖盘
2938,13:34:20,53.98,248239,46,买盘
2939,13:34:23,53.97,75553,14,中性盘
2940,13:34:26,53.96,43162,8,卖盘
2941,13:34:29,53.97,194288,36,买盘
2942,13:34:32,53.97,226697,42,卖盘
2943,13:34:35,53.97,178106,33,卖盘
2944,13:34:38,53.96,151116,28,卖盘
2945,13:34:41,53.97,26981,5,中性盘
2946,13:34:44,53.98,91763,17,买盘
2947,13:34:47,53.97,134926,25,卖盘
2948,13:34:50,53.96,124128,23,卖盘
2949,13:34:53,53.98,188914,35,买盘
2950,13:34:56,53.98,188931,35,卖盘
2951,13:34:59,53.99,129558,24,买盘
2952,13:35:02,54.0,37794,7,买盘
2953,13:35:05,54.02,145807,27,买盘
2954,13:35:08,54.02,37814,7,卖盘
2955,13:35:11,54.02,59422,11,卖盘
2956,13:35:14,54.01,10802,2,卖盘
2957,13:35:17,54.02,318755,59,买盘
2958,13:35:20,54.02,167467,31,卖盘
2959,13:35:23,54.02,59428,11,卖盘
2960,13:35:26,54.03,16210,3,中性盘
2961,13:35:29,54.03,5403,1,卖盘
2962,13:35:32,54.03,118873,22,卖盘
2963,13:35:35,54.05,102684,19,买盘
2964,13:35:38,54.06,59468,11,买盘
2965,13:35:41,54.05,129740,24,卖盘
2966,13:35:44,54.09,156784,29,买盘
2967,13:35:47,54.07,102728,19,中性盘
2968,13:35:50,54.05,59458,11,卖盘
2969,13:35:53,54.07,81100,15,中性盘
2970,13:35:56,54.07,32442,6,卖盘
2971,13:35:59,54.08,32451,6,中性盘
2972,13:36:02,54.08,167653,31,卖盘
2973,13:36:05,54.1,37869,7,买盘
2974,13:36:08,54.09,10818,2,卖盘
2975,13:36:14,54.09,97362,18,卖盘
2976,13:36:17,54.1,329972,61,买盘
2977,13:36:20,54.1,146059,27,买盘
2978,13:36:23,54.1,210966,39,卖盘
2979,13:36:26,54.09,265059,49,中性盘
2980,13:36:29,54.08,37856,7,卖盘
2981,13:36:32,54.07,10814,2,卖盘
2982,13:36:35,54.07,10814,2,卖盘
2983,13:36:38,54.06,156801,29,卖盘
2984,13:36:41,54.07,10814,2,卖盘
2985,13:36:44,54.07,97326,18,卖盘
2986,13:36:47,54.04,108080,20,卖盘
2987,13:36:50,54.05,21620,4,中性盘
2988,13:36:53,54.05,75660,14,卖盘
2989,13:36:56,54.05,86491,16,卖盘
2990,13:36:59,54.03,43226,8,卖盘
2991,13:37:05,54.03,16209,3,卖盘
2992,13:37:08,54.04,32419,6,中性盘
2993,13:37:11,54.04,21616,4,卖盘
2994,13:37:14,54.03,108067,20,卖盘
2995,13:37:17,54.03,5403,1,卖盘
2996,13:37:20,54.03,43224,8,卖盘
2997,13:37:23,54.03,86472,16,卖盘
2998,13:37:26,54.04,297182,55,卖盘
2999,13:37:29,54.02,178277,33,卖盘
3000,13:37:32,54.03,48628,9,中性盘
3001,13:37:35,54.03,286389,53,卖盘
3002,13:37:38,54.03,108057,20,中性盘
3003,13:37:41,54.04,129685,24,买盘
3004,13:37:44,54.02,253927,47,卖盘
3005,13:37:47,54.02,172919,32,卖盘
3006,13:37:50,54.01,199912,37,卖盘
3007,13:37:53,54.02,75674,14,卖盘
3008,13:37:56,54.03,86466,16,卖盘
3009,13:37:59,54.02,59423,11,卖盘
3010,13:38:02,54.02,75669,14,卖盘
3011,13:38:05,54.09,124370,23,买盘
3012,13:38:08,54.1,659719,122,买盘
3013,13:38:11,54.1,281341,52,买盘
3014,13:38:14,54.13,59517,11,买盘
3015,13:38:17,54.14,43296,8,中性盘
3016,13:38:20,54.14,48705,9,买盘
3017,13:38:23,54.13,81205,15,中性盘
3018,13:38:26,54.13,75772,14,买盘
3019,13:38:29,54.11,32466,6,卖盘
3020,13:38:32,54.1,70343,13,卖盘
3021,13:38:35,54.1,37881,7,卖盘
3022,13:38:38,54.11,10822,2,卖盘
3023,13:38:41,54.12,43292,8,买盘
3024,13:38:44,54.11,16233,3,卖盘
3025,13:38:47,54.1,151491,28,卖盘
3026,13:38:50,54.11,156907,29,卖盘
3027,13:38:56,54.13,146126,27,买盘
3028,13:38:59,54.12,124486,23,卖盘
3029,13:39:02,54.12,119077,22,卖盘
3030,13:39:05,54.13,97431,18,中性盘
3031,13:39:08,54.14,43307,8,买盘
3032,13:39:11,54.13,92030,17,卖盘
3033,13:39:14,54.18,666353,123,买盘
3034,13:39:17,54.12,206791,38,卖盘
3035,13:39:20,54.15,54138,10,中性盘
3036,13:39:23,54.14,75821,14,卖盘
3037,13:39:26,54.15,37905,7,卖盘
3038,13:39:29,54.15,314232,58,中性盘
3039,13:39:32,54.2,113789,21,买盘
3040,13:39:35,54.19,167922,31,卖盘
3041,13:39:38,54.14,32487,6,卖盘
3042,13:39:41,54.16,108358,20,中性盘
3043,13:39:44,54.15,124531,23,买盘
3044,13:39:47,54.13,416868,77,卖盘
3045,13:39:50,54.12,54121,10,卖盘
3046,13:39:53,54.12,64944,12,卖盘
3047,13:39:56,54.15,460231,85,买盘
3048,13:39:59,54.17,173317,32,买盘
3049,13:40:02,54.16,97493,18,卖盘
3050,13:40:05,54.16,43328,8,卖盘
3051,13:40:08,54.19,65030,12,买盘
3052,13:40:11,54.21,178880,33,买盘
3053,13:40:14,54.24,135526,25,买盘
3054,13:40:17,54.24,43380,8,买盘
3055,13:40:20,54.24,92196,17,买盘
3056,13:40:23,54.25,249526,46,买盘
3057,13:40:26,54.26,184456,34,买盘
3058,13:40:29,54.26,92244,17,买盘
3059,13:40:32,54.27,233372,43,卖盘
3060,13:40:35,54.29,119410,22,买盘
3061,13:40:38,54.31,589672,109,买盘
3062,13:40:41,54.26,282273,52,卖盘
3063,13:40:44,54.3,103145,19,中性盘
3064,13:40:47,54.31,249799,46,买盘
3065,13:40:50,54.31,233537,43,卖盘
3066,13:40:53,54.35,564835,104,买盘
3067,13:40:56,54.34,114066,21,中性盘
3068,13:40:59,54.33,157521,29,中性盘
3069,13:41:02,54.3,298611,55,卖盘
3070,13:41:05,54.32,369404,68,买盘
3071,13:41:08,54.34,923583,170,买盘
3072,13:41:11,54.35,461907,85,买盘
3073,13:41:14,54.36,249882,46,买盘
3074,13:41:17,54.35,152136,28,买盘
3075,13:41:20,54.33,38035,7,卖盘
3076,13:41:23,54.34,190159,35,中性盘
3077,13:41:26,54.34,222796,41,卖盘
3078,13:41:29,54.35,135853,25,买盘
3079,13:41:32,54.4,1353614,249,买盘
3080,13:41:35,54.33,390852,72,中性盘
3081,13:41:38,54.3,59736,11,中性盘
3082,13:41:41,54.3,70604,13,卖盘
3083,13:41:44,54.31,48896,9,中性盘
3084,13:41:47,54.39,271761,50,买盘
3085,13:41:50,54.39,223005,41,卖盘
3086,13:41:53,54.4,48953,9,买盘
3087,13:41:56,54.39,48951,9,卖盘
3088,13:41:59,54.39,174065,32,卖盘
3089,13:42:02,54.39,217591,40,卖盘
3090,13:42:05,54.4,125120,23,中性盘
3091,13:42:08,54.39,288297,53,卖盘
3092,13:42:11,54.38,1136731,209,卖盘
3093,13:42:14,54.33,374813,69,卖盘
3094,13:42:17,54.33,157608,29,卖盘
3095,13:42:20,54.33,54330,10,卖盘
3096,13:42:23,54.32,92356,17,卖盘
3097,13:42:26,54.33,233621,43,买盘
3098,13:42:29,54.32,70622,13,卖盘
3099,13:42:32,54.32,54322,10,卖盘
3100,13:42:35,54.33,103234,19,卖盘
3101,13:42:38,54.32,173833,32,卖盘
3102,13:42:41,54.33,54327,10,卖盘
3103,13:42:44,54.34,255391,47,卖盘
3104,13:42:47,54.32,76061,14,卖盘
