,成交时间,成交价格,成交金额,成交量,性质
0,09:25:03,29.48,241736,82,卖盘
1,09:30:15,29.6,56161,19,买盘
2,09:30:18,29.6,17760,6,卖盘
3,09:30:21,29.6,76962,26,卖盘
4,09:30:24,29.49,20648,7,卖盘
5,09:30:30,29.57,138645,47,买盘
6,09:30:33,29.57,73739,25,买盘
7,09:30:36,29.5,20655,7,卖盘
8,09:30:39,29.48,153312,52,卖盘
9,09:30:42,29.49,67824,23,买盘
10,09:30:45,29.47,182766,62,卖盘
11,09:30:48,29.44,35343,12,卖盘
12,09:30:51,29.44,38263,13,买盘
13,09:30:54,29.41,82410,28,卖盘
14,09:30:57,29.4,88167,30,卖盘
15,09:31:00,29.39,55848,19,买盘
16,09:31:03,29.4,85284,29,中性盘
17,09:31:06,29.43,14703,5,买盘
18,09:31:09,29.4,417667,142,卖盘
19,09:31:12,29.43,8829,3,买盘
20,09:31:15,29.42,61771,21,买盘
21,09:31:18,29.43,41198,14,卖盘
22,09:31:21,29.43,132471,45,卖盘
23,09:31:24,29.47,8839,3,买盘
24,09:31:27,29.44,430199,146,卖盘
25,09:31:30,29.43,17668,6,卖盘
26,09:31:33,29.4,150036,51,卖盘
27,09:31:36,29.44,23552,8,卖盘
28,09:31:39,29.49,50095,17,买盘
29,09:31:42,29.5,73758,25,买盘
30,09:31:45,29.5,41288,14,买盘
31,09:31:48,29.51,301406,102,中性盘
32,09:31:51,29.55,2955,1,买盘
33,09:31:54,29.55,14786,5,卖盘
34,09:31:57,29.55,144865,49,卖盘
35,09:32:00,29.58,59146,20,买盘
36,09:32:03,29.58,192399,65,卖盘
37,09:32:06,29.65,91915,31,买盘
38,09:32:09,29.66,287817,97,买盘
39,09:32:12,29.68,41567,14,卖盘
40,09:32:15,29.74,8924,3,中性盘
41,09:32:18,29.78,74408,25,买盘
42,09:32:21,29.83,145934,49,买盘
43,09:32:24,29.81,32824,11,卖盘
44,09:32:27,29.8,217739,73,卖盘
45,09:32:30,29.81,718642,241,买盘
46,09:32:33,29.86,188099,63,买盘
47,09:32:36,29.86,194110,65,卖盘
48,09:32:39,29.86,179207,60,卖盘
49,09:32:42,29.86,56741,19,卖盘
50,09:32:45,29.86,131416,44,卖盘
51,09:32:48,29.86,110533,37,卖盘
52,09:32:51,29.87,119478,40,卖盘
53,09:32:54,29.87,101569,34,卖盘
54,09:32:57,29.9,304901,102,买盘
55,09:33:00,29.88,53780,18,买盘
56,09:33:03,29.9,71739,24,买盘
57,09:33:06,29.86,143391,48,卖盘
58,09:33:09,29.92,391762,131,买盘
59,09:33:12,29.97,347450,116,买盘
60,09:33:15,30.03,1745295,582,买盘
61,09:33:18,30.05,357596,119,买盘
62,09:33:21,30.05,114175,38,买盘
63,09:33:24,30.06,105182,35,买盘
64,09:33:27,30.05,90153,30,中性盘
65,09:33:30,30.06,324567,108,买盘
66,09:33:33,30.06,321563,107,卖盘
67,09:33:36,30.03,186207,62,卖盘
68,09:33:39,30.0,30000,10,卖盘
69,09:33:42,29.99,218952,73,卖盘
70,09:33:45,29.97,104893,35,卖盘
71,09:33:48,29.96,11989,4,中性盘
72,09:33:51,29.95,23961,8,卖盘
73,09:33:54,29.96,14984,5,中性盘
74,09:33:57,29.96,35952,12,卖盘
75,09:34:00,29.95,68900,23,卖盘
76,09:34:03,29.95,161777,54,卖盘
77,09:34:06,29.95,131790,44,卖盘
78,09:34:09,29.94,32934,11,卖盘
79,09:34:12,29.94,32931,11,卖盘
80,09:34:15,29.93,2993,1,卖盘
81,09:34:18,29.93,5986,2,卖盘
82,09:34:21,29.93,26937,9,卖盘
83,09:34:24,29.92,2992,1,卖盘
84,09:34:27,29.91,14954,5,买盘
85,09:34:30,29.91,5981,2,中性盘
86,09:34:36,29.9,56810,19,卖盘
87,09:34:39,29.88,32870,11,卖盘
88,09:34:42,29.88,41832,14,卖盘
89,09:34:45,29.95,921225,308,买盘
90,09:34:48,29.99,515686,172,买盘
91,09:34:51,30.0,221943,74,买盘
92,09:34:54,30.0,65996,22,买盘
93,09:34:57,29.98,110973,37,卖盘
94,09:35:00,30.0,95924,32,买盘
95,09:35:03,29.98,44987,15,卖盘
96,09:35:06,29.93,392261,131,卖盘
97,09:35:09,29.92,23942,8,卖盘
98,09:35:12,29.88,227390,76,卖盘
99,09:35:18,29.89,44848,15,卖盘
100,09:35:21,29.88,5976,2,卖盘
101,09:35:24,29.87,158367,53,卖盘
102,09:35:27,29.87,14935,5,买盘
103,09:35:30,29.87,26877,9,买盘
104,09:35:33,29.86,59720,20,卖盘
105,09:35:36,29.87,116480,39,买盘
106,09:35:39,29.87,146378,49,卖盘
107,09:35:42,29.85,38813,13,卖盘
108,09:35:45,29.85,5970,2,买盘
109,09:35:48,29.82,35790,12,卖盘
110,09:35:51,29.81,32813,11,卖盘
111,09:35:54,29.85,2985,1,买盘
112,09:35:57,29.82,8946,3,卖盘
113,09:36:00,29.82,41771,14,买盘
114,09:36:03,29.82,89538,30,卖盘
115,09:36:06,29.82,38769,13,卖盘
116,09:36:09,29.84,32810,11,买盘
117,09:36:12,29.84,77546,26,买盘
118,09:36:15,29.84,5968,2,卖盘
119,09:36:18,29.82,47720,16,卖盘
120,09:36:21,29.84,38784,13,买盘
121,09:36:24,29.83,2983,1,中性盘
122,09:36:27,29.83,14912,5,买盘
123,09:36:30,29.83,11934,4,中性盘
124,09:36:33,29.83,2983,1,买盘
125,09:36:36,29.82,23856,8,卖盘
126,09:36:39,29.82,44743,15,卖盘
127,09:36:42,29.82,8946,3,卖盘
128,09:36:45,29.82,8946,3,卖盘
129,09:36:54,29.82,131209,44,卖盘
130,09:36:57,29.83,65609,22,买盘
131,09:37:03,29.8,119224,40,卖盘
132,09:37:06,29.82,116289,39,买盘
133,09:37:09,29.79,104347,35,卖盘
134,09:37:12,29.81,351364,118,中性盘
135,09:37:15,29.81,86372,29,买盘
136,09:37:18,29.77,26786,9,中性盘
137,09:37:24,29.83,289210,97,买盘
138,09:37:27,29.78,83430,28,卖盘
139,09:37:30,29.78,2978,1,卖盘
140,09:37:33,29.78,20846,7,买盘
141,09:37:36,29.79,8936,3,中性盘
142,09:37:39,29.76,80381,27,卖盘
143,09:37:42,29.75,47600,16,卖盘
144,09:37:45,29.75,11900,4,卖盘
145,09:37:48,29.72,20812,7,卖盘
146,09:37:51,29.72,14860,5,卖盘
147,09:37:54,29.71,29719,10,卖盘
148,09:37:57,29.7,98043,33,卖盘
149,09:38:00,29.7,11880,4,买盘
150,09:38:06,29.69,29691,10,卖盘
151,09:38:09,29.7,56413,19,买盘
152,09:38:12,29.69,5938,2,卖盘
153,09:38:15,29.7,11880,4,买盘
154,09:38:18,29.68,14840,5,卖盘
155,09:38:21,29.7,32660,11,买盘
156,09:38:24,29.7,2970,1,卖盘
157,09:38:27,29.68,17812,6,卖盘
158,09:38:30,29.66,112715,38,中性盘
159,09:38:33,29.65,109726,37,卖盘
160,09:38:36,29.66,11861,4,中性盘
161,09:38:39,29.71,240579,81,买盘
162,09:38:42,29.73,2973,1,中性盘
163,09:38:45,29.63,287896,97,卖盘
164,09:38:48,29.68,17810,6,卖盘
165,09:38:51,29.73,50539,17,买盘
166,09:38:54,29.75,14871,5,买盘
167,09:39:00,29.75,2975,1,买盘
168,09:39:03,29.75,35708,12,买盘
169,09:39:06,29.75,8925,3,买盘
170,09:39:09,29.75,20827,7,卖盘
171,09:39:12,29.75,26775,9,卖盘
172,09:39:15,29.75,20823,7,卖盘
173,09:39:18,29.8,2980,1,买盘
174,09:39:30,29.75,2975,1,卖盘
175,09:39:33,29.79,5958,2,买盘
176,09:39:39,29.78,5956,2,买盘
177,09:39:42,29.78,5956,2,买盘
178,09:39:45,29.78,5956,2,买盘
179,09:39:48,29.78,98274,33,买盘
180,09:39:51,29.75,11900,4,中性盘
181,09:39:54,29.76,2976,1,中性盘
182,09:39:57,29.8,214476,72,买盘
183,09:40:00,29.81,5962,2,卖盘
184,09:40:03,29.83,38779,13,买盘
185,09:40:06,29.83,65609,22,买盘
186,09:40:09,29.83,32792,11,买盘
187,09:40:12,29.77,26814,9,卖盘
188,09:40:15,29.75,89278,30,卖盘
189,09:40:18,29.76,35712,12,卖盘
190,09:40:21,29.75,35713,12,卖盘
191,09:40:24,29.76,5952,2,中性盘
192,09:40:30,29.74,89261,30,卖盘
193,09:40:39,29.74,74349,25,买盘
194,09:40:42,29.73,104028,35,卖盘
195,09:40:48,29.75,5950,2,买盘
196,09:40:51,29.75,2975,1,买盘
197,09:40:54,29.75,2975,1,买盘
198,09:40:57,29.75,2975,1,买盘
199,09:41:00,29.76,92230,31,买盘
200,09:41:03,29.76,86295,29,买盘
201,09:41:06,29.76,8928,3,买盘
202,09:41:12,29.76,29760,10,卖盘
203,09:41:15,29.76,29760,10,卖盘
204,09:41:18,29.75,5950,2,卖盘
205,09:41:21,29.75,14875,5,卖盘
206,09:41:24,29.75,41650,14,卖盘
207,09:41:27,29.76,20830,7,买盘
208,09:41:30,29.75,23800,8,卖盘
209,09:41:36,29.79,285874,96,买盘
210,09:41:39,29.83,62586,21,买盘
211,09:41:42,29.83,38779,13,买盘
212,09:41:45,29.83,47726,16,买盘
213,09:41:48,29.83,26847,9,买盘
214,09:41:51,29.83,32811,11,卖盘
215,09:41:54,29.83,2983,1,卖盘
216,09:41:57,29.82,17894,6,卖盘
217,09:42:00,29.82,53676,18,卖盘
218,09:42:03,29.81,11924,4,卖盘
219,09:42:06,29.81,5962,2,买盘
220,09:42:09,29.82,17890,6,买盘
221,09:42:12,29.8,29805,10,卖盘
222,09:42:24,29.8,17880,6,买盘
223,09:42:27,29.83,104360,35,买盘
224,09:42:30,29.85,190984,64,买盘
225,09:42:33,29.85,23880,8,买盘
226,09:42:39,29.82,41755,14,卖盘
227,09:42:42,29.81,2981,1,中性盘
228,09:42:45,29.8,11922,4,卖盘
229,09:42:48,29.8,107219,36,卖盘
230,09:42:51,29.77,38701,13,卖盘
231,09:42:54,29.75,181599,61,卖盘
232,09:42:57,29.76,23804,8,中性盘
233,09:43:00,29.76,20832,7,卖盘
234,09:43:03,29.76,2976,1,买盘
235,09:43:06,29.76,11904,4,卖盘
236,09:43:09,29.76,92298,31,卖盘
237,09:43:27,29.76,86321,29,卖盘
238,09:43:30,29.75,41651,14,卖盘
239,09:43:36,29.74,62456,21,卖盘
240,09:43:39,29.75,130866,44,买盘
241,09:43:42,29.73,59496,20,卖盘
242,09:43:48,29.73,17843,6,卖盘
243,09:43:51,29.73,17838,6,卖盘
244,09:43:57,29.73,2973,1,买盘
245,09:44:00,29.72,8916,3,卖盘
246,09:44:03,29.72,5944,2,卖盘
247,09:44:06,29.72,56481,19,卖盘
248,09:44:09,29.72,29720,10,卖盘
249,09:44:12,29.71,2971,1,卖盘
250,09:44:15,29.71,74276,25,卖盘
251,09:44:18,29.7,11881,4,卖盘
252,09:44:21,29.71,35647,12,买盘
253,09:44:24,29.7,86136,29,卖盘
254,09:44:30,29.7,26723,9,买盘
255,09:44:33,29.69,62336,21,卖盘
256,09:44:36,29.68,32649,11,卖盘
257,09:44:39,29.68,26712,9,卖盘
258,09:44:42,29.67,5934,2,买盘
259,09:44:48,29.64,29651,10,卖盘
260,09:44:51,29.64,5929,2,卖盘
261,09:44:54,29.63,23710,8,卖盘
262,09:44:57,29.63,50393,17,卖盘
263,09:45:00,29.64,29637,10,中性盘
264,09:45:03,29.65,17792,6,卖盘
265,09:45:06,29.65,26693,9,卖盘
266,09:45:09,29.67,8897,3,买盘
267,09:45:12,29.66,17801,6,中性盘
268,09:45:15,29.68,17808,6,买盘
269,09:45:18,29.66,26692,9,卖盘
270,09:45:21,29.7,38594,13,买盘
271,09:45:24,29.68,29680,10,卖盘
272,09:45:27,29.71,2971,1,买盘
273,09:45:33,29.69,14845,5,卖盘
274,09:45:39,29.71,8913,3,卖盘
275,09:45:42,29.71,71322,24,卖盘
276,09:45:45,29.71,38638,13,卖盘
277,09:45:48,29.73,5946,2,买盘
278,09:45:51,29.71,118852,40,卖盘
279,09:45:54,29.73,20806,7,买盘
280,09:45:57,29.73,11892,4,中性盘
281,09:46:00,29.75,11900,4,买盘
282,09:46:03,29.72,2972,1,卖盘
283,09:46:06,29.72,2972,1,中性盘
284,09:46:21,29.71,29710,10,卖盘
285,09:46:30,29.71,44565,15,卖盘
286,09:46:33,29.68,41574,14,卖盘
287,09:46:36,29.68,2968,1,中性盘
288,09:46:39,29.68,133622,45,卖盘
289,09:46:42,29.71,17826,6,买盘
290,09:46:45,29.69,20783,7,买盘
291,09:46:48,29.7,59397,20,买盘
292,09:46:51,29.71,5942,2,买盘
293,09:46:54,29.7,32670,11,中性盘
294,09:46:57,29.69,20788,7,卖盘
295,09:47:00,29.7,20793,7,中性盘
296,09:47:09,29.7,29700,10,买盘
297,09:47:12,29.72,314995,106,买盘
298,09:47:15,29.72,47552,16,卖盘
299,09:47:18,29.72,8916,3,卖盘
300,09:47:33,29.72,8916,3,卖盘
301,09:47:39,29.71,11884,4,卖盘
302,09:47:48,29.72,41596,14,中性盘
303,09:47:51,29.71,8915,3,卖盘
304,09:47:54,29.71,103985,35,卖盘
305,09:47:57,29.71,74275,25,卖盘
306,09:48:00,29.71,47536,16,卖盘
307,09:48:03,29.7,11881,4,卖盘
308,09:48:06,29.69,50479,17,卖盘
309,09:48:12,29.68,17808,6,卖盘
310,09:48:15,29.68,29680,10,卖盘
311,09:48:18,29.67,5934,2,卖盘
312,09:48:24,29.66,11866,4,卖盘
313,09:48:27,29.67,2967,1,卖盘
314,09:48:33,29.68,8904,3,买盘
315,09:48:36,29.68,26704,9,买盘
316,09:48:45,29.66,26694,9,卖盘
317,09:48:48,29.67,29670,10,卖盘
318,09:48:51,29.67,56373,19,中性盘
319,09:48:54,29.66,17800,6,卖盘
320,09:49:00,29.74,457362,154,买盘
321,09:49:03,29.75,56507,19,买盘
322,09:49:12,29.75,17850,6,买盘
323,09:49:15,29.75,44623,15,卖盘
324,09:49:18,29.76,41664,14,买盘
325,09:49:21,29.76,2976,1,卖盘
326,09:49:24,29.76,17856,6,卖盘
327,09:49:27,29.76,17856,6,卖盘
328,09:49:30,29.76,8928,3,卖盘
329,09:49:36,29.76,20832,7,卖盘
330,09:49:39,29.76,2976,1,买盘
331,09:49:42,29.75,2975,1,卖盘
332,09:49:51,29.75,8925,3,卖盘
333,09:49:57,29.75,29750,10,卖盘
334,09:50:00,29.75,119000,40,卖盘
335,09:50:03,29.74,26766,9,卖盘
336,09:50:06,29.75,44616,15,买盘
337,09:50:09,29.77,83329,28,买盘
338,09:50:21,29.76,14880,5,卖盘
339,09:50:27,29.76,2976,1,中性盘
340,09:50:36,29.76,20832,7,买盘
341,09:50:48,29.75,44625,15,卖盘
342,09:50:51,29.76,136858,46,买盘
343,09:50:54,29.76,41667,14,卖盘
344,09:50:57,29.77,8931,3,买盘
345,09:51:00,29.78,59541,20,买盘
346,09:51:06,29.78,29780,10,买盘
347,09:51:09,29.78,29780,10,买盘
348,09:51:15,29.78,104230,35,买盘
349,09:51:18,29.78,38714,13,买盘
350,09:51:21,29.78,11912,4,卖盘
351,09:51:30,29.78,107173,36,买盘
352,09:51:45,29.77,14885,5,卖盘
353,09:51:51,29.76,68457,23,卖盘
354,09:51:54,29.76,26783,9,卖盘
355,09:51:57,29.74,2974,1,卖盘
356,09:52:00,29.76,59476,20,买盘
357,09:52:03,29.75,32725,11,卖盘
358,09:52:06,29.74,5948,2,中性盘
359,09:52:09,29.74,77324,26,卖盘
360,09:52:12,29.71,17833,6,卖盘
361,09:52:15,29.74,80283,27,买盘
362,09:52:18,29.72,20812,7,卖盘
363,09:52:30,29.73,2973,1,卖盘
364,09:52:33,29.75,20823,7,买盘
365,09:52:36,29.75,65450,22,买盘
366,09:52:39,29.75,8923,3,卖盘
367,09:52:42,29.72,35697,12,卖盘
368,09:52:45,29.75,20825,7,买盘
369,09:52:48,29.7,175257,59,卖盘
370,09:52:57,29.75,86277,29,买盘
371,09:53:03,29.78,169651,57,买盘
372,09:53:06,29.79,17874,6,买盘
373,09:53:09,29.79,5958,2,中性盘
374,09:53:12,29.79,14894,5,买盘
375,09:53:15,29.79,80433,27,买盘
376,09:53:18,29.79,11916,4,卖盘
377,09:53:21,29.79,2979,1,卖盘
378,09:53:24,29.79,26811,9,买盘
379,09:53:27,29.8,2980,1,买盘
380,09:53:30,29.79,26813,9,卖盘
381,09:53:33,29.8,44697,15,买盘
382,09:53:36,29.8,2980,1,买盘
383,09:53:51,29.8,20860,7,买盘
384,09:53:57,29.8,8940,3,买盘
385,09:54:00,29.8,56604,19,买盘
386,09:54:03,29.76,80395,27,卖盘
387,09:54:06,29.79,11913,4,买盘
388,09:54:09,29.79,35748,12,买盘
389,09:54:12,29.78,11915,4,卖盘
390,09:54:15,29.8,38730,13,买盘
391,09:54:18,29.81,50677,17,买盘
392,09:54:24,29.81,20871,7,卖盘
393,09:54:27,29.83,8949,3,买盘
394,09:54:30,29.83,26847,9,买盘
395,09:54:33,29.81,11930,4,卖盘
396,09:54:39,29.84,32823,11,买盘
397,09:54:42,29.85,11940,4,买盘
398,09:54:45,29.85,5970,2,买盘
399,09:54:48,29.87,14934,5,买盘
400,09:54:51,29.86,11944,4,中性盘
401,09:54:54,29.85,11940,4,卖盘
402,09:54:57,29.87,35829,12,买盘
403,09:55:00,29.86,11944,4,买盘
404,09:55:03,29.87,8960,3,买盘
405,09:55:06,29.87,23884,8,买盘
406,09:55:12,29.86,26874,9,买盘
407,09:55:15,29.86,17916,6,买盘
408,09:55:18,29.85,14929,5,卖盘
409,09:55:21,29.86,11947,4,卖盘
410,09:55:24,29.86,2986,1,卖盘
411,09:55:27,29.87,32845,11,买盘
412,09:55:33,29.86,2986,1,买盘
413,09:55:36,29.85,14925,5,卖盘
414,09:55:42,29.86,17916,6,买盘
415,09:55:48,29.85,2985,1,中性盘
416,09:55:54,29.84,11936,4,卖盘
417,09:56:03,29.84,17908,6,卖盘
418,09:56:06,29.84,35811,12,卖盘
419,09:56:09,29.85,59683,20,买盘
420,09:56:15,29.84,26864,9,卖盘
421,09:56:18,29.84,23875,8,卖盘
422,09:56:21,29.84,5968,2,买盘
423,09:56:24,29.87,226904,76,买盘
424,09:56:27,29.87,268830,90,买盘
425,09:56:30,29.88,221103,74,买盘
426,09:56:33,29.88,2988,1,买盘
427,09:56:36,29.88,14936,5,买盘
428,09:56:39,29.87,2987,1,卖盘
429,09:56:42,29.88,20916,7,买盘
430,09:56:45,29.88,68724,23,买盘
431,09:56:51,29.89,11956,4,买盘
432,09:56:54,29.89,20923,7,买盘
433,09:56:57,29.88,14940,5,卖盘
434,09:57:03,29.88,20916,7,卖盘
435,09:57:06,29.88,11952,4,买盘
436,09:57:09,29.87,5974,2,卖盘
437,09:57:15,29.9,427462,143,买盘
438,09:57:18,29.94,23951,8,买盘
439,09:57:21,29.95,11980,4,买盘
440,09:57:24,29.95,176674,59,买盘
441,09:57:27,29.98,17988,6,买盘
442,09:57:36,29.97,56920,19,买盘
443,09:57:39,29.97,47964,16,中性盘
444,09:57:42,29.95,8985,3,中性盘
445,09:57:45,29.97,23961,8,买盘
446,09:57:48,29.93,77818,26,卖盘
447,09:57:51,29.97,20979,7,买盘
448,09:57:54,29.95,626877,209,中性盘
449,09:57:57,29.96,68902,23,中性盘
450,09:58:00,29.97,17980,6,买盘
451,09:58:03,29.99,218808,73,买盘
452,09:58:06,29.97,38959,13,买盘
453,09:58:09,29.98,32970,11,买盘
454,09:58:12,29.96,116906,39,中性盘
455,09:58:15,29.94,11979,4,卖盘
456,09:58:21,29.96,53918,18,买盘
457,09:58:27,29.93,2993,1,卖盘
458,09:58:30,29.93,14965,5,卖盘
459,09:58:36,29.93,17958,6,卖盘
460,09:58:39,29.92,125667,42,卖盘
461,09:58:42,29.9,29912,10,卖盘
462,09:58:45,29.91,2991,1,中性盘
463,09:58:48,29.93,62833,21,买盘
464,09:58:51,29.92,8976,3,卖盘
465,09:58:54,29.93,38915,13,买盘
466,09:58:57,29.92,35911,12,卖盘
467,09:59:00,29.95,14966,5,买盘
468,09:59:03,29.95,17965,6,买盘
469,09:59:06,29.91,29926,10,中性盘
470,09:59:12,29.94,20958,7,买盘
471,09:59:15,29.94,8982,3,中性盘
472,09:59:21,29.94,14970,5,买盘
473,09:59:27,29.93,17965,6,卖盘
474,09:59:33,29.93,44895,15,买盘
475,09:59:36,29.93,17960,6,卖盘
476,09:59:39,29.93,8979,3,买盘
477,09:59:42,29.94,20953,7,买盘
478,09:59:45,29.93,5986,2,中性盘
479,09:59:48,29.93,14965,5,买盘
480,09:59:51,29.94,62873,21,买盘
481,09:59:54,29.98,646936,216,买盘
482,10:00:00,29.98,263899,88,买盘
483,10:00:03,29.98,17988,6,卖盘
484,10:00:06,29.97,80921,27,卖盘
485,10:00:09,29.99,95917,32,买盘
486,10:00:12,29.96,35981,12,卖盘
487,10:00:15,29.97,17991,6,中性盘
488,10:00:18,30.0,3000,1,买盘
489,10:00:21,29.98,284661,95,中性盘
490,10:00:24,30.0,294000,98,买盘
491,10:00:27,30.0,30001,10,卖盘
492,10:00:30,29.98,65989,22,卖盘
493,10:00:36,29.98,26983,9,卖盘
494,10:00:39,29.97,2997,1,中性盘
495,10:00:42,29.98,11992,4,买盘
496,10:00:45,29.98,35976,12,卖盘
497,10:00:48,29.9,1432747,479,卖盘
498,10:00:51,29.9,53824,18,买盘
499,10:00:54,29.95,8981,3,买盘
500,10:00:57,29.92,197510,66,中性盘
501,10:01:00,29.94,419325,140,买盘
502,10:01:03,29.94,71845,24,买盘
503,10:01:06,29.95,68875,23,买盘
504,10:01:09,29.94,23953,8,卖盘
505,10:01:12,29.95,62925,21,买盘
506,10:01:15,29.98,26966,9,买盘
507,10:01:18,29.97,2997,1,卖盘
508,10:01:21,29.97,71963,24,卖盘
509,10:01:24,29.99,122948,41,买盘
510,10:01:27,30.0,20995,7,买盘
511,10:01:30,29.99,128808,43,买盘
512,10:01:36,29.99,20983,7,中性盘
513,10:01:39,29.96,20973,7,卖盘
514,10:01:42,29.99,47951,16,买盘
515,10:01:45,30.0,149976,50,买盘
516,10:01:48,29.95,59906,20,卖盘
517,10:01:51,29.94,140747,47,卖盘
518,10:01:54,29.96,209764,70,中性盘
519,10:01:57,29.94,35964,12,中性盘
520,10:02:00,29.96,281693,94,中性盘
521,10:02:03,29.93,5986,2,卖盘
522,10:02:06,29.98,248468,83,买盘
523,10:02:09,29.96,59912,20,中性盘
524,10:02:12,29.92,83905,28,卖盘
525,10:02:15,29.92,14960,5,中性盘
526,10:02:18,29.96,26964,9,买盘
527,10:02:21,29.96,77907,26,中性盘
528,10:02:27,29.96,8988,3,中性盘
529,10:02:30,29.96,8988,3,买盘
530,10:02:33,29.96,17976,6,买盘
531,10:02:36,29.96,38948,13,买盘
532,10:02:42,29.92,44880,15,卖盘
533,10:02:45,29.96,8988,3,买盘
534,10:02:48,29.96,62856,21,买盘
535,10:02:51,29.92,8976,3,卖盘
536,10:02:54,29.95,170533,57,买盘
537,10:02:57,29.92,14960,5,中性盘
538,10:03:00,29.95,77866,26,买盘
539,10:03:03,29.95,17970,6,买盘
540,10:03:06,29.95,38935,13,买盘
541,10:03:09,29.96,83873,28,买盘
542,10:03:12,29.98,1235225,412,买盘
543,10:03:15,30.0,74989,25,买盘
544,10:03:18,30.0,44998,15,买盘
545,10:03:21,29.99,285041,95,卖盘
546,10:03:24,30.01,57013,19,买盘
547,10:03:27,30.02,36023,12,买盘
548,10:03:30,30.02,96052,32,卖盘
549,10:03:33,30.02,63051,21,买盘
550,10:03:36,30.02,132125,44,买盘
551,10:03:39,30.02,87049,29,买盘
552,10:03:42,30.02,360236,120,买盘
553,10:03:45,30.01,42016,14,卖盘
554,10:03:48,30.03,132108,44,买盘
555,10:03:51,30.03,33033,11,买盘
556,10:03:54,30.03,90061,30,买盘
557,10:03:57,30.01,78006,26,买盘
558,10:04:00,29.98,167967,56,卖盘
559,10:04:03,30.01,116973,39,买盘
560,10:04:06,30.0,57000,19,中性盘
561,10:04:09,30.0,30000,10,买盘
562,10:04:12,30.0,212980,71,买盘
563,10:04:15,30.0,24000,8,卖盘
564,10:04:18,30.0,30000,10,买盘
565,10:04:21,29.99,23996,8,买盘
566,10:04:24,30.0,36000,12,卖盘
567,10:04:27,30.01,15005,5,买盘
568,10:04:30,30.01,33011,11,买盘
569,10:04:33,30.01,21007,7,卖盘
570,10:04:36,30.02,87058,29,买盘
571,10:04:39,30.02,75038,25,买盘
572,10:04:42,30.02,21014,7,卖盘
573,10:04:48,30.03,39039,13,买盘
574,10:04:51,30.03,39039,13,买盘
575,10:04:54,30.03,78076,26,买盘
576,10:05:00,30.03,42042,14,买盘
577,10:05:03,30.03,132112,44,买盘
578,10:05:06,30.03,105105,35,买盘
579,10:05:12,30.03,36042,12,卖盘
580,10:05:15,30.03,45045,15,卖盘
581,10:05:18,30.03,9009,3,中性盘
582,10:05:21,30.03,36036,12,买盘
583,10:05:24,30.03,15015,5,买盘
584,10:05:27,30.02,42041,14,卖盘
585,10:05:30,30.03,9009,3,买盘
586,10:05:33,30.03,66066,22,买盘
587,10:05:36,30.02,3002,1,卖盘
588,10:05:42,30.01,789280,263,卖盘
589,10:05:45,29.96,197814,66,卖盘
590,10:05:48,29.98,140923,47,买盘
591,10:05:51,29.98,101942,34,买盘
592,10:05:54,30.02,45020,15,买盘
593,10:05:57,30.0,36018,12,卖盘
594,10:06:00,30.01,174135,58,买盘
595,10:06:03,30.02,87037,29,中性盘
596,10:06:06,30.02,42014,14,买盘
597,10:06:12,29.97,320840,107,卖盘
598,10:06:15,30.01,44976,15,买盘
599,10:06:18,30.01,89961,30,买盘
600,10:06:21,29.98,59975,20,卖盘
601,10:06:24,29.96,2996,1,卖盘
602,10:06:27,29.97,26980,9,中性盘
603,10:06:30,29.98,11992,4,买盘
604,10:06:33,29.98,29980,10,买盘
605,10:06:36,29.98,5996,2,买盘
606,10:06:42,29.97,5994,2,卖盘
607,10:06:45,29.98,59943,20,买盘
608,10:06:48,29.97,8991,3,买盘
609,10:06:54,29.97,23971,8,买盘
610,10:06:57,29.97,17979,6,买盘
611,10:07:00,29.96,14980,5,卖盘
612,10:07:12,29.94,2994,1,卖盘
613,10:07:15,29.94,38924,13,卖盘
614,10:07:18,29.93,14966,5,卖盘
615,10:07:21,29.94,2994,1,买盘
616,10:07:24,29.94,20958,7,买盘
617,10:07:30,29.94,35928,12,买盘
618,10:07:36,29.93,17958,6,卖盘
619,10:07:39,29.93,2993,1,卖盘
620,10:07:42,29.93,5986,2,卖盘
621,10:07:45,29.92,32920,11,卖盘
622,10:07:51,29.92,2992,1,卖盘
623,10:07:54,29.93,11972,4,买盘
624,10:07:57,29.93,20951,7,买盘
625,10:08:06,29.92,20944,7,卖盘
626,10:08:12,29.93,8978,3,买盘
627,10:08:27,29.91,5984,2,卖盘
628,10:08:30,29.92,2992,1,中性盘
629,10:08:33,29.91,2991,1,卖盘
630,10:08:36,29.93,74822,25,买盘
631,10:08:39,29.92,2992,1,卖盘
632,10:08:42,29.92,239407,80,买盘
633,10:08:45,29.93,11972,4,买盘
634,10:08:48,29.93,5986,2,中性盘
635,10:08:51,29.94,254488,85,买盘
636,10:08:54,29.94,5988,2,买盘
637,10:08:57,29.93,5986,2,卖盘
638,10:09:00,29.92,11968,4,卖盘
639,10:09:03,29.95,107787,36,买盘
640,10:09:06,29.93,104755,35,卖盘
641,10:09:09,29.96,8988,3,买盘
642,10:09:12,29.96,23968,8,买盘
643,10:09:15,29.96,50928,17,买盘
644,10:09:18,29.96,26964,9,买盘
645,10:09:24,29.96,44940,15,买盘
646,10:09:36,29.96,23968,8,买盘
647,10:09:39,29.96,5992,2,中性盘
648,10:09:42,29.96,8988,3,卖盘
649,10:09:45,29.97,20974,7,买盘
650,10:09:48,29.96,8988,3,买盘
651,10:09:57,29.95,26955,9,卖盘
652,10:10:06,29.94,68862,23,卖盘
653,10:10:09,29.94,41916,14,卖盘
654,10:10:12,29.94,29931,10,买盘
655,10:10:15,29.94,17964,6,买盘
656,10:10:18,29.92,17952,6,卖盘
657,10:10:21,29.91,11964,4,卖盘
658,10:10:27,29.89,5978,2,卖盘
659,10:10:33,29.9,8968,3,中性盘
660,10:10:39,29.9,14950,5,卖盘
661,10:10:42,29.91,11963,4,买盘
662,10:10:51,29.9,56810,19,卖盘
663,10:10:54,29.89,26907,9,卖盘
664,10:10:57,29.89,2989,1,卖盘
665,10:11:09,29.89,8967,3,卖盘
666,10:11:12,29.9,2990,1,买盘
667,10:11:15,29.89,20923,7,卖盘
668,10:11:18,29.89,56781,19,卖盘
669,10:11:21,29.89,14943,5,买盘
670,10:11:27,29.88,2988,1,卖盘
671,10:11:30,29.89,92657,31,买盘
672,10:11:33,29.89,8967,3,买盘
673,10:11:36,29.89,328762,110,买盘
674,10:11:39,29.89,11956,4,卖盘
675,10:11:42,29.89,62756,21,买盘
676,10:11:45,29.91,77740,26,买盘
677,10:11:48,29.92,26927,9,买盘
678,10:11:51,29.92,71808,24,买盘
679,10:11:54,29.9,17943,6,卖盘
680,10:12:00,29.89,11956,4,卖盘
681,10:12:03,29.88,666296,223,卖盘
682,10:12:06,29.85,23884,8,卖盘
683,10:12:09,29.87,59719,20,买盘
684,10:12:12,29.86,32846,11,中性盘
685,10:12:15,29.87,119485,40,买盘
686,10:12:18,29.87,14935,5,卖盘
687,10:12:24,29.87,116561,39,买盘
688,10:12:30,29.87,11948,4,买盘
689,10:12:39,29.87,8959,3,买盘
690,10:12:48,29.87,2987,1,买盘
691,10:13:03,29.87,74675,25,买盘
692,10:13:06,29.9,113560,38,买盘
693,10:13:09,29.88,29883,10,卖盘
694,10:13:30,29.9,80710,27,买盘
695,10:13:33,29.91,26911,9,买盘
696,10:13:42,29.89,5977,2,买盘
697,10:13:45,29.88,2988,1,卖盘
698,10:13:48,29.84,140333,47,卖盘
699,10:13:51,29.84,17904,6,卖盘
700,10:13:54,29.82,20880,7,卖盘
701,10:13:57,29.83,2983,1,买盘
702,10:14:00,29.83,53694,18,买盘
703,10:14:09,29.8,41730,14,卖盘
704,10:14:12,29.8,20858,7,卖盘
705,10:14:15,29.78,8936,3,中性盘
706,10:14:18,29.77,50610,17,卖盘
707,10:14:24,29.76,8928,3,卖盘
708,10:14:27,29.74,104187,35,卖盘
709,10:14:30,29.72,8918,3,卖盘
710,10:14:33,29.71,17833,6,卖盘
711,10:14:48,29.71,35652,12,卖盘
712,10:14:51,29.74,32711,11,买盘
713,10:14:57,29.72,47550,16,中性盘
714,10:15:00,29.71,59423,20,卖盘
715,10:15:03,29.7,38612,13,卖盘
716,10:15:06,29.71,5942,2,买盘
717,10:15:15,29.7,29700,10,卖盘
718,10:15:18,29.7,56430,19,买盘
719,10:15:21,29.7,62365,21,买盘
720,10:15:24,29.7,32670,11,卖盘
721,10:15:27,29.71,118840,40,买盘
722,10:15:30,29.7,2970,1,卖盘
723,10:15:33,29.71,2971,1,买盘
724,10:15:36,29.71,26739,9,买盘
725,10:15:39,29.71,199081,67,买盘
726,10:15:42,29.73,14865,5,买盘
727,10:15:45,29.73,14864,5,中性盘
728,10:15:48,29.73,32703,11,买盘
729,10:15:51,29.73,8919,3,买盘
730,10:15:54,29.71,98063,33,卖盘
731,10:15:57,29.71,11884,4,卖盘
732,10:16:00,29.71,8913,3,卖盘
733,10:16:03,29.7,26737,9,卖盘
734,10:16:06,29.7,2970,1,卖盘
735,10:16:09,29.73,106997,36,买盘
736,10:16:12,29.71,44573,15,卖盘
737,10:16:24,29.76,5952,2,中性盘
738,10:16:33,29.77,2977,1,买盘
739,10:16:36,29.77,2977,1,买盘
740,10:16:39,29.77,2977,1,买盘
741,10:16:54,29.74,32714,11,卖盘
742,10:17:03,29.72,17837,6,卖盘
743,10:17:06,29.71,5942,2,卖盘
744,10:17:09,29.71,32682,11,卖盘
745,10:17:12,29.71,23768,8,卖盘
746,10:17:15,29.72,41593,14,买盘
747,10:17:18,29.71,2971,1,中性盘
748,10:17:42,29.72,11888,4,买盘
749,10:17:51,29.72,121852,41,买盘
750,10:17:54,29.71,14855,5,卖盘
751,10:17:57,29.72,5944,2,买盘
752,10:18:00,29.71,8913,3,中性盘
753,10:18:15,29.72,5944,2,买盘
754,10:18:21,29.71,2971,1,买盘
755,10:18:24,29.71,32681,11,买盘
756,10:18:27,29.71,5942,2,卖盘
757,10:18:33,29.71,5943,2,卖盘
758,10:18:42,29.71,5942,2,买盘
759,10:18:48,29.7,5940,2,卖盘
760,10:19:06,29.71,8913,3,买盘
761,10:19:15,29.71,5942,2,买盘
762,10:19:24,29.7,83160,28,卖盘
763,10:19:27,29.71,26735,9,买盘
764,10:19:30,29.71,5942,2,买盘
765,10:19:39,29.7,80190,27,卖盘
766,10:19:51,29.69,299968,101,卖盘
767,10:19:54,29.68,86087,29,卖盘
768,10:19:57,29.69,246402,83,买盘
769,10:20:00,29.69,160395,54,买盘
770,10:20:03,29.69,192992,65,卖盘
771,10:20:09,29.71,5942,2,卖盘
772,10:20:12,29.71,5943,2,卖盘
773,10:20:15,29.73,8919,3,买盘
774,10:20:18,29.73,50547,17,买盘
775,10:20:24,29.73,14865,5,买盘
776,10:20:27,29.73,2973,1,买盘
777,10:20:30,29.73,14865,5,买盘
778,10:20:36,29.71,68349,23,卖盘
779,10:20:39,29.72,160538,54,中性盘
780,10:20:42,29.71,8913,3,卖盘
781,10:20:48,29.7,29700,10,卖盘
782,10:20:51,29.69,11876,4,卖盘
783,10:20:54,29.69,5938,2,卖盘
784,10:21:03,29.69,14845,5,买盘
785,10:21:06,29.69,11876,4,买盘
786,10:21:09,29.69,11876,4,卖盘
787,10:21:36,29.69,2969,1,卖盘
788,10:21:48,29.69,17814,6,卖盘
789,10:21:51,29.69,26721,9,卖盘
790,10:21:54,29.69,2969,1,卖盘
791,10:22:00,29.7,14850,5,买盘
792,10:22:18,29.7,29700,10,买盘
793,10:22:21,29.7,2970,1,买盘
794,10:22:24,29.69,11876,4,卖盘
795,10:22:30,29.7,8910,3,买盘
796,10:23:03,29.7,20785,7,买盘
797,10:23:06,29.7,59400,20,买盘
798,10:23:09,29.7,38610,13,卖盘
799,10:23:12,29.69,17814,6,卖盘
800,10:23:15,29.71,23766,8,买盘
801,10:23:18,29.7,8910,3,卖盘
802,10:23:21,29.7,20794,7,买盘
803,10:23:24,29.7,32670,11,卖盘
804,10:23:27,29.71,8913,3,买盘
805,10:23:39,29.71,8913,3,买盘
806,10:23:42,29.71,5942,2,买盘
807,10:23:45,29.71,2971,1,买盘
808,10:23:48,29.71,8913,3,买盘
809,10:23:54,29.71,95072,32,买盘
810,10:24:00,29.71,14855,5,买盘
811,10:24:03,29.7,11880,4,卖盘
812,10:24:06,29.71,41594,14,买盘
813,10:24:15,29.71,14855,5,买盘
814,10:24:24,29.71,41594,14,买盘
815,10:24:27,29.71,14855,5,买盘
816,10:24:30,29.71,11884,4,买盘
817,10:24:33,29.71,8913,3,买盘
818,10:24:36,29.71,8913,3,买盘
819,10:24:42,29.71,8913,3,买盘
820,10:25:09,29.71,5942,2,买盘
821,10:25:27,29.71,151533,51,买盘
822,10:25:30,29.71,8913,3,卖盘
823,10:25:33,29.71,8913,3,买盘
824,10:25:36,29.72,38624,13,买盘
825,10:25:39,29.72,56468,19,买盘
826,10:25:42,29.72,29720,10,卖盘
827,10:25:45,29.73,23784,8,买盘
828,10:25:48,29.74,14866,5,买盘
829,10:25:54,29.74,14867,5,买盘
830,10:25:57,29.76,65430,22,买盘
831,10:26:00,29.78,38690,13,买盘
832,10:26:06,29.78,17864,6,买盘
833,10:26:09,29.78,26792,9,买盘
834,10:26:12,29.78,2978,1,买盘
835,10:26:15,29.8,59588,20,买盘
836,10:26:18,29.78,8934,3,买盘
837,10:26:24,29.74,5948,2,卖盘
838,10:26:27,29.78,23822,8,买盘
839,10:26:33,29.74,53532,18,卖盘
840,10:26:36,29.74,11896,4,卖盘
841,10:26:39,29.76,29746,10,买盘
842,10:26:42,29.74,2974,1,买盘
843,10:26:45,29.73,217031,73,卖盘
844,10:26:51,29.73,17838,6,卖盘
845,10:26:57,29.74,35688,12,买盘
846,10:27:00,29.74,23792,8,卖盘
847,10:27:03,29.76,47608,16,买盘
848,10:27:12,29.77,56551,19,买盘
849,10:27:15,29.78,8934,3,买盘
850,10:27:21,29.78,29798,10,中性盘
851,10:27:27,29.8,41716,14,买盘
852,10:27:33,29.8,8938,3,买盘
853,10:27:36,29.79,5958,2,中性盘
854,10:27:39,29.8,17880,6,买盘
855,10:27:42,29.77,50617,17,卖盘
856,10:27:45,29.76,20841,7,卖盘
857,10:27:48,29.76,5952,2,卖盘
858,10:27:51,29.75,38687,13,卖盘
859,10:27:54,29.79,20850,7,买盘
860,10:28:00,29.79,8936,3,买盘
861,10:28:12,29.76,2976,1,卖盘
862,10:28:18,29.75,11900,4,卖盘
863,10:28:27,29.75,11900,4,卖盘
864,10:28:33,29.75,2975,1,卖盘
865,10:28:36,29.76,11903,4,买盘
866,10:28:42,29.75,5950,2,卖盘
867,10:28:45,29.76,8928,3,买盘
868,10:28:48,29.75,2975,1,卖盘
869,10:28:51,29.75,5950,2,卖盘
870,10:29:03,29.74,20818,7,卖盘
871,10:29:06,29.74,8924,3,卖盘
872,10:29:09,29.75,11899,4,买盘
873,10:29:18,29.75,17850,6,买盘
874,10:29:27,29.75,11900,4,买盘
875,10:29:33,29.74,41636,14,卖盘
876,10:29:36,29.74,5948,2,买盘
877,10:29:42,29.74,20818,7,买盘
878,10:29:45,29.74,8922,3,买盘
879,10:29:51,29.73,2973,1,卖盘
880,10:29:54,29.74,8922,3,买盘
881,10:30:06,29.73,11892,4,卖盘
882,10:30:12,29.73,41622,14,卖盘
883,10:30:15,29.73,35676,12,买盘
884,10:30:18,29.73,214121,72,卖盘
885,10:30:21,29.74,44610,15,中性盘
886,10:30:24,29.76,2976,1,中性盘
887,10:30:27,29.77,29770,10,买盘
888,10:30:30,29.74,56536,19,卖盘
889,10:30:33,29.77,23816,8,买盘
890,10:30:54,29.76,20831,7,买盘
891,10:31:00,29.76,8928,3,买盘
892,10:31:03,29.76,17856,6,买盘
893,10:31:06,29.76,8928,3,买盘
894,10:31:09,29.76,11904,4,买盘
895,10:31:18,29.75,2975,1,卖盘
896,10:31:21,29.76,8928,3,买盘
897,10:31:24,29.75,2975,1,卖盘
898,10:31:30,29.76,14880,5,买盘
899,10:31:42,29.75,2975,1,卖盘
900,10:31:48,29.74,17844,6,卖盘
901,10:31:51,29.74,2974,1,卖盘
902,10:31:54,29.76,17856,6,买盘
903,10:32:00,29.76,5952,2,买盘
904,10:32:09,29.76,26778,9,买盘
905,10:32:15,29.76,11904,4,买盘
906,10:32:24,29.75,5950,2,卖盘
907,10:32:42,29.75,2975,1,卖盘
908,10:32:48,29.74,20818,7,卖盘
909,10:32:57,29.75,17850,6,买盘
910,10:33:03,29.74,11896,4,卖盘
911,10:33:06,29.74,2974,1,卖盘
912,10:33:09,29.74,2974,1,卖盘
913,10:33:12,29.74,8922,3,卖盘
914,10:33:24,29.75,8925,3,买盘
915,10:33:33,29.73,50541,17,卖盘
916,10:33:39,29.73,20812,7,卖盘
917,10:33:42,29.73,26757,9,卖盘
918,10:33:45,29.73,26760,9,卖盘
919,10:33:48,29.73,2973,1,卖盘
920,10:33:51,29.74,32712,11,买盘
921,10:34:15,29.73,29730,10,买盘
922,10:34:30,29.73,2973,1,买盘
923,10:34:36,29.73,17838,6,买盘
924,10:34:51,29.72,8916,3,卖盘
925,10:34:54,29.73,23784,8,买盘
926,10:35:03,29.74,14868,5,买盘
927,10:35:15,29.71,92114,31,卖盘
928,10:35:18,29.7,160394,54,卖盘
929,10:35:21,29.7,80183,27,买盘
930,10:35:24,29.72,74249,25,买盘
931,10:35:30,29.73,133720,45,买盘
932,10:35:33,29.71,41604,14,卖盘
933,10:35:39,29.73,50541,17,买盘
934,10:35:42,29.73,5946,2,买盘
935,10:35:45,29.71,47557,16,卖盘
936,10:35:51,29.73,11892,4,买盘
937,10:36:12,29.71,17826,6,卖盘
938,10:36:21,29.71,56449,19,买盘
939,10:36:24,29.71,29704,10,买盘
940,10:36:27,29.71,29710,10,买盘
941,10:36:30,29.73,59419,20,买盘
942,10:36:33,29.7,17820,6,卖盘
943,10:36:36,29.73,26757,9,买盘
944,10:36:45,29.73,8919,3,买盘
945,10:37:18,29.71,17826,6,卖盘
946,10:37:21,29.73,2973,1,买盘
947,10:37:57,29.73,35660,12,买盘
948,10:38:00,29.73,2973,1,买盘
949,10:38:06,29.73,11892,4,买盘
950,10:38:15,29.73,2973,1,买盘
951,10:38:18,29.73,8919,3,买盘
952,10:38:30,29.73,5946,2,买盘
953,10:38:36,29.73,38649,13,买盘
954,10:38:39,29.73,47575,16,买盘
955,10:38:42,29.73,11892,4,买盘
956,10:38:45,29.73,8919,3,买盘
957,10:38:48,29.73,2973,1,买盘
958,10:38:51,29.73,2973,1,买盘
959,10:38:54,29.73,86217,29,买盘
960,10:38:57,29.74,23789,8,买盘
961,10:39:06,29.73,14865,5,买盘
962,10:39:09,29.73,5946,2,买盘
963,10:39:15,29.73,2973,1,买盘
964,10:39:27,29.73,5946,2,买盘
965,10:39:48,29.73,29730,10,买盘
966,10:39:57,29.72,2972,1,卖盘
967,10:40:00,29.72,2972,1,卖盘
968,10:40:15,29.72,5945,2,卖盘
969,10:40:24,29.73,17838,6,买盘
970,10:40:30,29.72,38636,13,卖盘
971,10:40:42,29.72,35664,12,卖盘
972,10:41:57,29.72,2972,1,买盘
973,10:42:00,29.72,38624,13,买盘
974,10:42:06,29.71,56449,19,卖盘
975,10:42:09,29.7,77228,26,卖盘
976,10:42:12,29.69,109878,37,卖盘
977,10:42:15,29.7,17813,6,买盘
978,10:42:21,29.7,11880,4,买盘
979,10:42:24,29.68,8908,3,卖盘
980,10:42:42,29.68,20776,7,卖盘
981,10:42:45,29.68,41552,14,卖盘
982,10:43:03,29.67,14835,5,卖盘
983,10:43:12,29.67,32637,11,卖盘
984,10:43:15,29.69,2969,1,买盘
985,10:43:18,29.69,86101,29,买盘
986,10:43:36,29.69,8907,3,买盘
987,10:43:48,29.69,5938,2,买盘
988,10:43:51,29.69,136574,46,买盘
989,10:43:54,29.69,8907,3,中性盘
990,10:44:03,29.7,14850,5,买盘
991,10:44:06,29.7,62370,21,买盘
992,10:44:12,29.74,2974,1,买盘
993,10:44:15,29.71,68333,23,卖盘
994,10:44:18,29.71,127753,43,买盘
995,10:44:33,29.68,148436,50,卖盘
996,10:44:36,29.69,35638,12,中性盘
997,10:44:39,29.69,2969,1,卖盘
998,10:44:57,29.69,198794,67,买盘
999,10:45:00,29.67,91977,31,卖盘
1000,10:45:03,29.67,23736,8,卖盘
1001,10:45:06,29.69,29684,10,买盘
1002,10:45:12,29.68,2968,1,卖盘
1003,10:45:24,29.68,2968,1,卖盘
1004,10:45:42,29.68,74200,25,买盘
1005,10:45:48,29.68,2968,1,买盘
1006,10:45:54,29.68,8904,3,买盘
1007,10:46:00,29.68,29680,10,买盘
1008,10:46:03,29.67,11870,4,卖盘
1009,10:46:42,29.67,50439,17,卖盘
1010,10:46:51,29.67,5934,2,卖盘
1011,10:46:57,29.68,2968,1,买盘
1012,10:47:00,29.67,20769,7,卖盘
1013,10:47:03,29.67,77162,26,卖盘
1014,10:47:06,29.67,20770,7,卖盘
1015,10:47:09,29.68,5936,2,买盘
1016,10:47:12,29.68,14840,5,买盘
1017,10:47:15,29.68,2968,1,买盘
1018,10:47:33,29.68,44520,15,买盘
1019,10:47:45,29.68,29680,10,买盘
1020,10:47:48,29.68,5936,2,卖盘
1021,10:47:57,29.67,14835,5,卖盘
1022,10:48:00,29.68,2968,1,买盘
1023,10:48:24,29.67,59340,20,卖盘
1024,10:48:27,29.67,5934,2,卖盘
1025,10:48:30,29.67,20769,7,卖盘
1026,10:48:33,29.66,415367,140,卖盘
1027,10:48:36,29.66,136458,46,卖盘
1028,10:48:39,29.67,77134,26,中性盘
1029,10:48:48,29.7,89055,30,买盘
1030,10:48:51,29.69,65338,22,卖盘
1031,10:49:00,29.74,32713,11,买盘
1032,10:49:03,29.73,14865,5,买盘
1033,10:49:06,29.7,5940,2,卖盘
1034,10:49:12,29.71,5944,2,卖盘
1035,10:49:24,29.73,11889,4,买盘
1036,10:49:33,29.71,2971,1,卖盘
1037,10:49:36,29.71,8913,3,卖盘
1038,10:49:42,29.7,50490,17,卖盘
1039,10:50:12,29.7,2970,1,卖盘
1040,10:50:33,29.72,20794,7,买盘
1041,10:50:57,29.7,14853,5,卖盘
1042,10:51:00,29.72,2972,1,买盘
1043,10:51:06,29.71,11886,4,中性盘
1044,10:51:12,29.72,5944,2,买盘
1045,10:51:27,29.7,23760,8,卖盘
1046,10:51:36,29.69,5938,2,卖盘
1047,10:51:39,29.7,5940,2,买盘
1048,10:51:42,29.69,17814,6,卖盘
1049,10:52:27,29.69,17817,6,卖盘
1050,10:52:30,29.69,133605,45,卖盘
1051,10:52:51,29.69,8907,3,卖盘
1052,10:52:54,29.69,50473,17,卖盘
1053,10:52:57,29.69,14845,5,卖盘
1054,10:53:09,29.7,14847,5,买盘
1055,10:53:18,29.69,41566,14,卖盘
1056,10:53:21,29.68,2968,1,卖盘
1057,10:53:24,29.67,11870,4,卖盘
1058,10:53:30,29.65,121617,41,卖盘
1059,10:53:33,29.65,5930,2,卖盘
1060,10:53:36,29.65,2965,1,卖盘
1061,10:53:42,29.65,5930,2,中性盘
1062,10:53:51,29.63,14817,5,卖盘
1063,10:54:00,29.63,2963,1,卖盘
1064,10:54:09,29.63,91865,31,卖盘
1065,10:54:12,29.63,94799,32,买盘
1066,10:54:15,29.63,23704,8,卖盘
1067,10:54:18,29.65,8895,3,买盘
1068,10:54:24,29.62,2962,1,卖盘
1069,10:54:30,29.62,5924,2,卖盘
1070,10:54:54,29.65,160080,54,买盘
1071,10:54:57,29.66,11861,4,买盘
1072,10:55:18,29.64,20748,7,卖盘
1073,10:55:24,29.64,14820,5,卖盘
1074,10:55:33,29.63,11852,4,卖盘
1075,10:55:39,29.64,23712,8,买盘
1076,10:55:42,29.62,115521,39,卖盘
1077,10:56:00,29.62,20734,7,卖盘
1078,10:56:21,29.61,32572,11,卖盘
1079,10:56:24,29.61,118511,40,卖盘
1080,10:56:57,29.61,29610,10,卖盘
1081,10:57:00,29.62,65128,22,买盘
1082,10:57:06,29.62,62202,21,买盘
1083,10:57:09,29.61,2961,1,卖盘
1084,10:57:15,29.62,8886,3,买盘
1085,10:57:21,29.61,2961,1,卖盘
1086,10:57:27,29.61,14805,5,卖盘
1087,10:57:30,29.61,17766,6,卖盘
1088,10:57:33,29.61,74025,25,卖盘
1089,10:57:36,29.61,2961,1,卖盘
1090,10:57:39,29.61,5922,2,卖盘
1091,10:57:54,29.62,88860,30,买盘
1092,10:58:03,29.61,14805,5,卖盘
1093,10:58:15,29.6,88800,30,卖盘
1094,10:58:24,29.6,17760,6,卖盘
1095,10:58:39,29.6,8880,3,卖盘
1096,10:58:42,29.6,11840,4,卖盘
1097,10:58:45,29.6,23680,8,卖盘
1098,10:58:48,29.58,20716,7,卖盘
1099,10:58:51,29.61,17761,6,买盘
1100,10:58:54,29.6,17760,6,卖盘
1101,10:58:57,29.58,11835,4,卖盘
1102,10:59:03,29.59,8877,3,卖盘
1103,10:59:09,29.59,5918,2,卖盘
1104,10:59:12,29.59,2959,1,卖盘
1105,10:59:15,29.59,20713,7,买盘
1106,10:59:21,29.58,35500,12,卖盘
1107,10:59:33,29.59,2959,1,买盘
1108,10:59:39,29.59,109483,37,买盘
1109,10:59:42,29.59,50303,17,买盘
1110,10:59:45,29.59,71016,24,买盘
1111,10:59:48,29.59,26631,9,买盘
1112,10:59:51,29.59,17754,6,卖盘
1113,11:00:12,29.59,2959,1,卖盘
1114,11:00:21,29.61,5922,2,买盘
1115,11:00:30,29.61,14805,5,买盘
1116,11:00:39,29.59,17759,6,卖盘
1117,11:00:42,29.59,29590,10,卖盘
1118,11:00:48,29.6,11840,4,卖盘
1119,11:00:51,29.61,11844,4,买盘
1120,11:01:03,29.61,94747,32,买盘
1121,11:01:09,29.61,32571,11,买盘
1122,11:01:21,29.61,76986,26,买盘
1123,11:01:24,29.61,11844,4,卖盘
1124,11:01:39,29.62,8886,3,卖盘
1125,11:01:42,29.62,2962,1,卖盘
1126,11:01:51,29.61,53298,18,卖盘
1127,11:01:54,29.61,2961,1,卖盘
1128,11:01:57,29.61,2961,1,卖盘
1129,11:02:06,29.62,14810,5,买盘
1130,11:02:09,29.61,11844,4,卖盘
1131,11:02:21,29.62,2962,1,买盘
1132,11:02:24,29.63,56282,19,买盘
1133,11:02:27,29.63,5926,2,买盘
1134,11:02:39,29.63,44445,15,买盘
1135,11:02:42,29.63,8889,3,卖盘
1136,11:02:45,29.63,5926,2,买盘
1137,11:03:06,29.63,5926,2,买盘
1138,11:03:09,29.63,44445,15,买盘
1139,11:03:12,29.64,8890,3,买盘
1140,11:03:24,29.62,5925,2,卖盘
1141,11:03:27,29.63,26674,9,买盘
1142,11:03:36,29.63,5926,2,买盘
1143,11:03:39,29.64,82985,28,买盘
1144,11:03:48,29.63,47413,16,卖盘
1145,11:03:51,29.67,23713,8,买盘
1146,11:03:54,29.68,88981,30,买盘
1147,11:03:57,29.68,26700,9,买盘
1148,11:04:00,29.7,53449,18,买盘
1149,11:04:03,29.67,41579,14,中性盘
1150,11:04:06,29.67,32643,11,卖盘
1151,11:04:12,29.73,14865,5,买盘
1152,11:04:15,29.68,2968,1,卖盘
1153,11:04:27,29.68,32648,11,卖盘
1154,11:04:30,29.72,8916,3,买盘
1155,11:04:42,29.72,65381,22,买盘
1156,11:04:45,29.71,8915,3,卖盘
1157,11:04:48,29.72,38635,13,买盘
1158,11:04:51,29.72,5944,2,卖盘
1159,11:04:54,29.77,65450,22,买盘
1160,11:04:57,29.77,2977,1,买盘
1161,11:05:00,29.74,2974,1,卖盘
1162,11:05:03,29.74,23795,8,卖盘
1163,11:05:09,29.72,5944,2,卖盘
1164,11:05:15,29.72,2972,1,卖盘
1165,11:05:18,29.72,11888,4,卖盘
1166,11:05:21,29.72,20799,7,买盘
1167,11:05:24,29.74,32707,11,买盘
1168,11:05:33,29.74,47584,16,买盘
1169,11:05:39,29.73,8919,3,中性盘
1170,11:05:42,29.77,8929,3,买盘
1171,11:06:00,29.72,5948,2,卖盘
1172,11:06:06,29.71,38627,13,卖盘
1173,11:06:09,29.71,65389,22,卖盘
1174,11:06:12,29.71,8913,3,卖盘
1175,11:06:24,29.75,2975,1,买盘
1176,11:07:09,29.74,8920,3,买盘
1177,11:07:24,29.72,5944,2,卖盘
1178,11:07:27,29.74,2974,1,买盘
1179,11:07:39,29.74,5948,2,买盘
1180,11:07:48,29.71,8915,3,卖盘
1181,11:07:51,29.74,5948,2,买盘
1182,11:07:54,29.71,41594,14,卖盘
1183,11:08:00,29.74,2974,1,买盘
1184,11:08:03,29.71,2971,1,卖盘
1185,11:08:06,29.74,11896,4,买盘
1186,11:08:15,29.74,2974,1,买盘
1187,11:08:27,29.71,47536,16,卖盘
1188,11:08:30,29.72,20798,7,中性盘
1189,11:08:33,29.71,32684,11,卖盘
1190,11:08:36,29.71,8913,3,卖盘
1191,11:08:39,29.68,23763,8,卖盘
1192,11:08:57,29.68,59367,20,卖盘
1193,11:09:00,29.72,207974,70,买盘
1194,11:09:03,29.71,95085,32,卖盘
1195,11:09:06,29.72,8916,3,买盘
1196,11:09:12,29.72,14860,5,卖盘
1197,11:09:15,29.72,2972,1,卖盘
1198,11:10:06,29.73,5946,2,买盘
1199,11:10:09,29.73,86216,29,买盘
1200,11:10:12,29.73,2973,1,买盘
1201,11:10:21,29.73,8919,3,买盘
1202,11:10:24,29.73,2973,1,买盘
1203,11:10:27,29.72,8916,3,卖盘
1204,11:10:30,29.73,8919,3,买盘
1205,11:10:33,29.73,5946,2,买盘
1206,11:10:36,29.76,196246,66,买盘
1207,11:10:39,29.78,68454,23,买盘
1208,11:10:45,29.77,5954,2,买盘
1209,11:10:48,29.77,8931,3,买盘
1210,11:10:51,29.76,26784,9,卖盘
1211,11:10:57,29.78,5956,2,买盘
1212,11:11:03,29.77,8931,3,卖盘
1213,11:11:21,29.78,14890,5,买盘
1214,11:11:24,29.78,142937,48,买盘
1215,11:11:42,29.79,86382,29,买盘
1216,11:11:45,29.81,113243,38,买盘
1217,11:11:57,29.85,23869,8,买盘
1218,11:12:00,29.83,2983,1,买盘
1219,11:12:03,29.81,122256,41,卖盘
1220,11:12:06,29.8,2980,1,卖盘
1221,11:12:09,29.8,160920,54,卖盘
1222,11:12:12,29.82,59640,20,买盘
1223,11:12:15,29.82,2982,1,买盘
1224,11:12:18,29.82,11928,4,买盘
1225,11:12:21,29.83,35796,12,买盘
1226,11:12:27,29.85,5970,2,买盘
1227,11:12:30,29.87,44771,15,买盘
1228,11:12:33,29.87,2987,1,买盘
1229,11:12:45,29.87,2987,1,买盘
1230,11:12:48,29.84,11939,4,卖盘
1231,11:12:54,29.84,5968,2,卖盘
1232,11:12:57,29.84,32824,11,卖盘
1233,11:13:00,29.87,32842,11,买盘
1234,11:13:03,29.84,50728,17,卖盘
1235,11:13:06,29.84,2984,1,卖盘
1236,11:13:18,29.85,5970,2,卖盘
1237,11:13:21,29.85,38799,13,买盘
1238,11:13:42,29.85,8955,3,买盘
1239,11:13:45,29.84,59680,20,卖盘
1240,11:13:51,29.84,83562,28,卖盘
1241,11:14:06,29.83,56677,19,卖盘
1242,11:14:12,29.83,8949,3,中性盘
1243,11:14:18,29.84,62664,21,买盘
1244,11:14:21,29.85,56709,19,买盘
1245,11:14:27,29.86,17916,6,买盘
1246,11:14:30,29.86,17916,6,买盘
1247,11:14:54,29.86,41804,14,买盘
1248,11:15:03,29.86,5972,2,卖盘
1249,11:15:15,29.86,8958,3,买盘
1250,11:15:30,29.85,2985,1,卖盘
1251,11:15:39,29.85,11940,4,卖盘
1252,11:15:42,29.85,8955,3,卖盘
1253,11:15:45,29.84,11936,4,卖盘
1254,11:15:54,29.84,50728,17,卖盘
1255,11:16:00,29.85,11940,4,中性盘
1256,11:16:06,29.85,29850,10,中性盘
1257,11:16:21,29.86,2986,1,买盘
1258,11:16:24,29.85,2985,1,卖盘
1259,11:17:00,29.85,5970,2,买盘
1260,11:17:12,29.85,2985,1,买盘
1261,11:17:15,29.84,2984,1,卖盘
1262,11:17:18,29.83,164117,55,卖盘
1263,11:17:24,29.81,5962,2,卖盘
1264,11:17:27,29.82,2982,1,卖盘
1265,11:17:30,29.81,23849,8,卖盘
1266,11:17:33,29.81,2981,1,中性盘
1267,11:17:36,29.81,5962,2,中性盘
1268,11:17:42,29.82,74550,25,买盘
1269,11:17:45,29.82,59640,20,卖盘
1270,11:17:51,29.82,5964,2,卖盘
1271,11:17:54,29.82,8946,3,卖盘
1272,11:17:57,29.83,5966,2,买盘
1273,11:18:00,29.84,128291,43,买盘
1274,11:18:03,29.84,140266,47,买盘
1275,11:18:21,29.85,5970,2,买盘
1276,11:18:30,29.84,8952,3,卖盘
1277,11:18:33,29.85,53713,18,买盘
1278,11:18:36,29.85,17910,6,买盘
1279,11:18:39,29.84,5968,2,卖盘
1280,11:18:54,29.85,53730,18,买盘
1281,11:18:57,29.85,71663,24,中性盘
1282,11:19:03,29.85,5970,2,卖盘
1283,11:19:06,29.84,17904,6,卖盘
1284,11:19:09,29.84,2984,1,卖盘
1285,11:19:12,29.84,2984,1,卖盘
1286,11:19:27,29.84,14920,5,卖盘
1287,11:19:33,29.85,2985,1,买盘
1288,11:19:36,29.85,29850,10,买盘
1289,11:19:39,29.84,8952,3,卖盘
1290,11:19:57,29.85,26860,9,买盘
1291,11:20:06,29.85,65673,22,买盘
1292,11:20:09,29.85,2985,1,中性盘
1293,11:20:12,29.85,26868,9,买盘
1294,11:20:15,29.85,17910,6,买盘
1295,11:20:27,29.85,80595,27,买盘
1296,11:20:39,29.87,113490,38,买盘
1297,11:20:42,29.85,5970,2,卖盘
1298,11:20:45,29.87,2987,1,买盘
1299,11:20:51,29.85,32835,11,卖盘
1300,11:20:54,29.87,8961,3,买盘
1301,11:20:57,29.84,56702,19,卖盘
1302,11:21:09,29.84,20888,7,卖盘
1303,11:21:12,29.84,29840,10,卖盘
1304,11:21:15,29.84,23872,8,卖盘
1305,11:21:21,29.84,5968,2,卖盘
1306,11:21:24,29.84,2984,1,卖盘
1307,11:21:33,29.85,44777,15,买盘
1308,11:21:42,29.86,2986,1,卖盘
1309,11:22:09,29.84,32824,11,卖盘
1310,11:22:39,29.85,2985,1,买盘
1311,11:22:45,29.83,38784,13,卖盘
1312,11:22:48,29.85,20895,7,买盘
1313,11:22:54,29.83,14915,5,卖盘
1314,11:23:03,29.85,158214,53,买盘
1315,11:23:09,29.88,367559,123,买盘
1316,11:23:12,29.9,295984,99,买盘
1317,11:23:27,29.9,17940,6,买盘
1318,11:23:30,29.87,26886,9,卖盘
1319,11:23:33,29.87,68701,23,卖盘
1320,11:24:00,29.87,170259,57,卖盘
1321,11:24:15,29.85,68664,23,卖盘
1322,11:24:33,29.85,5970,2,卖盘
1323,11:24:36,29.85,50745,17,卖盘
1324,11:25:09,29.85,29850,10,卖盘
1325,11:25:27,29.86,128398,43,买盘
1326,11:25:30,29.86,32846,11,买盘
1327,11:25:33,29.86,20902,7,卖盘
1328,11:25:36,29.87,8961,3,买盘
1329,11:25:45,29.87,8961,3,买盘
1330,11:25:48,29.87,26883,9,买盘
1331,11:26:09,29.87,20907,7,买盘
1332,11:26:18,29.85,149250,50,卖盘
1333,11:26:21,29.85,74625,25,卖盘
1334,11:26:30,29.85,38805,13,卖盘
1335,11:26:36,29.85,2985,1,卖盘
1336,11:26:39,29.86,38818,13,买盘
1337,11:26:48,29.84,29840,10,卖盘
1338,11:26:54,29.84,5968,2,卖盘
1339,11:27:15,29.85,35820,12,卖盘
1340,11:27:21,29.85,2985,1,卖盘
1341,11:27:24,29.85,2985,1,卖盘
1342,11:27:48,29.85,47760,16,卖盘
1343,11:28:03,29.84,11936,4,卖盘
1344,11:28:24,29.84,8952,3,卖盘
1345,11:28:30,29.84,2984,1,卖盘
1346,11:28:33,29.83,2983,1,卖盘
1347,11:28:39,29.83,26859,9,卖盘
1348,11:28:42,29.83,14915,5,卖盘
1349,11:28:45,29.85,5968,2,买盘
1350,11:28:54,29.83,8949,3,卖盘
1351,11:28:57,29.83,5966,2,卖盘
1352,11:29:09,29.82,14911,5,卖盘
1353,11:29:12,29.82,14910,5,卖盘
1354,11:29:15,29.81,2981,1,卖盘
1355,11:29:18,29.83,23856,8,买盘
1356,11:29:21,29.83,38779,13,买盘
1357,11:29:24,29.82,26832,9,卖盘
1358,11:29:27,29.85,101472,34,买盘
1359,11:29:30,29.84,11941,4,卖盘
1360,11:29:39,29.83,2983,1,卖盘
1361,11:29:42,29.87,17917,6,买盘
1362,11:29:45,29.83,23867,8,卖盘
1363,11:29:48,29.87,8961,3,买盘
1364,11:29:51,29.83,334332,112,卖盘
1365,11:29:54,29.86,17919,6,中性盘
1366,11:29:57,29.91,62783,21,买盘
1367,13:00:03,29.91,29905,10,买盘
1368,13:00:06,29.85,113503,38,卖盘
1369,13:00:09,29.89,119579,40,买盘
1370,13:00:12,29.89,86649,29,买盘
1371,13:00:15,29.86,71712,24,卖盘
1372,13:00:18,29.86,5973,2,卖盘
1373,13:00:21,29.86,11947,4,卖盘
1374,13:00:24,29.86,23892,8,中性盘
1375,13:00:27,29.86,8960,3,卖盘
1376,13:00:30,29.86,11944,4,卖盘
1377,13:00:33,29.86,2986,1,卖盘
1378,13:00:36,29.86,5972,2,卖盘
1379,13:00:39,29.86,68679,23,卖盘
1380,13:00:42,29.86,2986,1,卖盘
1381,13:00:45,29.86,20902,7,卖盘
1382,13:00:48,29.86,5972,2,卖盘
1383,13:00:51,29.86,5972,2,卖盘
1384,13:01:00,29.85,17912,6,卖盘
1385,13:01:03,29.86,5972,2,卖盘
1386,13:01:27,29.85,2985,1,卖盘
1387,13:01:30,29.85,38805,13,卖盘
1388,13:01:33,29.83,2983,1,卖盘
1389,13:01:42,29.87,2987,1,买盘
1390,13:01:54,29.84,2984,1,卖盘
1391,13:01:57,29.84,56696,19,卖盘
1392,13:02:27,29.87,29870,10,买盘
1393,13:02:30,29.87,2987,1,买盘
1394,13:02:33,29.87,5974,2,买盘
1395,13:02:39,29.87,11948,4,买盘
1396,13:02:42,29.87,8961,3,买盘
1397,13:02:45,29.84,17906,6,卖盘
1398,13:02:48,29.87,2987,1,买盘
1399,13:02:51,29.87,14935,5,买盘
1400,13:02:54,29.87,5974,2,买盘
1401,13:03:09,29.87,41804,14,买盘
1402,13:03:12,29.84,164122,55,卖盘
1403,13:03:15,29.83,32813,11,卖盘
1404,13:03:18,29.81,56655,19,卖盘
1405,13:03:21,29.81,1076141,361,卖盘
1406,13:03:24,29.76,166844,56,卖盘
1407,13:03:27,29.71,23784,8,卖盘
1408,13:03:30,29.77,2977,1,买盘
1409,13:03:36,29.72,11888,4,卖盘
1410,13:03:51,29.7,62418,21,卖盘
1411,13:03:57,29.72,8916,3,中性盘
1412,13:04:03,29.72,11888,4,卖盘
1413,13:04:06,29.71,71310,24,卖盘
1414,13:04:09,29.71,38623,13,卖盘
1415,13:04:15,29.71,11882,4,中性盘
1416,13:04:18,29.7,17820,6,卖盘
1417,13:04:21,29.72,17832,6,买盘
1418,13:04:24,29.7,11882,4,卖盘
1419,13:04:27,29.7,17824,6,卖盘
1420,13:04:36,29.7,20790,7,卖盘
1421,13:04:48,29.7,92070,31,卖盘
1422,13:04:51,29.7,65340,22,卖盘
1423,13:04:54,29.7,8910,3,卖盘
1424,13:05:00,29.7,5940,2,买盘
1425,13:05:03,29.7,68321,23,买盘
1426,13:05:06,29.68,47518,16,卖盘
1427,13:05:09,29.7,35633,12,卖盘
1428,13:05:15,29.69,5938,2,中性盘
1429,13:05:24,29.71,106928,36,买盘
1430,13:05:27,29.7,14854,5,卖盘
1431,13:05:33,29.72,26748,9,买盘
1432,13:05:54,29.72,104022,35,买盘
1433,13:05:57,29.75,44589,15,买盘
1434,13:06:45,29.75,2975,1,买盘
1435,13:06:48,29.75,80352,27,买盘
1436,13:06:51,29.75,14875,5,买盘
1437,13:06:54,29.75,23800,8,买盘
1438,13:06:57,29.74,68407,23,卖盘
1439,13:07:06,29.74,5948,2,卖盘
1440,13:07:09,29.78,154829,52,买盘
1441,13:07:39,29.75,5950,2,卖盘
1442,13:07:42,29.77,14883,5,买盘
1443,13:07:48,29.78,32748,11,买盘
1444,13:07:51,29.75,5950,2,中性盘
1445,13:07:54,29.74,5952,2,卖盘
1446,13:07:57,29.74,2974,1,卖盘
1447,13:08:00,29.78,5956,2,买盘
1448,13:08:03,29.78,11912,4,买盘
1449,13:08:18,29.77,17862,6,买盘
1450,13:08:21,29.77,2977,1,买盘
1451,13:08:24,29.77,2977,1,买盘
1452,13:08:27,29.77,5954,2,买盘
1453,13:08:45,29.77,2977,1,买盘
1454,13:08:48,29.77,11908,4,买盘
1455,13:09:03,29.75,5950,2,卖盘
1456,13:09:06,29.75,11902,4,卖盘
1457,13:09:15,29.77,2977,1,买盘
1458,13:09:21,29.75,2975,1,卖盘
1459,13:09:30,29.77,26793,9,买盘
1460,13:09:33,29.77,38701,13,买盘
1461,13:09:36,29.76,2976,1,卖盘
1462,13:09:42,29.75,8929,3,卖盘
1463,13:09:48,29.78,98237,33,买盘
1464,13:09:51,29.78,77365,26,买盘
1465,13:10:15,29.77,8931,3,买盘
1466,13:10:18,29.77,2977,1,买盘
1467,13:10:21,29.77,2977,1,买盘
1468,13:10:30,29.77,14885,5,买盘
1469,13:10:33,29.78,14889,5,买盘
1470,13:10:36,29.77,5954,2,买盘
1471,13:10:39,29.76,44664,15,卖盘
1472,13:10:51,29.77,8931,3,买盘
1473,13:11:03,29.79,259077,87,买盘
1474,13:11:06,29.8,32770,11,买盘
1475,13:11:09,29.8,11920,4,买盘
1476,13:11:12,29.8,2980,1,买盘
1477,13:11:21,29.79,8937,3,中性盘
1478,13:11:24,29.8,2980,1,买盘
1479,13:11:39,29.79,2979,1,卖盘
1480,13:11:42,29.78,2978,1,卖盘
1481,13:11:51,29.78,68498,23,卖盘
1482,13:11:54,29.78,14892,5,卖盘
1483,13:11:57,29.77,68490,23,卖盘
1484,13:12:00,29.77,2977,1,卖盘
1485,13:12:06,29.77,2977,1,买盘
1486,13:12:42,29.76,8928,3,卖盘
1487,13:12:45,29.76,38688,13,买盘
1488,13:12:48,29.76,130944,44,买盘
1489,13:12:51,29.76,2976,1,卖盘
1490,13:13:00,29.77,50609,17,买盘
1491,13:13:03,29.77,178659,60,买盘
1492,13:13:06,29.76,2976,1,卖盘
1493,13:13:09,29.76,2976,1,卖盘
1494,13:13:21,29.77,5954,2,买盘
1495,13:13:24,29.77,5954,2,买盘
1496,13:13:36,29.77,23816,8,买盘
1497,13:13:39,29.77,11908,4,买盘
1498,13:13:42,29.77,5955,2,中性盘
1499,13:13:45,29.78,41680,14,买盘
1500,13:13:51,29.77,5954,2,卖盘
1501,13:13:54,29.77,8931,3,卖盘
1502,13:14:00,29.77,5954,2,买盘
1503,13:14:03,29.76,65475,22,卖盘
1504,13:14:06,29.76,5952,2,卖盘
1505,13:14:12,29.75,276763,93,卖盘
1506,13:14:15,29.76,26777,9,中性盘
1507,13:14:24,29.77,11904,4,买盘
1508,13:14:42,29.77,23816,8,买盘
1509,13:14:51,29.77,8931,3,买盘
1510,13:15:00,29.77,8931,3,买盘
1511,13:15:30,29.76,2976,1,卖盘
1512,13:15:42,29.77,2977,1,买盘
1513,13:15:57,29.77,11908,4,买盘
1514,13:16:00,29.77,5954,2,买盘
1515,13:16:09,29.76,44640,15,卖盘
1516,13:16:12,29.76,5952,2,卖盘
1517,13:16:42,29.76,32736,11,卖盘
1518,13:16:48,29.8,595893,200,买盘
1519,13:16:51,29.83,2983,1,买盘
1520,13:16:54,29.83,2983,1,买盘
1521,13:17:03,29.81,5962,2,卖盘
1522,13:17:06,29.82,8948,3,中性盘
1523,13:17:30,29.82,5964,2,买盘
1524,13:17:33,29.82,29820,10,买盘
1525,13:17:36,29.82,11928,4,买盘
1526,13:17:39,29.81,5962,2,卖盘
1527,13:17:57,29.81,11924,4,卖盘
1528,13:18:06,29.82,2982,1,买盘
1529,13:18:09,29.81,8943,3,卖盘
1530,13:18:18,29.8,38747,13,卖盘
1531,13:18:21,29.82,2982,1,买盘
1532,13:18:24,29.8,50660,17,卖盘
1533,13:18:27,29.82,11928,4,买盘
1534,13:18:54,29.82,26838,9,买盘
1535,13:19:00,29.82,11928,4,买盘
1536,13:19:03,29.82,2982,1,买盘
1537,13:19:06,29.82,2982,1,买盘
1538,13:19:21,29.82,5964,2,买盘
1539,13:19:24,29.8,44703,15,卖盘
1540,13:19:30,29.81,5962,2,买盘
1541,13:19:33,29.81,86481,29,买盘
1542,13:19:36,29.82,2982,1,买盘
1543,13:19:39,29.81,20867,7,买盘
1544,13:19:42,29.82,41746,14,买盘
1545,13:19:45,29.85,8951,3,买盘
1546,13:19:51,29.82,5964,2,卖盘
1547,13:19:54,29.82,2982,1,卖盘
1548,13:20:00,29.82,8946,3,卖盘
1549,13:20:03,29.84,11930,4,买盘
1550,13:20:12,29.82,5964,2,卖盘
1551,13:20:15,29.82,44730,15,卖盘
1552,13:20:18,29.82,62622,21,卖盘
1553,13:20:21,29.82,23856,8,卖盘
1554,13:20:24,29.82,11931,4,卖盘
1555,13:20:39,29.81,2981,1,卖盘
1556,13:20:42,29.8,56663,19,卖盘
1557,13:21:09,29.8,5960,2,卖盘
1558,13:21:12,29.8,11920,4,卖盘
1559,13:21:24,29.78,2978,1,卖盘
1560,13:21:27,29.8,26814,9,买盘
1561,13:21:57,29.78,5956,2,卖盘
1562,13:22:03,29.77,5954,2,卖盘
1563,13:22:06,29.77,2977,1,卖盘
1564,13:22:09,29.77,5954,2,卖盘
1565,13:22:18,29.78,83384,28,买盘
1566,13:22:21,29.79,38727,13,买盘
1567,13:22:24,29.78,5957,2,卖盘
1568,13:22:33,29.78,2978,1,卖盘
1569,13:22:51,29.77,8931,3,卖盘
1570,13:22:54,29.77,8931,3,卖盘
1571,13:23:03,29.77,5954,2,卖盘
1572,13:23:12,29.77,5954,2,卖盘
1573,13:23:24,29.76,20832,7,卖盘
1574,13:23:36,29.78,17868,6,买盘
1575,13:23:54,29.77,5954,2,卖盘
1576,13:23:57,29.78,131047,44,买盘
1577,13:24:21,29.78,29782,10,卖盘
1578,13:24:30,29.78,14890,5,卖盘
1579,13:24:33,29.78,17872,6,卖盘
1580,13:24:36,29.79,5958,2,买盘
1581,13:24:48,29.79,17874,6,买盘
1582,13:24:51,29.79,2979,1,买盘
1583,13:25:00,29.79,53622,18,买盘
1584,13:25:03,29.79,5958,2,买盘
1585,13:25:24,29.78,47648,16,卖盘
1586,13:25:27,29.77,8931,3,卖盘
1587,13:25:48,29.77,14885,5,卖盘
1588,13:25:51,29.77,8931,3,卖盘
1589,13:25:54,29.76,5952,2,卖盘
1590,13:26:03,29.77,5954,2,买盘
1591,13:26:06,29.76,116091,39,卖盘
1592,13:26:12,29.76,5952,2,卖盘
1593,13:26:18,29.76,2976,1,卖盘
1594,13:26:24,29.76,5952,2,卖盘
1595,13:26:30,29.76,8928,3,卖盘
1596,13:26:33,29.76,169655,57,买盘
1597,13:26:36,29.76,74400,25,卖盘
1598,13:26:39,29.76,2976,1,买盘
1599,13:26:42,29.76,44640,15,卖盘
1600,13:27:54,29.77,5954,2,买盘
1601,13:28:03,29.76,2976,1,卖盘
1602,13:28:09,29.76,8929,3,卖盘
1603,13:28:15,29.77,2977,1,买盘
1604,13:28:18,29.76,2976,1,卖盘
1605,13:28:21,29.76,5953,2,卖盘
1606,13:28:24,29.77,5954,2,买盘
1607,13:28:27,29.77,2977,1,买盘
1608,13:28:30,29.75,151760,51,卖盘
1609,13:28:33,29.77,17860,6,买盘
1610,13:28:36,29.77,2977,1,买盘
1611,13:28:39,29.77,2977,1,买盘
1612,13:28:42,29.75,8928,3,卖盘
1613,13:28:45,29.77,2977,1,买盘
1614,13:28:48,29.75,53552,18,卖盘
1615,13:28:54,29.77,2977,1,买盘
1616,13:28:57,29.77,2977,1,买盘
1617,13:29:00,29.76,5952,2,卖盘
1618,13:29:03,29.76,14880,5,卖盘
1619,13:29:09,29.76,2976,1,买盘
1620,13:29:15,29.75,5950,2,卖盘
1621,13:29:24,29.77,8931,3,买盘
1622,13:29:27,29.77,14885,5,买盘
1623,13:29:30,29.77,11908,4,买盘
1624,13:29:36,29.77,11908,4,买盘
1625,13:29:45,29.76,32741,11,卖盘
1626,13:29:48,29.76,20833,7,卖盘
1627,13:29:51,29.77,128011,43,买盘
1628,13:29:54,29.78,2978,1,买盘
1629,13:29:57,29.78,2978,1,买盘
1630,13:30:00,29.78,2978,1,买盘
1631,13:30:03,29.78,5956,2,买盘
1632,13:30:12,29.78,8933,3,买盘
1633,13:30:15,29.77,5954,2,卖盘
1634,13:30:18,29.77,29770,10,卖盘
1635,13:30:24,29.77,2977,1,卖盘
1636,13:30:27,29.77,2977,1,卖盘
1637,13:30:36,29.77,62517,21,卖盘
1638,13:30:39,29.77,2977,1,卖盘
1639,13:30:42,29.78,8934,3,买盘
1640,13:30:48,29.78,14890,5,买盘
1641,13:30:51,29.78,5956,2,买盘
1642,13:30:54,29.77,2977,1,卖盘
1643,13:31:03,29.78,20846,7,买盘
1644,13:31:06,29.77,68474,23,卖盘
1645,13:31:09,29.77,2977,1,卖盘
1646,13:31:15,29.77,8931,3,卖盘
1647,13:31:18,29.77,5954,2,卖盘
1648,13:31:21,29.77,5954,2,卖盘
1649,13:31:24,29.77,20839,7,卖盘
1650,13:31:27,29.77,17862,6,卖盘
1651,13:32:00,29.77,2977,1,卖盘
1652,13:32:15,29.78,32758,11,买盘
1653,13:32:18,29.78,2978,1,买盘
1654,13:32:24,29.77,38701,13,卖盘
1655,13:32:36,29.75,35708,12,卖盘
1656,13:32:48,29.77,38701,13,买盘
1657,13:32:51,29.75,23808,8,卖盘
1658,13:33:21,29.78,2978,1,买盘
1659,13:33:30,29.78,29762,10,买盘
1660,13:33:54,29.8,294837,99,买盘
1661,13:33:57,29.8,128164,43,买盘
1662,13:34:09,29.82,2982,1,买盘
1663,13:34:12,29.82,5964,2,买盘
1664,13:34:30,29.81,26837,9,卖盘
1665,13:34:33,29.82,2982,1,买盘
1666,13:34:39,29.82,2982,1,买盘
1667,13:34:45,29.81,50677,17,卖盘
1668,13:34:48,29.82,11928,4,买盘
1669,13:34:54,29.82,2982,1,买盘
1670,13:35:06,29.81,116259,39,卖盘
1671,13:35:09,29.81,128184,43,卖盘
1672,13:35:15,29.82,521826,175,买盘
1673,13:35:18,29.81,53702,18,买盘
1674,13:35:30,29.8,8942,3,卖盘
1675,13:36:12,29.81,2981,1,卖盘
1676,13:36:27,29.82,2982,1,中性盘
1677,13:36:33,29.82,2982,1,买盘
1678,13:37:09,29.81,2981,1,卖盘
1679,13:37:12,29.81,8943,3,卖盘
1680,13:37:18,29.81,8943,3,卖盘
1681,13:37:21,29.82,83496,28,买盘
1682,13:37:24,29.81,14909,5,卖盘
1683,13:37:30,29.81,5962,2,卖盘
1684,13:37:33,29.81,2981,1,卖盘
1685,13:37:45,29.81,44715,15,卖盘
1686,13:37:57,29.81,29811,10,卖盘
1687,13:38:03,29.83,8949,3,买盘
1688,13:38:06,29.81,20867,7,卖盘
1689,13:38:15,29.82,56667,19,中性盘
1690,13:38:24,29.83,5966,2,买盘
1691,13:38:33,29.83,2983,1,买盘
1692,13:38:45,29.83,2983,1,买盘
1693,13:38:51,29.82,2982,1,卖盘
1694,13:38:54,29.83,2983,1,买盘
1695,13:39:03,29.82,29820,10,卖盘
1696,13:39:06,29.83,41762,14,买盘
1697,13:39:09,29.82,8948,3,卖盘
1698,13:39:12,29.83,8949,3,买盘
1699,13:39:15,29.83,8949,3,买盘
1700,13:39:18,29.83,11932,4,买盘
1701,13:39:21,29.83,29830,10,买盘
1702,13:39:24,29.82,59640,20,卖盘
1703,13:39:27,29.82,5964,2,卖盘
1704,13:39:30,29.83,23864,8,买盘
1705,13:39:42,29.82,20874,7,卖盘
1706,13:40:12,29.82,44730,15,卖盘
1707,13:40:24,29.82,17892,6,买盘
1708,13:40:27,29.83,238582,80,买盘
1709,13:40:30,29.85,35808,12,买盘
1710,13:40:33,29.86,56729,19,买盘
1711,13:40:36,29.88,83646,28,买盘
1712,13:40:39,29.9,89687,30,买盘
1713,13:40:42,29.9,47828,16,买盘
1714,13:40:45,29.9,5980,2,中性盘
1715,13:41:06,29.87,50779,17,卖盘
1716,13:41:15,29.87,11948,4,卖盘
1717,13:41:21,29.87,5974,2,卖盘
1718,13:41:24,29.89,20928,7,中性盘
1719,13:41:27,29.89,5978,2,买盘
1720,13:41:33,29.88,5976,2,买盘
1721,13:41:42,29.87,2987,1,卖盘
1722,13:41:48,29.87,2987,1,卖盘
1723,13:41:51,29.87,20921,7,卖盘
1724,13:42:00,29.89,74724,25,买盘
1725,13:42:03,29.9,2990,1,买盘
1726,13:42:06,29.88,2988,1,中性盘
1727,13:42:09,29.9,5980,2,买盘
1728,13:42:12,29.9,5980,2,买盘
1729,13:42:27,29.89,2989,1,中性盘
1730,13:42:30,29.9,2990,1,买盘
1731,13:42:33,29.87,209091,70,卖盘
1732,13:42:36,29.88,110626,37,卖盘
1733,13:42:42,29.87,8962,3,卖盘
1734,13:43:00,29.88,8964,3,买盘
1735,13:43:03,29.88,62763,21,中性盘
1736,13:43:06,29.87,11948,4,卖盘
1737,13:43:30,29.87,26883,9,卖盘
1738,13:43:33,29.87,29870,10,卖盘
1739,13:43:36,29.87,5974,2,买盘
1740,13:43:39,29.87,5974,2,卖盘
1741,13:44:00,29.87,2987,1,卖盘
1742,13:44:03,29.88,11952,4,中性盘
1743,13:44:15,29.87,113506,38,卖盘
1744,13:44:18,29.87,5973,2,中性盘
1745,13:44:21,29.87,2987,1,卖盘
1746,13:44:24,29.88,32871,11,中性盘
1747,13:44:27,29.86,41804,14,卖盘
1748,13:44:33,29.88,5975,2,买盘
1749,13:44:42,29.87,5974,2,卖盘
1750,13:44:48,29.87,62727,21,买盘
1751,13:44:51,29.87,65719,22,卖盘
1752,13:45:00,29.87,5974,2,卖盘
1753,13:45:03,29.87,71688,24,卖盘
1754,13:45:06,29.87,65714,22,买盘
1755,13:45:30,29.88,248002,83,买盘
1756,13:45:33,29.87,41821,14,卖盘
1757,13:45:39,29.89,44825,15,买盘
1758,13:45:51,29.88,5976,2,中性盘
1759,13:46:12,29.88,35866,12,卖盘
1760,13:46:24,29.88,2988,1,卖盘
1761,13:46:30,29.89,47824,16,买盘
1762,13:46:33,29.88,20916,7,卖盘
1763,13:46:39,29.88,2988,1,卖盘
1764,13:46:42,29.89,11956,4,买盘
1765,13:46:48,29.88,47808,16,卖盘
1766,13:47:09,29.87,50779,17,卖盘
1767,13:47:21,29.88,23900,8,买盘
1768,13:47:24,29.87,26883,9,卖盘
1769,13:47:30,29.87,14935,5,卖盘
1770,13:47:33,29.87,59740,20,卖盘
1771,13:47:54,29.87,11949,4,卖盘
1772,13:48:00,29.88,5976,2,买盘
1773,13:48:03,29.88,26892,9,买盘
1774,13:48:06,29.88,8964,3,买盘
1775,13:48:09,29.88,116532,39,买盘
1776,13:48:12,29.88,74723,25,卖盘
1777,13:48:15,29.89,2989,1,买盘
1778,13:48:21,29.88,38844,13,卖盘
1779,13:48:24,29.89,14945,5,买盘
1780,13:48:30,29.89,17934,6,买盘
1781,13:48:45,29.89,2989,1,买盘
1782,13:48:48,29.89,14945,5,买盘
1783,13:48:57,29.89,2989,1,买盘
1784,13:49:00,29.89,23912,8,买盘
1785,13:49:09,29.89,2989,1,买盘
1786,13:49:21,29.89,17934,6,买盘
1787,13:49:24,29.89,424527,142,买盘
1788,13:49:27,29.89,14945,5,买盘
1789,13:49:33,29.89,56774,19,买盘
1790,13:49:45,29.89,2989,1,买盘
1791,13:49:48,29.88,5977,2,卖盘
1792,13:49:51,29.89,161432,54,买盘
1793,13:49:54,29.89,44835,15,买盘
1794,13:49:57,29.89,32880,11,买盘
1795,13:50:00,29.89,2989,1,买盘
1796,13:50:06,29.89,14945,5,买盘
1797,13:50:09,29.89,11956,4,买盘
1798,13:50:12,29.9,2990,1,买盘
1799,13:50:18,29.9,11960,4,买盘
1800,13:50:21,29.9,116610,39,买盘
1801,13:50:24,29.9,62807,21,卖盘
1802,13:50:27,29.91,2991,1,买盘
1803,13:50:30,29.9,35880,12,卖盘
1804,13:50:33,29.91,56829,19,买盘
1805,13:50:36,29.89,35875,12,卖盘
1806,13:50:39,29.91,2991,1,买盘
1807,13:50:42,29.91,29910,10,买盘
1808,13:50:45,29.91,11964,4,买盘
1809,13:50:51,29.91,5982,2,买盘
1810,13:50:54,29.91,8973,3,买盘
1811,13:51:03,29.9,38871,13,卖盘
1812,13:51:06,29.9,11960,4,买盘
1813,13:51:24,29.9,5980,2,买盘
1814,13:51:30,29.9,8970,3,买盘
1815,13:51:33,29.89,59780,20,卖盘
1816,13:51:36,29.9,2990,1,买盘
1817,13:51:42,29.9,2990,1,买盘
1818,13:51:45,29.9,2990,1,买盘
1819,13:51:54,29.89,14948,5,卖盘
1820,13:51:57,29.89,53803,18,卖盘
1821,13:52:00,29.89,8969,3,卖盘
1822,13:52:03,29.9,2990,1,买盘
1823,13:52:06,29.89,5979,2,卖盘
1824,13:52:15,29.9,5979,2,买盘
1825,13:52:18,29.9,2990,1,买盘
1826,13:52:21,29.89,8968,3,卖盘
1827,13:52:27,29.89,266021,89,卖盘
1828,13:52:36,29.88,5976,2,卖盘
1829,13:52:39,29.88,29880,10,卖盘
1830,13:52:42,29.88,29880,10,卖盘
1831,13:52:48,29.88,5976,2,卖盘
1832,13:52:57,29.88,5976,2,卖盘
1833,13:53:00,29.88,2988,1,卖盘
1834,13:53:09,29.88,59760,20,卖盘
1835,13:53:15,29.89,2989,1,买盘
1836,13:53:24,29.89,8967,3,买盘
1837,13:53:39,29.88,5976,2,卖盘
1838,13:53:42,29.89,11956,4,买盘
1839,13:53:45,29.89,5978,2,买盘
1840,13:53:48,29.89,8967,3,买盘
1841,13:53:51,29.89,2989,1,买盘
1842,13:53:54,29.9,582901,195,买盘
1843,13:53:57,29.89,134513,45,卖盘
1844,13:54:06,29.91,8973,3,买盘
1845,13:54:09,29.91,2991,1,买盘
1846,13:54:24,29.89,35870,12,卖盘
1847,13:54:27,29.91,5982,2,买盘
1848,13:54:42,29.91,2991,1,买盘
1849,13:54:54,29.91,11964,4,买盘
1850,13:54:57,29.91,50847,17,买盘
1851,13:55:06,29.91,47856,16,买盘
1852,13:55:09,29.91,5982,2,买盘
1853,13:55:12,29.91,2991,1,买盘
1854,13:55:15,29.91,5982,2,买盘
1855,13:55:18,29.91,5982,2,买盘
1856,13:55:21,29.91,5982,2,买盘
1857,13:55:24,29.91,62811,21,买盘
1858,13:55:27,29.91,2991,1,买盘
1859,13:55:30,29.91,86739,29,买盘
1860,13:55:33,29.91,2991,1,买盘
1861,13:55:36,29.91,2991,1,买盘
1862,13:55:42,29.91,50847,17,买盘
1863,13:55:45,29.91,77777,26,买盘
1864,13:55:54,29.94,56863,19,买盘
1865,13:55:57,29.92,17952,6,买盘
1866,13:56:00,29.91,23930,8,卖盘
1867,13:56:03,29.91,23928,8,卖盘
1868,13:56:21,29.9,170437,57,卖盘
1869,13:56:24,29.91,5982,2,买盘
1870,13:56:30,29.92,44867,15,买盘
1871,13:56:39,29.91,2991,1,买盘
1872,13:56:51,29.92,56814,19,买盘
1873,13:56:57,29.92,11968,4,买盘
1874,13:57:03,29.92,5984,2,买盘
1875,13:57:06,29.92,5984,2,买盘
1876,13:57:15,29.91,5982,2,中性盘
1877,13:57:24,29.92,35902,12,买盘
1878,13:57:39,29.94,53860,18,买盘
1879,13:57:42,29.93,2993,1,买盘
1880,13:57:48,29.93,2993,1,买盘
1881,13:57:57,29.91,5982,2,卖盘
1882,13:58:03,29.91,8973,3,卖盘
1883,13:58:06,29.91,8972,3,买盘
1884,13:58:12,29.9,2990,1,卖盘
1885,13:58:30,29.91,38883,13,买盘
1886,13:58:33,29.91,62811,21,买盘
1887,13:58:36,29.91,2991,1,买盘
1888,13:58:42,29.91,11964,4,买盘
1889,13:58:45,29.91,2991,1,买盘
1890,13:58:48,29.9,5981,2,卖盘
1891,13:58:51,29.91,5982,2,买盘
1892,13:59:06,29.91,17946,6,买盘
1893,13:59:09,29.91,2991,1,买盘
1894,13:59:12,29.9,2990,1,卖盘
1895,13:59:15,29.9,50830,17,卖盘
1896,13:59:18,29.9,53820,18,卖盘
1897,13:59:21,29.91,59819,20,买盘
1898,13:59:24,29.9,2990,1,卖盘
1899,13:59:27,29.91,158521,53,买盘
1900,13:59:30,29.92,2992,1,中性盘
1901,13:59:33,29.92,5984,2,卖盘
1902,13:59:39,29.92,11968,4,卖盘
1903,13:59:48,29.92,8976,3,买盘
1904,13:59:51,29.92,5984,2,买盘
1905,13:59:57,29.92,11968,4,买盘
1906,14:00:00,29.91,44865,15,卖盘
1907,14:00:06,29.92,8976,3,买盘
1908,14:00:12,29.92,56848,19,买盘
1909,14:00:15,29.92,5984,2,卖盘
1910,14:00:42,29.91,71784,24,卖盘
1911,14:00:45,29.91,23928,8,卖盘
1912,14:00:48,29.91,92724,31,卖盘
1913,14:00:51,29.91,41874,14,卖盘
1914,14:00:54,29.91,8973,3,卖盘
1915,14:00:57,29.92,68804,23,买盘
1916,14:01:00,29.92,8976,3,买盘
1917,14:01:06,29.92,11968,4,买盘
1918,14:01:18,29.92,11966,4,买盘
1919,14:01:21,29.92,5984,2,买盘
1920,14:01:30,29.92,26928,9,买盘
1921,14:01:33,29.92,26928,9,买盘
1922,14:01:36,29.92,71794,24,买盘
1923,14:01:54,29.92,47871,16,买盘
1924,14:02:03,29.91,20937,7,卖盘
1925,14:02:21,29.91,14955,5,卖盘
1926,14:02:24,29.92,8976,3,买盘
1927,14:02:36,29.91,176484,59,卖盘
1928,14:02:39,29.91,2991,1,买盘
1929,14:02:42,29.91,14952,5,买盘
1930,14:02:45,29.91,2991,1,买盘
1931,14:03:15,29.91,5982,2,买盘
1932,14:03:21,29.91,44865,15,买盘
1933,14:03:24,29.91,20936,7,买盘
1934,14:03:39,29.91,5982,2,买盘
1935,14:03:42,29.9,50830,17,卖盘
1936,14:03:45,29.91,8973,3,买盘
1937,14:03:48,29.9,227240,76,卖盘
1938,14:03:51,29.9,8970,3,买盘
1939,14:04:00,29.9,5980,2,买盘
1940,14:04:03,29.89,20923,7,卖盘
1941,14:04:06,29.9,5980,2,买盘
1942,14:04:12,29.89,5978,2,卖盘
1943,14:04:33,29.9,5980,2,买盘
1944,14:04:45,29.89,14945,5,卖盘
1945,14:04:48,29.89,14945,5,卖盘
1946,14:04:54,29.89,11956,4,卖盘
1947,14:05:00,29.89,8967,3,卖盘
1948,14:05:03,29.88,17929,6,卖盘
1949,14:05:06,29.88,11953,4,卖盘
1950,14:05:09,29.89,8967,3,卖盘
1951,14:05:21,29.89,5978,2,卖盘
1952,14:05:24,29.88,35858,12,卖盘
1953,14:05:33,29.88,2988,1,卖盘
1954,14:05:36,29.88,8964,3,卖盘
1955,14:05:39,29.89,92629,31,买盘
1956,14:05:48,29.88,20916,7,卖盘
1957,14:05:54,29.89,340746,114,买盘
1958,14:05:57,29.89,2989,1,买盘
1959,14:06:00,29.89,11956,4,买盘
1960,14:06:03,29.89,2989,1,买盘
1961,14:06:06,29.88,125521,42,卖盘
1962,14:06:18,29.89,77714,26,买盘
1963,14:06:21,29.89,2989,1,买盘
1964,14:06:36,29.88,17928,6,卖盘
1965,14:06:42,29.89,2989,1,买盘
1966,14:06:54,29.89,8967,3,买盘
1967,14:07:06,29.88,50796,17,卖盘
1968,14:07:27,29.89,5978,2,买盘
1969,14:07:33,29.89,74725,25,买盘
1970,14:07:36,29.89,2989,1,买盘
1971,14:07:39,29.89,5978,2,买盘
1972,14:07:42,29.89,5978,2,买盘
1973,14:07:45,29.89,8967,3,买盘
1974,14:07:48,29.89,32879,11,买盘
1975,14:07:51,29.89,17934,6,买盘
1976,14:07:54,29.89,35868,12,卖盘
1977,14:08:18,29.9,2990,1,买盘
1978,14:08:24,29.9,2990,1,买盘
1979,14:08:27,29.89,14945,5,卖盘
1980,14:08:36,29.9,11959,4,买盘
1981,14:08:39,29.9,2990,1,买盘
1982,14:08:45,29.9,2990,1,买盘
1983,14:08:54,29.9,44850,15,买盘
1984,14:08:57,29.89,20925,7,卖盘
1985,14:09:03,29.9,8970,3,买盘
1986,14:09:06,29.9,44850,15,买盘
1987,14:09:09,29.89,53803,18,卖盘
1988,14:09:12,29.9,35880,12,买盘
1989,14:09:15,29.9,32881,11,买盘
1990,14:09:21,29.9,26910,9,买盘
1991,14:09:33,29.9,59800,20,买盘
1992,14:09:36,29.9,2990,1,买盘
1993,14:09:39,29.9,11960,4,买盘
1994,14:09:42,29.9,65780,22,买盘
1995,14:09:45,29.9,2990,1,卖盘
1996,14:09:51,29.91,2991,1,买盘
1997,14:10:00,29.91,44865,15,买盘
1998,14:10:03,29.91,2991,1,买盘
1999,14:10:09,29.9,17940,6,卖盘
2000,14:10:21,29.91,8973,3,买盘
2001,14:10:36,29.91,14955,5,买盘
2002,14:10:42,29.91,47856,16,买盘
2003,14:10:51,29.91,62811,21,买盘
2004,14:10:57,29.91,17946,6,买盘
2005,14:11:06,29.91,14953,5,买盘
2006,14:11:09,29.91,11964,4,买盘
2007,14:11:12,29.91,5982,2,买盘
2008,14:11:18,29.9,26914,9,卖盘
2009,14:11:21,29.91,38878,13,买盘
2010,14:11:24,29.91,65800,22,买盘
2011,14:11:27,29.91,2991,1,买盘
2012,14:11:30,29.89,364748,122,卖盘
2013,14:11:33,29.88,35856,12,卖盘
2014,14:11:36,29.88,5976,2,卖盘
2015,14:11:42,29.88,20916,7,卖盘
2016,14:11:51,29.86,8960,3,卖盘
2017,14:12:09,29.86,2986,1,卖盘
2018,14:12:12,29.86,20902,7,买盘
2019,14:12:24,29.86,8958,3,买盘
2020,14:12:30,29.86,23888,8,买盘
2021,14:12:36,29.86,2986,1,买盘
2022,14:12:39,29.86,2986,1,买盘
2023,14:12:42,29.85,220900,74,卖盘
2024,14:12:45,29.84,44773,15,卖盘
2025,14:12:48,29.85,238800,80,买盘
2026,14:12:51,29.85,59715,20,卖盘
2027,14:12:57,29.86,131384,44,买盘
2028,14:13:06,29.86,14930,5,卖盘
2029,14:13:33,29.86,35832,12,卖盘
2030,14:13:48,29.85,5970,2,卖盘
2031,14:13:51,29.86,62689,21,买盘
2032,14:13:57,29.86,2986,1,买盘
2033,14:14:06,29.86,5972,2,买盘
2034,14:14:12,29.86,2986,1,买盘
2035,14:14:33,29.86,17916,6,买盘
2036,14:14:51,29.85,44775,15,卖盘
2037,14:15:00,29.86,8958,3,买盘
2038,14:15:39,29.86,11944,4,买盘
2039,14:15:42,29.86,140348,47,买盘
2040,14:15:45,29.86,35832,12,卖盘
2041,14:16:00,29.86,5972,2,买盘
2042,14:16:03,29.86,17916,6,买盘
2043,14:16:06,29.86,38818,13,买盘
2044,14:16:09,29.87,20908,7,买盘
2045,14:16:12,29.87,8961,3,买盘
2046,14:16:21,29.86,53756,18,卖盘
2047,14:16:30,29.86,29860,10,卖盘
2048,14:16:33,29.87,11948,4,买盘
2049,14:16:36,29.86,8958,3,卖盘
2050,14:16:45,29.87,2987,1,买盘
2051,14:16:48,29.87,29870,10,买盘
2052,14:16:51,29.88,23898,8,买盘
2053,14:17:03,29.88,47797,16,买盘
2054,14:17:06,29.87,20915,7,中性盘
2055,14:17:09,29.88,32863,11,买盘
2056,14:17:21,29.88,2988,1,买盘
2057,14:17:33,29.88,5976,2,买盘
2058,14:17:36,29.88,5976,2,买盘
2059,14:17:39,29.88,2988,1,买盘
2060,14:17:42,29.87,65714,22,卖盘
2061,14:18:00,29.88,2988,1,买盘
2062,14:18:06,29.88,11952,4,买盘
2063,14:18:12,29.88,8964,3,买盘
2064,14:18:21,29.9,74717,25,买盘
2065,14:18:24,29.88,5978,2,卖盘
2066,14:18:30,29.88,2988,1,卖盘
2067,14:18:33,29.9,35876,12,买盘
2068,14:18:36,29.88,26894,9,买盘
2069,14:18:39,29.88,71750,24,卖盘
2070,14:18:51,29.88,5976,2,卖盘
2071,14:19:00,29.9,2990,1,买盘
2072,14:19:03,29.9,2990,1,买盘
2073,14:19:06,29.89,8967,3,买盘
2074,14:19:09,29.89,23912,8,买盘
2075,14:19:15,29.88,8964,3,卖盘
2076,14:19:18,29.88,2988,1,卖盘
2077,14:19:24,29.9,8970,3,买盘
2078,14:19:27,29.9,53820,18,买盘
2079,14:19:42,29.9,2990,1,买盘
2080,14:19:45,29.9,224244,75,买盘
2081,14:19:48,29.9,17940,6,卖盘
2082,14:19:51,29.9,59801,20,卖盘
2083,14:19:54,29.9,107640,36,卖盘
2084,14:20:09,29.9,26894,9,买盘
2085,14:20:12,29.88,83666,28,卖盘
2086,14:20:24,29.88,38844,13,买盘
2087,14:20:54,29.87,134415,45,卖盘
2088,14:21:06,29.88,8964,3,买盘
2089,14:21:12,29.87,2987,1,卖盘
2090,14:21:21,29.88,17928,6,买盘
2091,14:21:27,29.88,17927,6,买盘
2092,14:21:36,29.88,5976,2,买盘
2093,14:21:39,29.88,2988,1,买盘
2094,14:21:42,29.88,2988,1,买盘
2095,14:21:45,29.88,11952,4,买盘
2096,14:21:51,29.88,2988,1,买盘
2097,14:21:54,29.87,56753,19,卖盘
2098,14:22:03,29.87,5975,2,卖盘
2099,14:22:06,29.88,2988,1,买盘
2100,14:22:15,29.87,2987,1,卖盘
2101,14:22:24,29.87,53766,18,卖盘
2102,14:22:27,29.87,8962,3,卖盘
2103,14:22:33,29.87,11950,4,卖盘
2104,14:22:36,29.87,5974,2,卖盘
2105,14:22:39,29.87,2987,1,卖盘
2106,14:22:42,29.87,2987,1,卖盘
2107,14:22:48,29.87,23896,8,卖盘
2108,14:22:51,29.87,2987,1,卖盘
2109,14:22:54,29.87,2987,1,卖盘
2110,14:22:57,29.87,2987,1,卖盘
2111,14:23:03,29.87,32857,11,卖盘
2112,14:23:06,29.87,2987,1,卖盘
2113,14:23:09,29.87,110546,37,卖盘
2114,14:23:12,29.88,11952,4,买盘
2115,14:23:18,29.87,20909,7,卖盘
2116,14:23:21,29.87,26883,9,卖盘
2117,14:23:24,29.87,2987,1,卖盘
2118,14:23:27,29.87,2987,1,卖盘
2119,14:23:30,29.87,5974,2,卖盘
2120,14:23:33,29.87,35845,12,卖盘
2121,14:23:36,29.87,17922,6,卖盘
2122,14:23:39,29.87,17922,6,卖盘
2123,14:23:42,29.87,23896,8,卖盘
2124,14:23:45,29.87,2987,1,卖盘
2125,14:23:51,29.87,11948,4,卖盘
2126,14:23:54,29.87,41816,14,卖盘
2127,14:24:00,29.87,2987,1,买盘
2128,14:24:03,29.86,534488,179,卖盘
2129,14:24:06,29.85,11939,4,中性盘
2130,14:24:09,29.83,11935,4,卖盘
2131,14:24:15,29.83,14923,5,卖盘
2132,14:24:18,29.83,2983,1,卖盘
2133,14:24:30,29.83,2983,1,卖盘
2134,14:24:33,29.82,41763,14,卖盘
2135,14:24:39,29.82,26838,9,卖盘
2136,14:24:45,29.84,5968,2,买盘
2137,14:24:48,29.84,5968,2,买盘
2138,14:24:51,29.82,86486,29,卖盘
2139,14:24:54,29.85,68636,23,买盘
2140,14:24:57,29.82,80523,27,卖盘
2141,14:25:00,29.84,38792,13,买盘
2142,14:25:03,29.84,59680,20,卖盘
2143,14:25:06,29.85,8955,3,买盘
2144,14:25:09,29.84,20888,7,卖盘
2145,14:25:12,29.85,14925,5,买盘
2146,14:25:15,29.84,23872,8,卖盘
2147,14:25:33,29.83,8949,3,卖盘
2148,14:25:39,29.84,71616,24,买盘
2149,14:25:42,29.84,2984,1,买盘
2150,14:25:45,29.84,2984,1,买盘
2151,14:25:48,29.84,26856,9,买盘
2152,14:25:51,29.83,56678,19,卖盘
2153,14:25:54,29.84,2984,1,买盘
2154,14:26:03,29.86,376031,126,买盘
2155,14:26:06,29.86,50761,17,买盘
2156,14:26:12,29.86,23888,8,买盘
2157,14:26:15,29.86,2986,1,买盘
2158,14:26:18,29.86,8958,3,买盘
2159,14:26:27,29.85,20895,7,卖盘
2160,14:26:30,29.86,20897,7,买盘
2161,14:26:36,29.86,2986,1,买盘
2162,14:26:42,29.86,2986,1,买盘
2163,14:26:45,29.86,17916,6,买盘
2164,14:26:54,29.86,41804,14,买盘
2165,14:26:57,29.84,68643,23,卖盘
2166,14:27:03,29.84,11942,4,卖盘
2167,14:27:06,29.85,35820,12,买盘
2168,14:27:09,29.85,14925,5,买盘
2169,14:27:12,29.85,101498,34,买盘
2170,14:27:15,29.86,11942,4,买盘
2171,14:27:18,29.87,11948,4,买盘
2172,14:27:21,29.87,8961,3,买盘
2173,14:27:24,29.87,11948,4,买盘
2174,14:27:27,29.86,44800,15,卖盘
2175,14:27:30,29.88,8962,3,买盘
2176,14:27:42,29.88,5976,2,买盘
2177,14:27:48,29.88,2988,1,买盘
2178,14:27:54,29.88,5976,2,买盘
2179,14:28:06,29.88,8964,3,买盘
2180,14:28:09,29.87,8961,3,卖盘
2181,14:28:12,29.88,20916,7,买盘
2182,14:28:15,29.87,65717,22,卖盘
2183,14:28:24,29.88,2988,1,买盘
2184,14:28:27,29.87,5974,2,卖盘
2185,14:28:30,29.88,98598,33,买盘
2186,14:28:33,29.88,2988,1,中性盘
2187,14:28:39,29.86,2986,1,卖盘
2188,14:29:00,29.88,2988,1,买盘
2189,14:29:06,29.88,8964,3,买盘
2190,14:29:09,29.86,20902,7,卖盘
2191,14:29:15,29.87,14935,5,买盘
2192,14:29:18,29.86,14935,5,卖盘
2193,14:29:21,29.86,2986,1,卖盘
2194,14:29:24,29.87,14935,5,买盘
2195,14:29:27,29.87,8961,3,买盘
2196,14:29:30,29.87,8961,3,买盘
2197,14:29:33,29.87,14935,5,买盘
2198,14:29:36,29.87,2987,1,买盘
2199,14:29:39,29.87,26883,9,买盘
2200,14:29:42,29.88,17925,6,买盘
2201,14:29:45,29.88,26891,9,买盘
2202,14:29:48,29.88,20914,7,买盘
2203,14:29:51,29.88,5976,2,买盘
2204,14:29:57,29.87,2987,1,卖盘
2205,14:30:03,29.88,59760,20,买盘
2206,14:30:06,29.88,14940,5,买盘
2207,14:30:12,29.88,5976,2,买盘
2208,14:30:15,29.88,17928,6,买盘
2209,14:30:21,29.88,14938,5,买盘
2210,14:30:24,29.88,32868,11,买盘
2211,14:30:27,29.88,5976,2,卖盘
2212,14:30:30,29.89,2989,1,买盘
2213,14:30:33,29.89,77714,26,买盘
2214,14:30:54,29.89,11956,4,买盘
2215,14:30:57,29.88,98635,33,卖盘
2216,14:31:06,29.89,8967,3,买盘
2217,14:31:12,29.88,8965,3,卖盘
2218,14:31:24,29.88,2988,1,卖盘
2219,14:31:33,29.89,8967,3,买盘
2220,14:31:36,29.88,56788,19,卖盘
2221,14:31:39,29.89,23912,8,买盘
2222,14:32:03,29.88,5977,2,卖盘
2223,14:32:06,29.89,8967,3,买盘
2224,14:32:12,29.89,23912,8,买盘
2225,14:32:15,29.89,8967,3,买盘
2226,14:32:24,29.89,2989,1,买盘
2227,14:32:30,29.89,5978,2,买盘
2228,14:32:36,29.89,83692,28,买盘
2229,14:32:45,29.89,8967,3,买盘
2230,14:32:48,29.89,11956,4,买盘
2231,14:32:54,29.89,29890,10,买盘
2232,14:33:03,29.88,47808,16,卖盘
2233,14:33:12,29.88,8964,3,买盘
2234,14:33:24,29.88,20916,7,买盘
2235,14:33:36,29.87,32857,11,卖盘
2236,14:33:39,29.87,14935,5,卖盘
2237,14:33:42,29.88,5976,2,买盘
2238,14:33:45,29.88,14940,5,买盘
2239,14:33:51,29.88,5976,2,买盘
2240,14:33:54,29.88,8964,3,买盘
2241,14:33:57,29.88,5976,2,买盘
2242,14:34:03,29.87,26883,9,卖盘
2243,14:34:06,29.87,29873,10,卖盘
2244,14:34:12,29.87,14935,5,卖盘
2245,14:34:15,29.88,29880,10,买盘
2246,14:34:18,29.86,62718,21,卖盘
2247,14:34:24,29.87,5974,2,买盘
2248,14:34:30,29.86,53748,18,卖盘
2249,14:34:33,29.87,2987,1,买盘
2250,14:34:39,29.86,5972,2,卖盘
2251,14:34:45,29.86,11944,4,卖盘
2252,14:34:54,29.86,17916,6,卖盘
2253,14:35:03,29.86,47779,16,卖盘
2254,14:35:06,29.87,41803,14,买盘
2255,14:35:12,29.87,8961,3,买盘
2256,14:35:15,29.87,8961,3,买盘
2257,14:35:21,29.87,8961,3,买盘
2258,14:35:24,29.87,14935,5,买盘
2259,14:35:27,29.85,20902,7,卖盘
2260,14:35:30,29.87,5974,2,买盘
2261,14:35:33,29.87,62687,21,买盘
2262,14:35:39,29.86,8958,3,中性盘
2263,14:35:42,29.85,56715,19,卖盘
2264,14:35:45,29.86,56711,19,买盘
2265,14:35:51,29.84,56696,19,卖盘
2266,14:35:54,29.84,5968,2,卖盘
2267,14:36:06,29.84,2984,1,卖盘
2268,14:36:09,29.83,59671,20,卖盘
2269,14:36:12,29.84,5968,2,中性盘
2270,14:36:15,29.83,11935,4,卖盘
2271,14:36:18,29.86,35832,12,买盘
2272,14:36:24,29.83,41762,14,卖盘
2273,14:36:27,29.83,8949,3,卖盘
2274,14:36:39,29.83,2983,1,卖盘
2275,14:36:42,29.83,17898,6,卖盘
2276,14:36:45,29.82,68604,23,卖盘
2277,14:36:54,29.82,8946,3,卖盘
2278,14:36:57,29.82,8946,3,卖盘
2279,14:37:00,29.82,2982,1,卖盘
2280,14:37:03,29.82,29821,10,卖盘
2281,14:37:06,29.81,17892,6,卖盘
2282,14:37:09,29.84,26837,9,买盘
2283,14:37:15,29.84,92450,31,买盘
2284,14:37:18,29.81,8943,3,卖盘
2285,14:37:21,29.81,2981,1,卖盘
2286,14:37:27,29.8,23846,8,卖盘
2287,14:37:42,29.81,59620,20,中性盘
2288,14:37:54,29.83,17889,6,买盘
2289,14:38:00,29.8,26824,9,卖盘
2290,14:38:03,29.81,8943,3,中性盘
2291,14:38:06,29.82,11926,4,买盘
2292,14:38:09,29.81,2981,1,中性盘
2293,14:38:12,29.81,68569,23,卖盘
2294,14:38:15,29.81,50677,17,买盘
2295,14:38:18,29.8,128156,43,卖盘
2296,14:38:21,29.82,5964,2,买盘
2297,14:38:24,29.8,53645,18,卖盘
2298,14:38:27,29.81,5961,2,买盘
2299,14:38:30,29.8,89401,30,卖盘
2300,14:38:39,29.8,17880,6,卖盘
2301,14:38:45,29.81,23844,8,买盘
2302,14:38:51,29.8,20860,7,卖盘
2303,14:38:54,29.79,5958,2,卖盘
2304,14:39:03,29.79,20853,7,卖盘
2305,14:39:06,29.8,35753,12,买盘
2306,14:39:09,29.8,8940,3,买盘
2307,14:39:12,29.79,26811,9,卖盘
2308,14:39:15,29.8,5960,2,买盘
2309,14:39:18,29.79,14895,5,卖盘
2310,14:39:21,29.8,8940,3,买盘
2311,14:39:24,29.8,98310,33,买盘
2312,14:39:27,29.78,32760,11,卖盘
2313,14:39:33,29.79,2979,1,买盘
2314,14:39:36,29.78,11912,4,卖盘
2315,14:39:39,29.78,5956,2,卖盘
2316,14:39:51,29.78,23824,8,卖盘
2317,14:39:54,29.79,26805,9,买盘
2318,14:40:00,29.78,5956,2,卖盘
2319,14:40:03,29.78,17870,6,卖盘
2320,14:40:09,29.78,41693,14,卖盘
2321,14:40:12,29.77,17866,6,卖盘
2322,14:40:15,29.77,23819,8,卖盘
2323,14:40:18,29.79,74475,25,买盘
2324,14:40:21,29.79,44685,15,买盘
2325,14:40:24,29.77,74436,25,卖盘
2326,14:40:27,29.79,74435,25,买盘
2327,14:40:30,29.79,2979,1,买盘
2328,14:40:33,29.79,11916,4,买盘
2329,14:40:36,29.77,5956,2,中性盘
2330,14:40:39,29.76,5955,2,卖盘
2331,14:40:42,29.79,5958,2,买盘
2332,14:40:45,29.79,297906,100,买盘
2333,14:40:48,29.8,68521,23,买盘
2334,14:40:54,29.8,2980,1,买盘
2335,14:40:57,29.8,5960,2,买盘
2336,14:41:06,29.8,2980,1,买盘
2337,14:41:21,29.8,2980,1,买盘
2338,14:41:27,29.79,2979,1,卖盘
2339,14:41:30,29.8,20860,7,买盘
2340,14:41:33,29.8,8940,3,买盘
2341,14:41:36,29.8,8940,3,买盘
2342,14:41:39,29.79,5959,2,卖盘
2343,14:41:45,29.8,11920,4,买盘
2344,14:41:57,29.8,303966,102,买盘
2345,14:42:00,29.81,53658,18,买盘
2346,14:42:03,29.81,71544,24,买盘
2347,14:42:06,29.81,5962,2,买盘
2348,14:42:09,29.81,32791,11,买盘
2349,14:42:12,29.81,32792,11,买盘
2350,14:42:15,29.81,23855,8,卖盘
2351,14:42:18,29.82,5964,2,买盘
2352,14:42:21,29.82,29820,10,买盘
2353,14:42:24,29.82,5965,2,卖盘
2354,14:42:27,29.83,8949,3,买盘
2355,14:42:30,29.83,5966,2,买盘
2356,14:42:36,29.82,23857,8,卖盘
2357,14:42:39,29.83,2983,1,买盘
2358,14:42:42,29.83,5966,2,买盘
2359,14:42:57,29.83,104417,35,买盘
2360,14:43:00,29.83,56713,19,卖盘
2361,14:43:03,29.85,5970,2,买盘
2362,14:43:06,29.85,5969,2,买盘
2363,14:43:09,29.84,2984,1,买盘
2364,14:43:12,29.84,14923,5,卖盘
2365,14:43:15,29.85,38800,13,买盘
2366,14:43:21,29.85,2985,1,买盘
2367,14:43:39,29.85,65666,22,买盘
2368,14:43:48,29.85,74625,25,买盘
2369,14:43:51,29.85,14925,5,买盘
2370,14:44:06,29.84,8952,3,买盘
2371,14:44:15,29.84,2984,1,买盘
2372,14:44:18,29.83,187961,63,卖盘
2373,14:44:21,29.84,2984,1,买盘
2374,14:44:27,29.83,14915,5,卖盘
2375,14:44:33,29.83,2983,1,卖盘
2376,14:44:36,29.84,47730,16,买盘
2377,14:44:39,29.84,11933,4,买盘
2378,14:44:45,29.83,20881,7,卖盘
2379,14:44:48,29.83,11932,4,卖盘
2380,14:44:51,29.82,11930,4,卖盘
2381,14:45:06,29.82,5964,2,卖盘
2382,14:45:21,29.83,11932,4,买盘
2383,14:45:24,29.83,8949,3,买盘
2384,14:45:27,29.82,14910,5,卖盘
2385,14:45:36,29.82,104370,35,卖盘
2386,14:45:51,29.81,17886,6,卖盘
2387,14:45:54,29.81,11924,4,卖盘
2388,14:46:00,29.81,2981,1,卖盘
2389,14:46:03,29.82,5964,2,买盘
2390,14:46:06,29.82,11928,4,买盘
2391,14:46:09,29.82,298197,100,买盘
2392,14:46:15,29.83,17898,6,买盘
2393,14:46:30,29.83,14915,5,买盘
2394,14:46:33,29.83,29830,10,买盘
2395,14:46:36,29.82,158096,53,卖盘
2396,14:46:39,29.83,134235,45,买盘
2397,14:46:42,29.83,47728,16,卖盘
2398,14:46:54,29.84,26856,9,买盘
2399,14:47:06,29.84,17904,6,买盘
2400,14:47:15,29.84,5968,2,买盘
2401,14:47:24,29.84,56696,19,买盘
2402,14:47:27,29.84,2984,1,买盘
2403,14:47:30,29.84,17904,6,买盘
2404,14:47:33,29.83,14915,5,卖盘
2405,14:47:36,29.84,50726,17,买盘
2406,14:47:39,29.83,35803,12,卖盘
2407,14:47:45,29.83,2983,1,卖盘
2408,14:47:48,29.83,5966,2,卖盘
2409,14:47:54,29.83,11932,4,买盘
2410,14:48:06,29.83,8949,3,买盘
2411,14:48:09,29.83,5966,2,买盘
2412,14:48:15,29.83,2983,1,买盘
2413,14:48:18,29.83,92473,31,买盘
2414,14:48:21,29.84,89521,30,买盘
2415,14:48:24,29.83,89494,30,卖盘
2416,14:48:27,29.84,14920,5,中性盘
2417,14:48:30,29.84,2984,1,买盘
2418,14:48:51,29.84,2984,1,买盘
2419,14:48:57,29.84,11936,4,买盘
2420,14:49:03,29.84,5968,2,买盘
2421,14:49:06,29.84,23870,8,买盘
2422,14:49:09,29.84,2984,1,买盘
2423,14:49:12,29.84,8952,3,买盘
2424,14:49:15,29.84,2984,1,买盘
2425,14:49:18,29.84,41776,14,买盘
2426,14:49:21,29.85,92535,31,买盘
2427,14:49:27,29.85,107460,36,买盘
2428,14:49:33,29.85,5971,2,卖盘
2429,14:49:36,29.86,5972,2,买盘
2430,14:49:45,29.85,5970,2,卖盘
2431,14:49:51,29.85,20897,7,卖盘
2432,14:50:00,29.86,5972,2,买盘
2433,14:50:03,29.85,143315,48,卖盘
2434,14:50:06,29.86,83593,28,买盘
2435,14:50:12,29.85,2985,1,卖盘
2436,14:50:15,29.85,38805,13,卖盘
2437,14:50:18,29.86,8958,3,买盘
2438,14:50:21,29.86,98538,33,买盘
2439,14:50:24,29.86,5971,2,买盘
2440,14:50:30,29.86,2986,1,买盘
2441,14:50:39,29.85,8955,3,卖盘
2442,14:50:42,29.86,2986,1,买盘
2443,14:50:48,29.85,2985,1,卖盘
2444,14:51:00,29.86,32846,11,买盘
2445,14:51:06,29.85,98533,33,卖盘
2446,14:51:15,29.85,17911,6,卖盘
2447,14:51:18,29.86,11941,4,买盘
2448,14:51:21,29.86,47766,16,买盘
2449,14:51:24,29.86,47776,16,买盘
2450,14:51:27,29.85,44775,15,卖盘
2451,14:51:36,29.85,113393,38,中性盘
2452,14:51:39,29.86,11941,4,买盘
2453,14:51:42,29.86,11941,4,买盘
2454,14:51:45,29.85,20895,7,卖盘
2455,14:51:48,29.85,2985,1,买盘
2456,14:51:51,29.84,50728,17,卖盘
2457,14:51:54,29.85,14925,5,买盘
2458,14:51:57,29.85,38805,13,买盘
2459,14:52:03,29.85,41790,14,买盘
2460,14:52:06,29.85,56715,19,买盘
2461,14:52:09,29.85,11940,4,卖盘
2462,14:52:12,29.85,2985,1,买盘
2463,14:52:18,29.84,17904,6,卖盘
2464,14:52:21,29.85,35820,12,买盘
2465,14:52:24,29.85,2985,1,买盘
2466,14:52:33,29.85,2985,1,买盘
2467,14:52:45,29.84,8952,3,卖盘
2468,14:52:54,29.85,77610,26,买盘
2469,14:52:57,29.84,2984,1,卖盘
2470,14:53:00,29.85,41787,14,买盘
2471,14:53:03,29.85,155220,52,买盘
2472,14:53:06,29.85,44777,15,卖盘
2473,14:53:12,29.86,14928,5,买盘
2474,14:53:15,29.85,29853,10,卖盘
2475,14:53:21,29.85,44780,15,卖盘
2476,14:53:24,29.86,2986,1,买盘
2477,14:53:27,29.86,23888,8,买盘
2478,14:53:33,29.86,53746,18,买盘
2479,14:53:36,29.85,98530,33,卖盘
2480,14:53:45,29.86,14928,5,买盘
2481,14:53:48,29.86,2986,1,买盘
2482,14:53:51,29.86,5972,2,买盘
2483,14:54:00,29.84,265661,89,卖盘
2484,14:54:06,29.85,8954,3,买盘
2485,14:54:09,29.85,2985,1,买盘
2486,14:54:12,29.84,11939,4,卖盘
2487,14:54:15,29.85,11940,4,买盘
2488,14:54:18,29.84,101472,34,卖盘
2489,14:54:21,29.85,17910,6,买盘
2490,14:54:24,29.85,5970,2,买盘
2491,14:54:33,29.85,20895,7,买盘
2492,14:54:39,29.85,5970,2,买盘
2493,14:54:42,29.85,5970,2,买盘
2494,14:54:45,29.85,20895,7,买盘
2495,14:54:48,29.84,47756,16,卖盘
2496,14:54:51,29.85,5970,2,买盘
2497,14:54:54,29.85,68643,23,买盘
2498,14:55:00,29.86,101520,34,买盘
2499,14:55:03,29.85,200084,67,卖盘
2500,14:55:06,29.88,32857,11,买盘
2501,14:55:09,29.87,23893,8,中性盘
2502,14:55:15,29.87,2987,1,买盘
2503,14:55:18,29.87,23896,8,买盘
2504,14:55:21,29.87,23895,8,买盘
2505,14:55:24,29.85,74653,25,卖盘
2506,14:55:27,29.85,170181,57,卖盘
2507,14:55:30,29.85,23878,8,卖盘
2508,14:55:33,29.85,41787,14,买盘
2509,14:55:36,29.85,32835,11,中性盘
2510,14:55:39,29.84,32824,11,卖盘
2511,14:55:42,29.84,14928,5,卖盘
2512,14:55:45,29.84,2984,1,卖盘
2513,14:55:48,29.85,68635,23,买盘
2514,14:55:54,29.85,20889,7,买盘
2515,14:55:57,29.85,2985,1,买盘
2516,14:56:00,29.84,2984,1,卖盘
2517,14:56:03,29.84,164128,55,卖盘
2518,14:56:06,29.85,47746,16,买盘
2519,14:56:09,29.84,101458,34,卖盘
2520,14:56:12,29.83,29824,10,买盘
2521,14:56:15,29.82,38775,13,卖盘
2522,14:56:18,29.82,2982,1,卖盘
2523,14:56:21,29.8,47705,16,卖盘
2524,14:56:24,29.83,8949,3,买盘
2525,14:56:27,29.81,5962,2,卖盘
2526,14:56:30,29.81,8945,3,卖盘
2527,14:56:33,29.81,29818,10,卖盘
2528,14:56:39,29.8,20862,7,卖盘
2529,14:56:42,29.81,155012,52,买盘
2530,14:56:45,29.81,2981,1,卖盘
2531,14:56:54,29.81,23848,8,卖盘
2532,14:56:57,29.83,2983,1,买盘
2533,15:00:03,29.81,766117,257,买盘
