,成交时间,成交价格,成交金额,成交量,性质
0,09:25:02,27.46,6999554,2549,卖盘
1,09:30:02,27.46,1015794,370,买盘
2,09:30:05,27.4,1816286,662,卖盘
3,09:30:08,27.48,4140929,1508,买盘
4,09:30:11,27.46,2599535,946,卖盘
5,09:30:14,27.44,2894882,1054,卖盘
6,09:30:17,27.51,2444862,889,买盘
7,09:30:20,27.45,1908256,694,卖盘
8,09:30:23,27.48,4298431,1566,买盘
9,09:30:26,27.52,3647920,1326,买盘
10,09:30:29,27.57,3023375,1097,买盘
11,09:30:32,27.61,1907612,690,买盘
12,09:30:35,27.62,1788842,647,中性盘
13,09:30:38,27.75,1252376,452,买盘
14,09:30:41,27.75,1744927,629,买盘
15,09:30:44,27.76,758464,273,中性盘
16,09:30:47,27.78,714278,257,买盘
17,09:30:50,27.78,1275052,458,卖盘
18,09:30:53,27.89,623299,224,买盘
19,09:30:56,27.88,1820404,654,卖盘
20,09:30:59,27.88,1547353,555,买盘
21,09:31:02,27.83,1557120,559,中性盘
22,09:31:05,27.83,3260231,1170,卖盘
23,09:31:08,27.79,650733,234,卖盘
24,09:31:11,27.78,694849,250,中性盘
25,09:31:14,27.78,522142,188,卖盘
26,09:31:17,27.75,1382642,498,卖盘
27,09:31:20,27.73,1434140,517,卖盘
28,09:31:23,27.71,407276,147,卖盘
29,09:31:26,27.69,938134,339,卖盘
30,09:31:29,27.64,96625,35,买盘
31,09:31:32,27.6,160065,58,卖盘
32,09:31:35,27.5,877010,318,卖盘
33,09:31:38,27.49,404214,147,卖盘
34,09:31:41,27.56,360500,131,中性盘
35,09:31:44,27.48,1075331,391,卖盘
36,09:31:47,27.48,544082,198,买盘
37,09:31:50,27.47,524818,191,卖盘
38,09:31:53,27.49,604520,220,买盘
39,09:31:56,27.47,1019563,371,卖盘
40,09:31:59,27.48,390161,142,中性盘
41,09:32:02,27.48,488988,178,买盘
42,09:32:05,27.47,184067,67,卖盘
43,09:32:08,27.47,1087594,396,买盘
44,09:32:11,27.48,1134636,413,买盘
45,09:32:14,27.46,494472,180,卖盘
46,09:32:17,27.46,260834,95,买盘
47,09:32:20,27.5,2633126,958,买盘
48,09:32:23,27.56,267115,97,中性盘
49,09:32:26,27.5,399298,145,卖盘
50,09:32:29,27.52,508675,185,中性盘
51,09:32:32,27.46,585596,213,卖盘
52,09:32:35,27.4,918613,335,卖盘
53,09:32:38,27.37,342714,125,卖盘
54,09:32:41,27.45,761436,278,买盘
55,09:32:44,27.34,117718,43,中性盘
56,09:32:47,27.37,289994,106,买盘
57,09:32:50,27.37,210722,77,卖盘
58,09:32:53,27.37,180624,66,买盘
59,09:32:56,27.36,369671,135,买盘
60,09:32:59,27.45,877201,320,买盘
61,09:33:02,27.44,455600,166,中性盘
62,09:33:05,27.45,214119,78,买盘
63,09:33:08,27.45,381438,139,卖盘
64,09:33:11,27.55,2354374,857,买盘
65,09:33:14,27.66,1158944,420,买盘
66,09:33:17,27.67,121624,44,买盘
67,09:33:20,27.67,2092982,757,卖盘
68,09:33:23,27.65,2075081,751,卖盘
69,09:33:26,27.64,436274,158,中性盘
70,09:33:29,27.56,395131,143,中性盘
71,09:33:32,27.56,1047719,379,卖盘
72,09:33:35,27.59,1171533,424,中性盘
73,09:33:38,27.58,637925,231,卖盘
74,09:33:41,27.59,275929,100,中性盘
75,09:33:44,27.59,378003,137,买盘
76,09:33:47,27.58,242645,88,买盘
77,09:33:50,27.56,363895,132,卖盘
78,09:33:53,27.59,780318,283,买盘
79,09:33:56,27.6,336764,122,买盘
80,09:33:59,27.59,209690,76,卖盘
81,09:34:02,27.6,1360271,493,买盘
82,09:34:05,27.58,463483,168,卖盘
83,09:34:08,27.57,82735,30,卖盘
84,09:34:11,27.58,407993,148,买盘
85,09:34:14,27.56,198421,72,卖盘
86,09:34:17,27.55,159803,58,卖盘
87,09:34:20,27.54,203857,74,卖盘
88,09:34:23,27.53,1499689,544,卖盘
89,09:34:26,27.51,88083,32,卖盘
90,09:34:29,27.5,368601,134,卖盘
91,09:34:32,27.52,206433,75,中性盘
92,09:34:35,27.52,112816,41,买盘
93,09:34:38,27.46,650923,237,卖盘
94,09:34:41,27.49,205971,75,买盘
95,09:34:44,27.45,639692,233,卖盘
96,09:34:47,27.44,351424,128,卖盘
97,09:34:50,27.43,161892,59,卖盘
98,09:34:53,27.43,123441,45,卖盘
99,09:34:56,27.42,159456,58,卖盘
100,09:34:59,27.42,128872,47,买盘
101,09:35:02,27.42,803244,293,买盘
102,09:35:05,27.4,375489,137,卖盘
103,09:35:08,27.4,232890,85,卖盘
104,09:35:11,27.37,175228,64,卖盘
105,09:35:14,27.38,301269,110,卖盘
106,09:35:17,27.38,120472,44,卖盘
107,09:35:20,27.36,336279,123,卖盘
108,09:35:23,27.35,1017575,372,卖盘
109,09:35:26,27.34,57429,21,卖盘
110,09:35:29,27.34,527748,193,卖盘
111,09:35:32,27.33,915883,335,卖盘
112,09:35:35,27.32,732472,268,卖盘
113,09:35:38,27.34,1060319,388,买盘
114,09:35:41,27.32,453405,166,买盘
115,09:35:44,27.32,619926,227,买盘
116,09:35:47,27.31,870947,319,中性盘
117,09:35:50,27.28,854494,313,卖盘
118,09:35:53,27.3,152714,56,买盘
119,09:35:56,27.35,2117065,775,买盘
120,09:35:59,27.39,1070485,391,买盘
121,09:36:02,27.5,1838407,670,买盘
122,09:36:05,27.4,2558506,931,卖盘
123,09:36:08,27.4,197380,72,卖盘
124,09:36:11,27.37,188983,69,卖盘
125,09:36:14,27.37,156131,57,卖盘
126,09:36:17,27.4,169824,62,买盘
127,09:36:20,27.36,101239,37,卖盘
128,09:36:23,27.38,572153,209,买盘
129,09:36:26,27.37,208076,76,卖盘
130,09:36:29,27.37,98557,36,卖盘
131,09:36:32,27.38,317635,116,买盘
132,09:36:35,27.37,317497,116,卖盘
133,09:36:38,27.38,87616,32,卖盘
134,09:36:41,27.3,358327,131,卖盘
135,09:36:44,27.3,325205,119,卖盘
136,09:36:47,27.29,221142,81,卖盘
137,09:36:50,27.3,65556,24,中性盘
138,09:36:53,27.29,68230,25,卖盘
139,09:36:56,27.28,87316,32,卖盘
140,09:36:59,27.29,302799,111,买盘
141,09:37:02,27.35,795284,291,买盘
142,09:37:05,27.36,185884,68,中性盘
143,09:37:11,27.32,338667,124,买盘
144,09:37:14,27.28,477324,175,卖盘
145,09:37:17,27.29,442063,162,买盘
146,09:37:20,27.29,104022,38,买盘
147,09:37:23,27.28,100936,37,卖盘
148,09:37:26,27.26,198774,73,卖盘
149,09:37:29,27.26,81781,30,卖盘
150,09:37:32,27.25,1128229,414,卖盘
151,09:37:35,27.25,668096,245,买盘
152,09:37:38,27.24,604074,222,卖盘
153,09:37:41,27.24,174260,64,买盘
154,09:37:44,27.23,84387,31,买盘
155,09:37:47,27.21,244898,90,卖盘
156,09:37:50,27.23,340120,125,中性盘
157,09:37:53,27.21,307515,113,买盘
158,09:37:56,27.22,1100315,404,买盘
159,09:37:59,27.22,100701,37,卖盘
160,09:38:02,27.28,754673,277,买盘
161,09:38:05,27.22,351153,129,卖盘
162,09:38:08,27.22,201502,74,中性盘
163,09:38:11,27.28,815990,299,买盘
164,09:38:14,27.33,245609,90,买盘
165,09:38:17,27.3,76400,28,中性盘
166,09:38:20,27.38,353079,129,买盘
167,09:38:23,27.39,246583,90,买盘
168,09:38:26,27.39,82171,30,卖盘
169,09:38:29,27.39,134211,49,卖盘
170,09:38:32,27.4,41094,15,买盘
171,09:38:35,27.41,612053,223,买盘
172,09:38:38,27.41,32892,12,卖盘
173,09:38:41,27.41,373759,136,卖盘
174,09:38:44,27.5,46737,17,买盘
175,09:38:47,27.5,247337,90,买盘
176,09:38:50,27.5,96169,35,买盘
177,09:38:53,27.5,365731,133,买盘
178,09:38:56,27.43,32972,12,卖盘
179,09:38:59,27.47,540945,197,买盘
180,09:39:02,27.44,145492,53,卖盘
181,09:39:05,27.48,194987,71,买盘
182,09:39:08,27.47,577155,210,卖盘
183,09:39:11,27.46,461501,168,卖盘
184,09:39:14,27.45,315625,115,卖盘
185,09:39:17,27.46,1181574,430,买盘
186,09:39:20,27.5,756036,275,买盘
187,09:39:23,27.5,110026,40,卖盘
188,09:39:26,27.48,96231,35,卖盘
189,09:39:29,27.5,88000,32,买盘
190,09:39:32,27.48,280465,102,卖盘
191,09:39:35,27.51,417568,152,买盘
192,09:39:38,27.45,153774,56,卖盘
193,09:39:41,27.5,98988,36,买盘
194,09:39:44,27.47,115443,42,卖盘
195,09:39:50,27.46,450785,164,卖盘
196,09:39:53,27.42,268778,98,卖盘
197,09:39:56,27.43,139905,51,买盘
198,09:39:59,27.43,82314,30,买盘
199,09:40:02,27.46,625096,228,买盘
200,09:40:05,27.44,3093948,1127,买盘
201,09:40:08,27.45,304396,111,中性盘
202,09:40:11,27.45,27445,10,买盘
203,09:40:14,27.42,90561,33,卖盘
204,09:40:17,27.42,293497,107,卖盘
205,09:40:20,27.37,334314,122,卖盘
206,09:40:23,27.37,54761,20,卖盘
207,09:40:26,27.33,71089,26,卖盘
208,09:40:29,27.33,54652,20,卖盘
209,09:40:32,27.33,84699,31,卖盘
210,09:40:35,27.33,111990,41,买盘
211,09:40:38,27.3,101010,37,卖盘
212,09:40:41,27.3,81880,30,买盘
213,09:40:44,27.27,174538,64,卖盘
214,09:40:47,27.29,73670,27,中性盘
215,09:40:50,27.28,57299,21,卖盘
216,09:40:53,27.28,62764,23,卖盘
217,09:40:56,27.28,35468,13,卖盘
218,09:40:59,27.27,54557,20,卖盘
219,09:41:02,27.3,267389,98,买盘
220,09:41:05,27.27,57271,21,卖盘
221,09:41:08,27.27,111804,41,买盘
222,09:41:11,27.27,35456,13,卖盘
223,09:41:14,27.29,21832,8,买盘
224,09:41:17,27.28,450141,165,卖盘
225,09:41:20,27.28,373707,137,卖盘
226,09:41:23,27.28,310985,114,买盘
227,09:41:26,27.27,815251,299,卖盘
228,09:41:29,27.27,106350,39,买盘
229,09:41:32,27.27,177255,65,卖盘
230,09:41:35,27.29,141829,52,买盘
231,09:41:38,27.29,32725,12,买盘
232,09:41:41,27.28,21824,8,卖盘
233,09:41:44,27.29,30017,11,买盘
234,09:41:47,27.3,671251,246,买盘
235,09:41:50,27.3,19109,7,买盘
236,09:41:53,27.31,21845,8,买盘
237,09:41:56,27.32,54624,20,买盘
238,09:41:59,27.32,46440,17,买盘
239,09:42:02,27.36,147588,54,买盘
240,09:42:08,27.35,68332,25,买盘
241,09:42:11,27.35,27340,10,买盘
242,09:42:14,27.35,49227,18,买盘
243,09:42:17,27.35,62903,23,卖盘
244,09:42:20,27.33,24599,9,卖盘
245,09:42:23,27.32,24595,9,卖盘
246,09:42:26,27.34,240445,88,买盘
247,09:42:29,27.32,43712,16,卖盘
248,09:42:32,27.36,410339,150,买盘
249,09:42:35,27.34,10934,4,中性盘
250,09:42:38,27.34,32804,12,中性盘
251,09:42:41,27.35,24607,9,买盘
252,09:42:44,27.35,101193,37,买盘
253,09:42:47,27.35,19145,7,卖盘
254,09:42:50,27.33,147649,54,卖盘
255,09:42:53,27.35,544446,199,中性盘
256,09:42:56,27.35,207840,76,买盘
257,09:42:59,27.35,82020,30,买盘
258,09:43:02,27.35,8201,3,买盘
259,09:43:05,27.35,65608,24,买盘
260,09:43:08,27.33,60145,22,卖盘
261,09:43:11,27.33,27330,10,卖盘
262,09:43:14,27.32,303271,111,卖盘
263,09:43:17,27.31,8194,3,卖盘
264,09:43:20,27.32,117452,43,买盘
265,09:43:23,27.3,223905,82,卖盘
266,09:43:26,27.3,524272,192,卖盘
267,09:43:29,27.3,95550,35,卖盘
268,09:43:32,27.29,272976,100,卖盘
269,09:43:35,27.29,270202,99,卖盘
270,09:43:38,27.3,166481,61,买盘
271,09:43:41,27.29,13645,5,中性盘
272,09:43:44,27.29,87320,32,买盘
273,09:43:47,27.28,152779,56,卖盘
274,09:43:50,27.28,98226,36,卖盘
275,09:43:53,27.27,117302,43,卖盘
276,09:43:56,27.27,84537,31,卖盘
277,09:43:59,27.28,166292,61,买盘
278,09:44:02,27.27,223490,82,买盘
279,09:44:05,27.25,95375,35,卖盘
280,09:44:08,27.25,16351,6,卖盘
281,09:44:11,27.26,130817,48,买盘
282,09:44:14,27.26,5452,2,买盘
283,09:44:17,27.21,1532960,563,卖盘
284,09:44:20,27.24,740167,272,买盘
285,09:44:23,27.24,27240,10,买盘
286,09:44:26,27.21,157780,58,卖盘
287,09:44:29,27.21,136050,50,卖盘
288,09:44:32,27.21,111538,41,买盘
289,09:44:35,27.2,176859,65,卖盘
290,09:44:38,27.21,421636,155,买盘
291,09:44:41,27.21,32652,12,卖盘
292,09:44:44,27.21,236727,87,卖盘
293,09:44:47,27.2,753656,277,卖盘
294,09:44:50,27.2,111532,41,卖盘
295,09:44:53,27.2,448867,165,卖盘
296,09:44:56,27.2,141463,52,卖盘
297,09:44:59,27.2,2720,1,卖盘
298,09:45:02,27.2,345424,127,卖盘
299,09:45:05,27.19,43506,16,卖盘
300,09:45:08,27.17,347827,128,卖盘
301,09:45:11,27.17,350548,129,买盘
302,09:45:14,27.17,35310,13,中性盘
303,09:45:17,27.16,195602,72,卖盘
304,09:45:20,27.16,648603,239,卖盘
305,09:45:23,27.24,1351518,497,买盘
306,09:45:26,27.22,367669,135,卖盘
307,09:45:29,27.22,29943,11,卖盘
308,09:45:32,27.24,171564,63,中性盘
309,09:45:35,27.25,177202,65,买盘
310,09:45:38,27.29,204649,75,买盘
311,09:45:41,27.28,128174,47,中性盘
312,09:45:44,27.3,644276,236,买盘
313,09:45:47,27.3,251136,92,买盘
314,09:45:50,27.28,256534,94,卖盘
315,09:45:53,27.27,302693,111,卖盘
316,09:45:56,27.26,57240,21,中性盘
317,09:45:59,27.24,365132,134,卖盘
318,09:46:02,27.21,201563,74,卖盘
319,09:46:05,27.21,19052,7,卖盘
320,09:46:08,27.21,106119,39,卖盘
321,09:46:11,27.19,133284,49,卖盘
322,09:46:14,27.18,70697,26,卖盘
323,09:46:17,27.18,81546,30,卖盘
324,09:46:20,27.18,391308,144,卖盘
325,09:46:23,27.18,29898,11,卖盘
326,09:46:26,27.18,198406,73,买盘
327,09:46:29,27.19,195705,72,买盘
328,09:46:32,27.15,1420605,523,卖盘
329,09:46:35,27.19,108727,40,买盘
330,09:46:38,27.11,333870,123,卖盘
331,09:46:41,27.18,114147,42,买盘
332,09:46:44,27.13,125014,46,卖盘
333,09:46:47,27.14,16294,6,中性盘
334,09:46:50,27.14,19002,7,卖盘
335,09:46:53,27.17,266094,98,买盘
336,09:46:56,27.1,1617397,596,卖盘
337,09:46:59,27.16,143948,53,中性盘
338,09:47:02,27.21,668928,246,买盘
339,09:47:05,27.21,38064,14,买盘
340,09:47:08,27.18,418485,154,卖盘
341,09:47:11,27.2,5440,2,中性盘
342,09:47:14,27.18,152230,56,卖盘
343,09:47:17,27.16,133142,49,卖盘
344,09:47:20,27.22,960575,353,买盘
345,09:47:23,27.22,176933,65,卖盘
346,09:47:26,27.22,48996,18,卖盘
347,09:47:29,27.22,65326,24,买盘
348,09:47:32,27.22,27205,10,买盘
349,09:47:35,27.21,5442,2,中性盘
350,09:47:38,27.16,19016,7,卖盘
351,09:47:41,27.16,141231,52,卖盘
352,09:47:44,27.15,40737,15,卖盘
353,09:47:47,27.16,103156,38,买盘
354,09:47:50,27.16,19009,7,买盘
355,09:47:53,27.15,95026,35,买盘
356,09:47:56,27.15,1473242,543,卖盘
357,09:47:59,27.14,154710,57,卖盘
358,09:48:02,27.15,43434,16,买盘
359,09:48:05,27.14,78707,29,卖盘
360,09:48:08,27.13,84118,31,卖盘
361,09:48:14,27.11,564180,208,卖盘
362,09:48:20,27.09,536670,198,卖盘
363,09:48:23,27.1,46076,17,中性盘
364,09:48:26,27.11,54203,20,买盘
365,09:48:29,27.09,237153,88,卖盘
366,09:48:32,27.09,70434,26,买盘
367,09:48:35,27.09,379134,140,买盘
368,09:48:38,27.1,994390,367,买盘
369,09:48:41,27.11,289896,107,买盘
370,09:48:44,27.1,73160,27,中性盘
371,09:48:47,27.12,506814,187,买盘
372,09:48:50,27.09,658292,243,卖盘
373,09:48:53,27.12,86784,32,买盘
374,09:48:56,27.12,170820,63,卖盘
375,09:48:59,27.1,287286,106,卖盘
376,09:49:02,27.12,670147,247,买盘
377,09:49:05,27.21,980430,361,买盘
378,09:49:08,27.13,447939,165,卖盘
379,09:49:11,27.2,8160,3,中性盘
380,09:49:17,27.18,2718,1,卖盘
381,09:49:20,27.18,168570,62,卖盘
382,09:49:23,27.21,68008,25,买盘
383,09:49:26,27.18,410457,151,卖盘
384,09:49:29,27.18,89674,33,买盘
385,09:49:32,27.16,97816,36,卖盘
386,09:49:35,27.19,54369,20,买盘
387,09:49:38,27.18,32626,12,中性盘
388,09:49:41,27.19,84285,31,买盘
389,09:49:44,27.19,27191,10,卖盘
390,09:49:47,27.21,81627,30,买盘
391,09:49:50,27.21,27210,10,中性盘
392,09:49:53,27.22,51715,19,买盘
393,09:49:56,27.21,103398,38,卖盘
394,09:49:59,27.2,108800,40,买盘
395,09:50:02,27.21,141441,52,买盘
396,09:50:05,27.21,108871,40,买盘
397,09:50:08,27.21,114282,42,买盘
398,09:50:11,27.19,494946,182,卖盘
399,09:50:14,27.21,174091,64,买盘
400,09:50:17,27.18,2718,1,卖盘
401,09:50:20,27.16,163052,60,卖盘
402,09:50:23,27.18,152194,56,买盘
403,09:50:26,27.18,195680,72,买盘
404,09:50:29,27.18,114116,42,买盘
405,09:50:32,27.18,95138,35,卖盘
406,09:50:35,27.19,100581,37,买盘
407,09:50:38,27.18,141340,52,卖盘
408,09:50:41,27.18,198414,73,买盘
409,09:50:44,27.18,13590,5,买盘
410,09:50:47,27.18,171230,63,买盘
411,09:50:50,27.15,214630,79,卖盘
412,09:50:53,27.17,16301,6,中性盘
413,09:50:56,27.16,152154,56,中性盘
414,09:50:59,27.15,46171,17,卖盘
415,09:51:02,27.16,10863,4,中性盘
416,09:51:05,27.17,154825,57,买盘
417,09:51:08,27.17,95070,35,买盘
418,09:51:11,27.17,105927,39,买盘
419,09:51:14,27.19,385941,142,买盘
420,09:51:17,27.21,614745,226,买盘
421,09:51:20,27.22,21776,8,买盘
422,09:51:23,27.2,190480,70,卖盘
423,09:51:26,27.22,16328,6,买盘
424,09:51:29,27.2,35360,13,卖盘
425,09:51:32,27.22,29940,11,买盘
426,09:51:35,27.21,114282,42,卖盘
427,09:51:38,27.21,239447,88,卖盘
428,09:51:41,27.2,62581,23,卖盘
429,09:51:44,27.18,212186,78,卖盘
430,09:51:47,27.19,78831,29,买盘
431,09:51:50,27.18,184885,68,中性盘
432,09:51:53,27.2,217379,80,买盘
433,09:51:56,27.19,2719,1,卖盘
434,09:51:59,27.18,130425,48,买盘
435,09:52:02,27.17,76057,28,买盘
436,09:52:05,27.19,198408,73,买盘
437,09:52:08,27.19,19022,7,买盘
438,09:52:11,27.19,27189,10,买盘
439,09:52:14,27.18,146740,54,卖盘
440,09:52:17,27.18,43488,16,买盘
441,09:52:20,27.18,51642,19,卖盘
442,09:52:23,27.19,59815,22,买盘
443,09:52:26,27.16,149461,55,卖盘
444,09:52:29,27.17,220073,81,中性盘
445,09:52:32,27.18,141278,52,买盘
446,09:52:35,27.17,40774,15,卖盘
447,09:52:38,27.17,16302,6,买盘
448,09:52:41,27.15,282364,104,卖盘
449,09:52:44,27.17,157507,58,买盘
450,09:52:47,27.13,605285,223,卖盘
451,09:52:50,27.13,344551,127,买盘
452,09:52:53,27.13,330986,122,买盘
453,09:52:56,27.15,40706,15,买盘
454,09:52:59,27.15,65148,24,买盘
455,09:53:02,27.18,353131,130,买盘
456,09:53:05,27.18,67922,25,买盘
457,09:53:08,27.18,40763,15,买盘
458,09:53:11,27.15,181908,67,卖盘
459,09:53:14,27.18,32601,12,买盘
460,09:53:17,27.17,67943,25,卖盘
461,09:53:20,27.17,21738,8,卖盘
462,09:53:23,27.18,8154,3,卖盘
463,09:53:26,27.22,647454,238,买盘
464,09:53:32,27.21,495337,182,卖盘
465,09:53:38,27.25,119882,44,买盘
466,09:53:44,27.24,29974,11,卖盘
467,09:53:47,27.25,46316,17,买盘
468,09:53:50,27.27,395179,145,买盘
469,09:53:53,27.25,2725,1,买盘
470,09:53:56,27.27,46359,17,买盘
471,09:53:59,27.29,70935,26,买盘
472,09:54:02,27.29,68211,25,买盘
473,09:54:05,27.27,201805,74,卖盘
474,09:54:08,27.29,395315,145,买盘
475,09:54:11,27.26,98135,36,中性盘
476,09:54:14,27.3,267301,98,买盘
477,09:54:17,27.27,35451,13,中性盘
478,09:54:20,27.28,2728,1,买盘
479,09:54:23,27.27,512650,188,卖盘
480,09:54:26,27.28,103644,38,买盘
481,09:54:29,27.27,87208,32,买盘
482,09:54:32,27.24,179874,66,卖盘
483,09:54:35,27.26,5452,2,买盘
484,09:54:38,27.24,38141,14,卖盘
485,09:54:41,27.24,92636,34,卖盘
486,09:54:44,27.24,5448,2,卖盘
487,09:54:47,27.24,95340,35,卖盘
488,09:54:50,27.24,130752,48,卖盘
489,09:54:53,27.23,62630,23,卖盘
490,09:54:56,27.23,185237,68,卖盘
491,09:54:59,27.24,24516,9,买盘
492,09:55:02,27.24,40855,15,买盘
493,09:55:05,27.23,43576,16,卖盘
494,09:55:11,27.25,68107,25,买盘
495,09:55:14,27.26,32710,12,买盘
496,09:55:17,27.27,29980,11,买盘
497,09:55:20,27.28,128176,47,买盘
498,09:55:26,27.3,289333,106,买盘
499,09:55:29,27.33,125632,46,买盘
500,09:55:32,27.34,251093,92,买盘
501,09:55:35,27.32,133910,49,卖盘
502,09:55:38,27.31,177662,65,卖盘
503,09:55:41,27.34,60094,22,买盘
504,09:55:44,27.34,134023,49,中性盘
505,09:55:47,27.33,90197,33,卖盘
506,09:55:50,27.31,205064,75,卖盘
507,09:55:53,27.33,281421,103,买盘
508,09:55:56,27.34,437672,160,中性盘
509,09:55:59,27.4,407680,149,买盘
510,09:56:02,27.35,232559,85,卖盘
511,09:56:05,27.34,391084,143,卖盘
512,09:56:08,27.39,750311,274,买盘
513,09:56:11,27.36,57416,21,中性盘
514,09:56:14,27.32,84737,31,卖盘
515,09:56:17,27.35,591394,216,买盘
516,09:56:20,27.35,268030,98,买盘
517,09:56:23,27.38,87539,32,买盘
518,09:56:26,27.35,16412,6,卖盘
519,09:56:29,27.32,139444,51,卖盘
520,09:56:32,27.32,8196,3,卖盘
521,09:56:35,27.35,646002,236,买盘
522,09:56:38,27.37,10949,4,买盘
523,09:56:41,27.35,16413,6,卖盘
524,09:56:44,27.37,98424,36,买盘
525,09:56:47,27.35,8205,3,中性盘
526,09:56:50,27.35,5470,2,买盘
527,09:56:53,27.33,267856,98,卖盘
528,09:56:56,27.33,136668,50,买盘
529,09:56:59,27.33,2733,1,中性盘
530,09:57:02,27.39,514531,188,买盘
531,09:57:05,27.35,8206,3,中性盘
532,09:57:08,27.39,10956,4,买盘
533,09:57:11,27.35,5470,2,卖盘
534,09:57:14,27.35,38299,14,卖盘
535,09:57:17,27.36,41031,15,买盘
536,09:57:20,27.34,38276,14,卖盘
537,09:57:23,27.3,579101,212,卖盘
538,09:57:26,27.33,5466,2,中性盘
539,09:57:29,27.3,2730,1,买盘
540,09:57:32,27.3,43668,16,买盘
541,09:57:35,27.29,49122,18,卖盘
542,09:57:38,27.29,130992,48,卖盘
543,09:57:41,27.27,122757,45,卖盘
544,09:57:44,27.25,40883,15,卖盘
545,09:57:47,27.27,21814,8,买盘
546,09:57:50,27.23,65372,24,卖盘
547,09:57:53,27.25,35425,13,中性盘
548,09:57:56,27.25,35425,13,卖盘
549,09:57:59,27.24,13620,5,卖盘
550,09:58:02,27.24,46322,17,卖盘
551,09:58:08,27.24,10896,4,买盘
552,09:58:11,27.22,220529,81,卖盘
553,09:58:14,27.24,144366,53,买盘
554,09:58:17,27.22,84472,31,中性盘
555,09:58:20,27.26,174419,64,买盘
556,09:58:23,27.26,89958,33,卖盘
557,09:58:26,27.26,79054,29,卖盘
558,09:58:29,27.26,8178,3,卖盘
559,09:58:32,27.27,87245,32,买盘
560,09:58:35,27.27,68177,25,卖盘
561,09:58:38,27.27,35452,13,卖盘
562,09:58:41,27.28,182756,67,买盘
563,09:58:44,27.28,54560,20,卖盘
564,09:58:47,27.28,5456,2,卖盘
565,09:58:50,27.28,76356,28,买盘
566,09:58:53,27.26,79055,29,卖盘
567,09:58:56,27.27,95437,35,买盘
568,09:58:59,27.27,188163,69,卖盘
569,09:59:02,27.28,40910,15,买盘
570,09:59:05,27.24,8172,3,卖盘
571,09:59:08,27.28,117282,43,买盘
572,09:59:14,27.32,938700,344,买盘
573,09:59:17,27.32,13660,5,买盘
574,09:59:20,27.31,10925,4,卖盘
575,09:59:26,27.31,40967,15,卖盘
576,09:59:29,27.3,35501,13,卖盘
577,09:59:32,27.32,346862,127,买盘
578,09:59:38,27.31,76483,28,卖盘
579,09:59:44,27.29,40947,15,卖盘
580,09:59:47,27.29,8187,3,卖盘
581,09:59:50,27.3,436689,160,买盘
582,09:59:53,27.29,46393,17,买盘
583,09:59:56,27.29,54580,20,买盘
584,09:59:59,27.29,19103,7,买盘
585,10:00:02,27.3,646257,237,买盘
586,10:00:08,27.3,294801,108,买盘
587,10:00:11,27.39,1646531,602,买盘
588,10:00:14,27.4,82119,30,买盘
589,10:00:23,27.38,21904,8,卖盘
590,10:00:26,27.38,16428,6,买盘
591,10:00:29,27.39,79428,29,买盘
592,10:00:32,27.39,65736,24,买盘
593,10:00:35,27.41,737059,269,买盘
594,10:00:38,27.4,134238,49,卖盘
595,10:00:41,27.4,101325,37,买盘
596,10:00:44,27.38,164277,60,卖盘
597,10:00:47,27.39,128686,47,买盘
598,10:00:50,27.44,1479944,540,买盘
599,10:00:53,27.45,422655,154,买盘
600,10:00:56,27.45,334884,122,买盘
601,10:00:59,27.48,129105,47,买盘
602,10:01:02,27.5,920808,335,买盘
603,10:01:05,27.49,151130,55,卖盘
604,10:01:08,27.49,71461,26,买盘
605,10:01:11,27.46,27478,10,卖盘
606,10:01:14,27.45,49425,18,卖盘
607,10:01:17,27.45,222346,81,卖盘
608,10:01:20,27.45,54900,20,买盘
609,10:01:23,27.4,24688,9,中性盘
610,10:01:26,27.44,244204,89,买盘
611,10:01:32,27.38,90400,33,卖盘
612,10:01:35,27.43,191896,70,买盘
613,10:01:38,27.42,8226,3,买盘
614,10:01:41,27.44,186553,68,买盘
615,10:01:44,27.44,310075,113,卖盘
616,10:01:47,27.44,246960,90,卖盘
617,10:01:50,27.49,1212040,442,买盘
618,10:01:53,27.49,19243,7,买盘
619,10:01:56,27.48,126430,46,卖盘
620,10:01:59,27.48,60456,22,卖盘
621,10:02:02,27.48,38465,14,买盘
622,10:02:05,27.46,123605,45,卖盘
623,10:02:08,27.46,2746,1,卖盘
624,10:02:11,27.46,24714,9,卖盘
625,10:02:14,27.46,21968,8,卖盘
626,10:02:17,27.46,43929,16,买盘
627,10:02:20,27.45,76863,28,卖盘
628,10:02:23,27.46,63108,23,买盘
629,10:02:29,27.43,85053,31,卖盘
630,10:02:32,27.45,43902,16,买盘
631,10:02:35,27.43,134445,49,卖盘
632,10:02:38,27.43,126256,46,卖盘
633,10:02:41,27.41,24681,9,卖盘
634,10:02:44,27.43,65803,24,买盘
635,10:02:47,27.41,41118,15,卖盘
636,10:02:50,27.43,65832,24,买盘
637,10:02:53,27.41,13705,5,卖盘
638,10:02:59,27.42,30162,11,卖盘
639,10:03:02,27.43,32906,12,买盘
640,10:03:05,27.42,74034,27,卖盘
641,10:03:14,27.43,981825,358,买盘
642,10:03:17,27.45,227833,83,买盘
643,10:03:20,27.45,57630,21,买盘
644,10:03:23,27.45,38427,14,买盘
645,10:03:26,27.44,16464,6,中性盘
646,10:03:29,27.45,54897,20,买盘
647,10:03:32,27.45,85088,31,买盘
648,10:03:35,27.44,49406,18,卖盘
649,10:03:38,27.52,3411296,1241,买盘
650,10:03:41,27.53,385367,140,买盘
651,10:03:44,27.55,931314,338,买盘
652,10:03:47,27.58,49641,18,买盘
653,10:03:50,27.58,35853,13,买盘
654,10:03:53,27.58,115852,42,买盘
655,10:03:56,27.57,27584,10,卖盘
656,10:03:59,27.58,306057,111,中性盘
657,10:04:02,27.59,532406,193,买盘
658,10:04:05,27.58,306226,111,卖盘
659,10:04:08,27.58,30335,11,买盘
660,10:04:11,27.57,113089,41,卖盘
661,10:04:14,27.57,46869,17,买盘
662,10:04:17,27.55,286526,104,卖盘
663,10:04:20,27.55,454575,165,买盘
664,10:04:23,27.64,1465382,531,买盘
665,10:04:26,27.66,688474,249,买盘
666,10:04:29,27.66,121742,44,卖盘
667,10:04:32,27.66,395713,143,卖盘
668,10:04:35,27.68,207472,75,买盘
669,10:04:38,27.66,99637,36,卖盘
670,10:04:41,27.66,548063,198,买盘
671,10:04:44,27.69,539449,195,买盘
672,10:04:47,27.7,631438,228,买盘
673,10:04:50,27.7,371104,134,买盘
674,10:04:53,27.69,144015,52,中性盘
675,10:04:56,27.66,99598,36,卖盘
676,10:04:59,27.65,622735,225,卖盘
677,10:05:02,27.66,190883,69,买盘
678,10:05:05,27.63,63549,23,卖盘
679,10:05:08,27.66,38709,14,买盘
680,10:05:11,27.6,57998,21,卖盘
681,10:05:14,27.63,33145,12,买盘
682,10:05:17,27.6,19335,7,卖盘
683,10:05:20,27.58,301049,109,卖盘
684,10:05:23,27.6,118671,43,买盘
685,10:05:26,27.59,159951,58,卖盘
686,10:05:29,27.57,5514,2,卖盘
687,10:05:32,27.57,16542,6,买盘
688,10:05:35,27.56,99185,36,卖盘
689,10:05:38,27.56,22048,8,买盘
690,10:05:41,27.53,13769,5,卖盘
691,10:05:44,27.54,24800,9,中性盘
692,10:05:47,27.56,278281,101,买盘
693,10:05:50,27.55,217679,79,卖盘
694,10:05:53,27.58,363845,132,买盘
695,10:05:56,27.6,342208,124,买盘
696,10:05:59,27.62,500199,181,买盘
697,10:06:02,27.66,49728,18,买盘
698,10:06:05,27.62,88384,32,卖盘
699,10:06:08,27.6,287081,104,卖盘
700,10:06:11,27.6,286721,104,买盘
701,10:06:14,27.57,44141,16,中性盘
702,10:06:17,27.56,52396,19,中性盘
703,10:06:20,27.54,93734,34,卖盘
704,10:06:23,27.55,22025,8,中性盘
705,10:06:26,27.52,8264,3,卖盘
706,10:06:29,27.52,8257,3,卖盘
707,10:06:32,27.53,297214,108,卖盘
708,10:06:38,27.5,239252,87,卖盘
709,10:06:44,27.5,214503,78,卖盘
710,10:06:47,27.52,297013,108,买盘
711,10:06:50,27.5,203587,74,卖盘
712,10:06:53,27.5,5500,2,买盘
713,10:06:56,27.5,164984,60,买盘
714,10:06:59,27.48,35736,13,卖盘
715,10:07:02,27.48,16489,6,卖盘
716,10:07:05,27.48,19236,7,卖盘
717,10:07:08,27.48,21984,8,卖盘
718,10:07:11,27.47,30227,11,卖盘
719,10:07:14,27.48,269273,98,买盘
720,10:07:17,27.47,54953,20,卖盘
721,10:07:20,27.46,68660,25,卖盘
722,10:07:23,27.48,13740,5,买盘
723,10:07:26,27.48,79657,29,买盘
724,10:07:29,27.49,709154,258,买盘
725,10:07:32,27.48,49479,18,卖盘
726,10:07:35,27.5,302496,110,买盘
727,10:07:41,27.52,27520,10,买盘
728,10:07:44,27.53,16518,6,买盘
729,10:07:47,27.52,5504,2,卖盘
730,10:07:50,27.53,24777,9,买盘
731,10:07:53,27.52,13760,5,卖盘
732,10:07:56,27.54,11013,4,买盘
733,10:08:02,27.55,19281,7,买盘
734,10:08:05,27.55,8265,3,买盘
735,10:08:08,27.55,88130,32,买盘
736,10:08:11,27.54,16524,6,买盘
737,10:08:14,27.54,140545,51,卖盘
738,10:08:17,27.51,726803,264,卖盘
739,10:08:20,27.5,5501,2,卖盘
740,10:08:23,27.5,60510,22,卖盘
741,10:08:26,27.51,167754,61,买盘
742,10:08:29,27.5,22000,8,中性盘
743,10:08:32,27.51,134774,49,买盘
744,10:08:35,27.5,134750,49,卖盘
745,10:08:38,27.51,107279,39,买盘
746,10:08:41,27.5,156750,57,卖盘
747,10:08:44,27.5,88001,32,卖盘
748,10:08:47,27.5,352000,128,卖盘
749,10:08:50,27.5,46750,17,卖盘
750,10:08:53,27.5,247503,90,卖盘
751,10:08:56,27.5,151245,55,买盘
752,10:08:59,27.48,2748,1,卖盘
753,10:09:02,27.48,10992,4,卖盘
754,10:09:05,27.48,30228,11,卖盘
755,10:09:08,27.48,24732,9,卖盘
756,10:09:14,27.47,71429,26,卖盘
757,10:09:17,27.49,533184,194,买盘
758,10:09:20,27.47,173192,63,卖盘
759,10:09:23,27.59,1840848,668,买盘
760,10:09:26,27.54,90929,33,卖盘
761,10:09:29,27.6,46861,17,买盘
762,10:09:32,27.6,13800,5,买盘
763,10:09:35,27.6,19319,7,买盘
764,10:09:38,27.6,126946,46,买盘
765,10:09:41,27.6,745447,270,买盘
766,10:09:44,27.6,55200,20,卖盘
767,10:09:47,27.6,115923,42,卖盘
768,10:09:50,27.6,71760,26,卖盘
769,10:09:53,27.59,132550,48,卖盘
770,10:09:56,27.6,11040,4,买盘
771,10:09:59,27.6,126960,46,买盘
772,10:10:02,27.6,2760,1,卖盘
773,10:10:05,27.6,82800,30,卖盘
774,10:10:08,27.6,13800,5,买盘
775,10:10:14,27.57,115845,42,卖盘
776,10:10:17,27.61,521444,189,买盘
777,10:10:20,27.61,187754,68,买盘
778,10:10:23,27.62,563260,204,买盘
779,10:10:26,27.6,60719,22,卖盘
780,10:10:32,27.6,13795,5,买盘
781,10:10:35,27.59,49662,18,中性盘
782,10:10:38,27.58,44150,16,卖盘
783,10:10:41,27.59,115851,42,买盘
784,10:10:44,27.59,8277,3,卖盘
785,10:10:47,27.57,55163,20,卖盘
786,10:10:50,27.59,49662,18,买盘
787,10:10:53,27.58,68950,25,卖盘
788,10:10:59,27.57,107544,39,卖盘
789,10:11:02,27.56,2756,1,卖盘
790,10:11:05,27.56,44096,16,卖盘
791,10:11:08,27.55,22043,8,卖盘
792,10:11:11,27.55,41325,15,卖盘
793,10:11:17,27.53,13765,5,卖盘
794,10:11:20,27.55,19278,7,买盘
795,10:11:23,27.53,33036,12,卖盘
796,10:11:26,27.53,68825,25,卖盘
797,10:11:29,27.53,11011,4,买盘
798,10:11:35,27.52,90821,33,卖盘
799,10:11:38,27.53,250392,91,买盘
800,10:11:41,27.52,93568,34,中性盘
801,10:11:44,27.52,30272,11,买盘
802,10:11:47,27.51,376988,137,卖盘
803,10:11:50,27.52,360641,131,买盘
804,10:11:53,27.54,49578,18,中性盘
805,10:11:56,27.53,16523,6,卖盘
806,10:11:59,27.54,2754,1,中性盘
807,10:12:02,27.55,184581,67,买盘
808,10:12:05,27.55,179075,65,卖盘
809,10:12:08,27.54,27545,10,卖盘
810,10:12:14,27.51,33012,12,卖盘
811,10:12:20,27.51,30261,11,买盘
812,10:12:23,27.51,13759,5,卖盘
813,10:12:26,27.5,409875,149,卖盘
814,10:12:32,27.5,16500,6,买盘
815,10:12:35,27.49,170440,62,卖盘
816,10:12:38,27.48,71475,26,卖盘
817,10:12:41,27.48,2748,1,卖盘
818,10:12:44,27.49,104448,38,买盘
819,10:12:47,27.48,98928,36,卖盘
820,10:12:50,27.48,21984,8,卖盘
821,10:12:53,27.48,189612,69,卖盘
822,10:12:56,27.49,5498,2,买盘
823,10:12:59,27.49,126422,46,买盘
824,10:13:02,27.49,57729,21,买盘
825,10:13:05,27.49,16494,6,卖盘
826,10:13:08,27.49,324382,118,买盘
827,10:13:11,27.48,175889,64,卖盘
828,10:13:14,27.48,8246,3,卖盘
829,10:13:17,27.48,214367,78,卖盘
830,10:13:20,27.48,252863,92,卖盘
831,10:13:23,27.49,8247,3,买盘
832,10:13:26,27.49,65969,24,买盘
833,10:13:29,27.49,96215,35,买盘
834,10:13:32,27.48,93452,34,卖盘
835,10:13:35,27.48,82465,30,卖盘
836,10:13:38,27.49,27489,10,买盘
837,10:13:41,27.52,1839144,669,买盘
838,10:13:44,27.55,498627,181,买盘
839,10:13:47,27.57,217783,79,买盘
840,10:13:50,27.57,5514,2,中性盘
841,10:13:53,27.58,60676,22,买盘
842,10:13:59,27.58,2758,1,买盘
843,10:14:02,27.56,90991,33,卖盘
844,10:14:05,27.57,52383,19,买盘
845,10:14:08,27.57,24800,9,买盘
846,10:14:11,27.56,13784,5,卖盘
847,10:14:14,27.57,13785,5,买盘
848,10:14:17,27.57,79948,29,买盘
849,10:14:23,27.55,2755,1,卖盘
850,10:14:26,27.55,60617,22,卖盘
851,10:14:29,27.56,303020,110,买盘
852,10:14:32,27.56,24791,9,卖盘
853,10:14:38,27.56,13780,5,卖盘
854,10:14:44,27.55,2755,1,卖盘
855,10:14:53,27.55,38582,14,卖盘
856,10:14:56,27.55,19287,7,卖盘
857,10:14:59,27.57,747048,271,买盘
858,10:15:02,27.58,394494,143,买盘
859,10:15:05,27.58,314530,114,卖盘
860,10:15:08,27.59,24831,9,买盘
861,10:15:11,27.61,1860341,674,买盘
862,10:15:14,27.62,80073,29,买盘
863,10:15:17,27.62,11048,4,卖盘
864,10:15:20,27.6,151847,55,卖盘
865,10:15:23,27.6,88344,32,卖盘
866,10:15:26,27.6,82800,30,卖盘
867,10:15:29,27.62,223722,81,买盘
868,10:15:32,27.62,113230,41,买盘
869,10:15:35,27.62,121526,44,买盘
870,10:15:38,27.62,143664,52,卖盘
871,10:15:41,27.62,113266,41,卖盘
872,10:15:44,27.64,499804,181,买盘
873,10:15:47,27.63,146386,53,中性盘
874,10:15:50,27.63,5526,2,买盘
875,10:15:53,27.63,16578,6,买盘
876,10:15:56,27.63,2763,1,买盘
877,10:15:59,27.6,264998,96,卖盘
878,10:16:02,27.6,2760,1,买盘
879,10:16:05,27.59,5518,2,卖盘
880,10:16:08,27.6,41400,15,买盘
881,10:16:11,27.68,1766345,639,买盘
882,10:16:14,27.68,1223794,442,买盘
883,10:16:17,27.69,564762,204,买盘
884,10:16:20,27.69,138455,50,卖盘
885,10:16:23,27.7,229804,83,买盘
886,10:16:27,27.7,11080,4,买盘
887,10:16:29,27.69,238212,86,卖盘
888,10:16:32,27.69,227137,82,卖盘
889,10:16:35,27.69,99705,36,卖盘
890,10:16:38,27.7,188287,68,买盘
891,10:16:44,27.7,160634,58,买盘
892,10:16:47,27.69,96918,35,卖盘
893,10:16:50,27.69,113529,41,买盘
894,10:16:53,27.69,8307,3,买盘
895,10:16:56,27.68,168801,61,卖盘
896,10:16:59,27.68,19375,7,买盘
897,10:17:02,27.67,91339,33,卖盘
898,10:17:05,27.68,24909,9,买盘
899,10:17:08,27.67,27670,10,卖盘
900,10:17:11,27.67,185389,67,卖盘
901,10:17:14,27.65,177022,64,卖盘
902,10:17:17,27.63,96769,35,卖盘
903,10:17:20,27.65,215636,78,买盘
904,10:17:26,27.61,359375,130,卖盘
905,10:17:29,27.64,129809,47,买盘
906,10:17:32,27.63,19343,7,卖盘
907,10:17:35,27.64,30399,11,买盘
908,10:17:38,27.65,60807,22,买盘
909,10:17:41,27.63,19341,7,卖盘
910,10:17:44,27.63,63571,23,卖盘
911,10:17:47,27.64,96733,35,买盘
912,10:17:50,27.6,267870,97,卖盘
913,10:17:53,27.6,107640,39,买盘
914,10:17:56,27.59,121426,44,卖盘
915,10:17:59,27.59,93792,34,卖盘
916,10:18:02,27.59,24831,9,买盘
917,10:18:05,27.59,193129,70,买盘
918,10:18:08,27.58,612331,222,卖盘
919,10:18:11,27.59,419156,152,中性盘
920,10:18:14,27.58,41370,15,卖盘
921,10:18:20,27.57,49626,18,卖盘
922,10:18:23,27.57,16544,6,卖盘
923,10:18:26,27.57,16542,6,卖盘
924,10:18:29,27.57,46869,17,买盘
925,10:18:32,27.57,2757,1,买盘
926,10:18:35,27.57,22056,8,卖盘
927,10:18:38,27.56,330838,120,卖盘
928,10:18:44,27.56,2756,1,卖盘
929,10:18:47,27.56,16536,6,卖盘
930,10:18:50,27.57,35840,13,买盘
931,10:18:53,27.58,46869,17,买盘
932,10:18:56,27.63,190466,69,买盘
933,10:18:59,27.6,113256,41,卖盘
934,10:19:02,27.72,2640709,954,买盘
935,10:19:05,27.72,813883,294,买盘
936,10:19:08,27.72,116374,42,买盘
937,10:19:11,27.72,149688,54,买盘
938,10:19:17,27.7,22160,8,买盘
939,10:19:20,27.64,77437,28,卖盘
940,10:19:23,27.64,24895,9,卖盘
941,10:19:26,27.7,213241,77,买盘
942,10:19:29,27.7,2770,1,卖盘
943,10:19:32,27.71,152390,55,买盘
944,10:19:35,27.73,1000512,361,买盘
945,10:19:38,27.8,3290260,1184,买盘
946,10:19:41,27.8,578226,208,买盘
947,10:19:44,27.83,873463,314,买盘
948,10:19:47,27.86,779729,280,买盘
949,10:19:50,27.86,431830,155,买盘
950,10:19:53,27.88,292618,105,买盘
951,10:19:56,27.84,259118,93,卖盘
952,10:19:59,27.86,242312,87,买盘
953,10:20:02,27.84,111411,40,买盘
954,10:20:05,27.84,66854,24,买盘
955,10:20:08,27.85,5570,2,中性盘
956,10:20:11,27.82,206015,74,卖盘
957,10:20:14,27.84,214383,77,买盘
958,10:20:17,27.85,125309,45,买盘
959,10:20:20,27.86,89146,32,买盘
960,10:20:23,27.89,4311191,1546,买盘
961,10:20:26,27.89,362624,130,卖盘
962,10:20:29,27.9,577514,207,买盘
963,10:20:32,27.88,655409,235,卖盘
964,10:20:35,27.86,1735519,623,卖盘
965,10:20:38,27.87,548903,197,买盘
966,10:20:41,27.87,923132,331,买盘
967,10:20:44,27.88,72442,26,买盘
968,10:20:47,27.87,125359,45,中性盘
969,10:20:50,27.86,1721649,617,中性盘
970,10:20:53,27.86,139352,50,卖盘
971,10:20:56,27.85,44540,16,中性盘
972,10:20:59,27.85,342679,123,卖盘
973,10:21:02,27.85,786053,282,买盘
974,10:21:05,27.85,5279399,1898,买盘
975,10:21:08,27.87,167235,60,买盘
976,10:21:11,27.87,362407,130,卖盘
977,10:21:14,27.91,156144,56,买盘
978,10:21:17,27.89,317875,114,卖盘
979,10:21:20,27.9,440653,158,买盘
980,10:21:23,27.89,504931,181,中性盘
981,10:21:26,27.88,217519,78,买盘
982,10:21:29,27.89,223072,80,买盘
983,10:21:32,27.89,209202,75,卖盘
984,10:21:35,27.89,206471,74,卖盘
985,10:21:38,27.91,125528,45,买盘
986,10:21:41,27.88,530017,190,卖盘
987,10:21:44,27.91,605575,217,买盘
988,10:21:47,27.9,1543358,553,卖盘
989,10:21:50,27.9,159048,57,买盘
990,10:21:53,27.94,1636822,586,买盘
991,10:21:56,27.96,578546,207,买盘
992,10:21:59,27.95,287895,103,卖盘
993,10:22:02,27.96,148174,53,买盘
994,10:22:05,27.96,290803,104,买盘
995,10:22:08,27.97,55926,20,买盘
996,10:22:11,27.97,86707,31,买盘
997,10:22:14,27.96,343935,123,卖盘
998,10:22:17,27.95,651188,233,卖盘
999,10:22:20,27.91,229122,82,卖盘
1000,10:22:23,27.96,997832,357,买盘
1001,10:22:26,27.91,229117,82,卖盘
1002,10:22:29,27.96,796772,285,买盘
1003,10:22:32,27.97,1605351,574,买盘
1004,10:22:35,27.97,453124,162,卖盘
1005,10:22:38,27.96,1096187,392,卖盘
1006,10:22:41,27.92,666797,239,中性盘
1007,10:22:44,27.96,463895,166,买盘
1008,10:22:47,27.9,11158,4,中性盘
1009,10:22:50,27.91,200855,72,买盘
1010,10:22:53,27.89,41844,15,卖盘
1011,10:22:56,27.89,482547,173,买盘
1012,10:22:59,27.88,1714803,615,卖盘
1013,10:23:02,27.89,117144,42,卖盘
1014,10:23:05,27.9,150636,54,买盘
1015,10:23:08,27.89,192456,69,卖盘
1016,10:23:11,27.88,61344,22,卖盘
1017,10:23:14,27.88,83644,30,卖盘
1018,10:23:17,27.88,471172,169,卖盘
1019,10:23:20,27.87,183941,66,卖盘
1020,10:23:23,27.86,613037,220,卖盘
1021,10:23:26,27.84,61254,22,买盘
1022,10:23:29,27.81,80746,29,卖盘
1023,10:23:32,27.83,33375,12,中性盘
1024,10:23:35,27.8,30588,11,卖盘
1025,10:23:38,27.81,25028,9,买盘
1026,10:23:41,27.79,113956,41,卖盘
1027,10:23:44,27.75,88870,32,卖盘
1028,10:23:47,27.74,86027,31,卖盘
1029,10:23:50,27.74,2774,1,买盘
1030,10:23:53,27.73,33276,12,卖盘
1031,10:23:56,27.72,13860,5,中性盘
1032,10:23:59,27.71,88711,32,卖盘
1033,10:24:02,27.71,108069,39,卖盘
1034,10:24:05,27.73,479477,173,买盘
1035,10:24:08,27.73,2773,1,买盘
1036,10:24:11,27.71,291029,105,卖盘
1037,10:24:14,27.7,168980,61,卖盘
1038,10:24:17,27.71,191190,69,买盘
1039,10:24:20,27.7,16625,6,中性盘
1040,10:24:23,27.65,168728,61,卖盘
1041,10:24:26,27.66,27671,10,卖盘
1042,10:24:29,27.7,22160,8,中性盘
1043,10:24:32,27.67,24923,9,卖盘
1044,10:24:38,27.7,177314,64,买盘
1045,10:24:41,27.7,113580,41,买盘
1046,10:24:44,27.7,166299,60,卖盘
1047,10:24:47,27.7,30473,11,卖盘
1048,10:24:50,27.71,130275,47,卖盘
1049,10:24:53,27.68,440220,159,卖盘
1050,10:24:56,27.68,74736,27,买盘
1051,10:24:59,27.68,177147,64,买盘
1052,10:25:02,27.68,146704,53,买盘
1053,10:25:05,27.68,27680,10,买盘
1054,10:25:08,27.7,113502,41,买盘
1055,10:25:11,27.68,41549,15,卖盘
1056,10:25:14,27.71,80359,29,买盘
1057,10:25:17,27.69,334988,121,卖盘
1058,10:25:20,27.71,102518,37,买盘
1059,10:25:23,27.7,44332,16,中性盘
1060,10:25:26,27.71,52637,19,买盘
1061,10:25:29,27.71,80359,29,买盘
1062,10:25:32,27.73,41575,15,买盘
1063,10:25:35,27.72,27720,10,买盘
1064,10:25:38,27.73,30503,11,买盘
1065,10:25:41,27.73,11092,4,买盘
1066,10:25:44,27.73,27730,10,卖盘
1067,10:25:47,27.75,196965,71,买盘
1068,10:25:50,27.76,224796,81,买盘
1069,10:25:53,27.78,144372,52,买盘
1070,10:25:56,27.75,263756,95,卖盘
1071,10:25:59,27.78,88831,32,买盘
1072,10:26:02,27.78,27777,10,买盘
1073,10:26:05,27.74,288860,104,中性盘
1074,10:26:08,27.72,230117,83,卖盘
1075,10:26:11,27.88,1175783,423,买盘
1076,10:26:14,27.72,1568228,566,卖盘
1077,10:26:17,27.72,83160,30,买盘
1078,10:26:20,27.78,701624,253,买盘
1079,10:26:23,27.78,13890,5,卖盘
1080,10:26:29,27.87,408915,147,买盘
1081,10:26:32,27.78,19462,7,中性盘
1082,10:26:35,27.87,2787,1,买盘
1083,10:26:38,27.78,11112,4,卖盘
1084,10:26:41,27.78,13890,5,卖盘
1085,10:26:44,27.79,38907,14,中性盘
1086,10:26:47,27.79,2779,1,卖盘
1087,10:26:50,27.79,153033,55,卖盘
1088,10:26:53,27.8,8341,3,中性盘
1089,10:26:56,27.79,16674,6,卖盘
1090,10:26:59,27.79,25012,9,卖盘
1091,10:27:02,27.79,5558,2,买盘
1092,10:27:05,27.79,41685,15,买盘
1093,10:27:08,27.78,63911,23,卖盘
1094,10:27:11,27.78,341792,123,卖盘
1095,10:27:14,27.79,5558,2,中性盘
1096,10:27:17,27.8,97258,35,买盘
1097,10:27:20,27.8,38920,14,买盘
1098,10:27:23,27.79,94503,34,卖盘
1099,10:27:26,27.8,30596,11,卖盘
1100,10:27:29,27.82,30586,11,中性盘
1101,10:27:32,27.82,30600,11,中性盘
1102,10:27:35,27.83,169795,61,买盘
1103,10:27:38,27.84,63994,23,买盘
1104,10:27:41,27.83,236615,85,卖盘
1105,10:27:44,27.88,1487973,534,买盘
1106,10:27:47,27.89,722375,259,买盘
1107,10:27:50,27.87,418058,150,卖盘
1108,10:27:53,27.84,36243,13,卖盘
1109,10:27:56,27.87,47395,17,买盘
1110,10:27:59,27.87,111520,40,中性盘
1111,10:28:02,27.87,36220,13,中性盘
1112,10:28:05,27.89,97557,35,买盘
1113,10:28:08,27.85,114241,41,卖盘
1114,10:28:11,27.87,27870,10,买盘
1115,10:28:14,27.84,72484,26,卖盘
1116,10:28:17,27.84,142044,51,卖盘
1117,10:28:20,27.89,376415,135,买盘
1118,10:28:23,27.88,1689605,605,中性盘
1119,10:28:26,27.89,27888,10,中性盘
1120,10:28:29,27.9,83700,30,中性盘
1121,10:28:32,27.96,13967,5,买盘
1122,10:28:35,27.9,5580,2,卖盘
1123,10:28:38,27.95,41860,15,买盘
1124,10:28:41,27.95,259851,93,买盘
1125,10:28:44,27.96,469131,168,买盘
1126,10:28:47,27.95,268341,96,中性盘
1127,10:28:50,27.95,343687,123,卖盘
1128,10:28:53,27.95,78250,28,买盘
1129,10:28:56,27.9,89356,32,中性盘
1130,10:28:59,27.94,298896,107,买盘
1131,10:29:02,27.9,83733,30,卖盘
1132,10:29:05,27.94,391264,140,买盘
1133,10:29:08,27.94,245914,88,卖盘
1134,10:29:11,27.93,30729,11,卖盘
1135,10:29:14,27.95,125742,45,买盘
1136,10:29:17,27.94,114546,41,卖盘
1137,10:29:20,27.95,41917,15,买盘
1138,10:29:23,27.95,315832,113,买盘
1139,10:29:26,27.94,134139,48,卖盘
1140,10:29:29,27.95,2795,1,买盘
1141,10:29:32,27.94,349121,125,卖盘
1142,10:29:35,27.94,13970,5,买盘
1143,10:29:38,27.94,164795,59,买盘
1144,10:29:44,27.9,30722,11,卖盘
1145,10:29:47,27.9,86490,31,卖盘
1146,10:29:50,27.9,22320,8,卖盘
1147,10:29:53,27.91,58603,21,中性盘
1148,10:29:56,27.9,499521,179,卖盘
1149,10:30:02,27.9,22320,8,买盘
1150,10:30:05,27.89,52983,19,中性盘
1151,10:30:08,27.88,128310,46,卖盘
1152,10:30:11,27.88,44603,16,买盘
1153,10:30:14,27.85,27868,10,卖盘
1154,10:30:17,27.87,47359,17,买盘
1155,10:30:20,27.85,41775,15,卖盘
1156,10:30:23,27.84,142032,51,卖盘
1157,10:30:26,27.84,38969,14,买盘
1158,10:30:32,27.84,97433,35,卖盘
1159,10:30:35,27.85,386988,139,买盘
1160,10:30:38,27.85,61275,22,买盘
1161,10:30:41,27.85,158747,57,卖盘
1162,10:30:44,27.85,139263,50,卖盘
1163,10:30:47,27.85,139250,50,卖盘
1164,10:30:50,27.85,47345,17,卖盘
1165,10:30:53,27.84,2784,1,卖盘
1166,10:30:56,27.84,5568,2,卖盘
1167,10:30:59,27.84,61248,22,卖盘
1168,10:31:02,27.97,4639328,1662,买盘
1169,10:31:05,27.96,91992,33,中性盘
1170,10:31:08,27.83,142005,51,卖盘
1171,10:31:11,27.96,11184,4,买盘
1172,10:31:14,27.9,44703,16,中性盘
1173,10:31:17,27.92,39088,14,中性盘
1174,10:31:20,27.92,55853,20,卖盘
1175,10:31:23,27.96,206882,74,买盘
1176,10:31:26,27.96,89464,32,买盘
1177,10:31:29,27.96,83873,30,买盘
1178,10:31:32,27.96,72686,26,买盘
1179,10:31:35,27.95,346684,124,卖盘
1180,10:31:38,27.95,19569,7,卖盘
1181,10:31:41,27.96,97832,35,买盘
1182,10:31:44,27.96,159364,57,买盘
1183,10:31:47,27.95,234815,84,卖盘
1184,10:31:50,27.96,186760,67,买盘
1185,10:31:53,27.95,422688,151,卖盘
1186,10:31:59,27.95,11179,4,买盘
1187,10:32:02,27.94,47500,17,卖盘
1188,10:32:05,27.94,8383,3,卖盘
1189,10:32:08,27.93,2793,1,卖盘
1190,10:32:11,27.95,67057,24,买盘
1191,10:32:14,27.93,120138,43,卖盘
1192,10:32:17,27.92,203856,73,卖盘
1193,10:32:20,27.92,44672,16,买盘
1194,10:32:23,27.91,80930,29,卖盘
1195,10:32:26,27.91,75357,27,买盘
1196,10:32:29,27.91,2791,1,卖盘
1197,10:32:32,27.92,103281,37,买盘
1198,10:32:35,27.91,8373,3,卖盘
1199,10:32:38,27.91,53033,19,卖盘
1200,10:32:41,27.91,41867,15,卖盘
1201,10:32:44,27.91,36283,13,卖盘
1202,10:32:47,27.91,4779457,1709,卖盘
1203,10:32:50,27.99,2148325,768,买盘
1204,10:32:53,28.04,7683265,2744,买盘
1205,10:32:56,28.05,384270,137,买盘
1206,10:32:59,28.09,482906,172,买盘
1207,10:33:02,28.1,635048,226,买盘
1208,10:33:05,28.18,1783672,634,买盘
1209,10:33:08,28.18,605602,215,买盘
1210,10:33:11,28.18,1033271,367,卖盘
1211,10:33:14,28.18,741460,263,买盘
1212,10:33:17,28.2,1400525,497,买盘
1213,10:33:20,28.2,763816,271,买盘
1214,10:33:23,28.19,682327,242,卖盘
1215,10:33:26,28.18,335237,119,中性盘
1216,10:33:29,28.13,774080,275,卖盘
1217,10:33:32,28.15,436604,155,买盘
1218,10:33:35,28.19,507238,180,买盘
1219,10:33:38,28.18,1620434,575,卖盘
1220,10:33:41,28.18,42267,15,买盘
1221,10:33:44,28.15,572051,203,卖盘
1222,10:33:47,28.27,2376841,842,买盘
1223,10:33:50,28.33,3662324,1294,买盘
1224,10:33:53,28.4,1623207,572,买盘
1225,10:33:56,28.43,312580,110,买盘
1226,10:33:59,28.44,486179,171,买盘
1227,10:34:02,28.45,3483601,1223,买盘
1228,10:34:05,28.45,2063766,725,卖盘
1229,10:34:08,28.47,267689,94,卖盘
1230,10:34:11,28.58,2177004,763,买盘
1231,10:34:14,28.66,6490670,2269,买盘
1232,10:34:17,28.78,2524826,880,买盘
1233,10:34:20,28.83,518464,180,买盘
1234,10:34:23,28.85,826740,287,买盘
1235,10:34:26,28.82,2905854,1007,卖盘
1236,10:34:29,28.89,1513591,525,买盘
1237,10:34:32,28.9,381291,132,买盘
1238,10:34:35,28.9,670676,232,买盘
1239,10:34:38,29.0,1952329,674,买盘
1240,10:34:41,29.0,484144,167,买盘
1241,10:34:44,28.98,2422960,836,卖盘
1242,10:34:47,28.9,506303,175,卖盘
1243,10:34:50,28.89,3037714,1051,卖盘
1244,10:34:53,28.85,1418642,490,卖盘
1245,10:34:56,28.71,2967561,1031,卖盘
1246,10:34:59,28.82,772858,269,买盘
1247,10:35:02,28.82,475122,165,买盘
1248,10:35:05,28.89,1582234,549,买盘
1249,10:35:08,28.89,1783296,618,买盘
1250,10:35:11,28.89,1365929,474,买盘
1251,10:35:14,28.91,1332743,461,买盘
1252,10:35:17,28.91,303870,105,卖盘
1253,10:35:20,28.9,686169,237,卖盘
1254,10:35:23,28.89,317890,110,卖盘
1255,10:35:26,28.87,320349,111,中性盘
1256,10:35:29,28.8,97931,34,卖盘
1257,10:35:32,28.78,380135,132,卖盘
1258,10:35:35,28.76,319470,111,卖盘
1259,10:35:38,28.76,864939,301,买盘
1260,10:35:41,28.75,1968391,685,卖盘
1261,10:35:44,28.74,928757,323,卖盘
1262,10:35:47,28.72,1284424,447,中性盘
1263,10:35:50,28.74,2117400,737,买盘
1264,10:35:53,28.71,597126,208,中性盘
1265,10:35:56,28.7,562576,196,卖盘
1266,10:35:59,28.7,861178,300,卖盘
1267,10:36:02,28.7,1707624,595,买盘
1268,10:36:05,28.68,525050,183,卖盘
1269,10:36:08,28.7,2168764,756,买盘
1270,10:36:11,28.73,1462026,509,买盘
1271,10:36:14,28.82,771138,268,买盘
1272,10:36:17,28.88,977498,339,买盘
1273,10:36:20,28.9,300385,104,买盘
1274,10:36:23,28.97,758203,262,买盘
1275,10:36:26,28.91,327097,113,卖盘
1276,10:36:29,28.94,912831,315,买盘
1277,10:36:32,29.05,4468417,1536,买盘
1278,10:36:35,29.29,2060458,710,中性盘
1279,10:36:38,29.36,924052,316,买盘
1280,10:36:41,29.3,3104660,1058,卖盘
1281,10:36:44,29.44,1083004,369,买盘
1282,10:36:47,29.46,517974,176,买盘
1283,10:36:50,29.44,2246289,763,卖盘
1284,10:36:53,29.47,1370316,465,中性盘
1285,10:36:56,29.4,1086807,369,卖盘
1286,10:36:59,29.44,1148699,390,卖盘
1287,10:37:02,29.36,1391738,473,卖盘
1288,10:37:05,29.36,437553,149,卖盘
1289,10:37:08,29.31,1477307,503,卖盘
1290,10:37:11,29.01,430298,147,卖盘
1291,10:37:14,29.03,163215,56,中性盘
1292,10:37:17,29.03,690444,236,卖盘
1293,10:37:20,29.03,139933,48,卖盘
1294,10:37:23,29.03,1236239,426,卖盘
1295,10:37:26,29.01,695802,240,卖盘
1296,10:37:29,28.95,1026324,354,卖盘
1297,10:37:32,28.95,66584,23,买盘
1298,10:37:35,28.94,593775,205,卖盘
1299,10:37:38,28.93,211158,73,卖盘
1300,10:37:41,28.89,375601,130,卖盘
1301,10:37:44,28.89,92426,32,买盘
1302,10:37:47,28.89,306145,106,买盘
1303,10:37:50,28.85,101079,35,中性盘
1304,10:37:53,28.88,210786,73,买盘
1305,10:37:56,28.89,415634,144,买盘
1306,10:37:59,28.85,513991,178,卖盘
1307,10:38:02,28.88,1084923,376,买盘
1308,10:38:05,28.88,193406,67,买盘
1309,10:38:08,28.87,407039,141,中性盘
1310,10:38:11,28.88,331988,115,买盘
1311,10:38:14,28.86,733283,254,卖盘
1312,10:38:17,28.87,225161,78,买盘
1313,10:38:20,28.85,271298,94,卖盘
1314,10:38:23,28.89,1599631,554,买盘
1315,10:38:26,28.84,1382276,479,卖盘
1316,10:38:29,28.84,614226,213,买盘
1317,10:38:32,28.84,449885,156,买盘
1318,10:38:35,28.82,164337,57,卖盘
1319,10:38:38,28.82,732041,254,卖盘
1320,10:38:41,28.81,83576,29,卖盘
1321,10:38:44,28.8,374473,130,卖盘
1322,10:38:47,28.76,356727,124,卖盘
1323,10:38:50,28.75,612584,213,卖盘
1324,10:38:53,28.8,1470986,511,买盘
1325,10:38:56,28.73,92006,32,卖盘
1326,10:38:59,28.79,204145,71,买盘
1327,10:39:02,28.8,834365,290,买盘
1328,10:39:05,28.8,403249,140,买盘
1329,10:39:08,28.76,296354,103,卖盘
1330,10:39:11,28.8,57542,20,买盘
1331,10:39:14,28.79,230160,80,买盘
1332,10:39:17,28.78,152544,53,中性盘
1333,10:39:20,28.76,218576,76,卖盘
1334,10:39:23,28.76,129502,45,中性盘
1335,10:39:26,28.76,373880,130,买盘
1336,10:39:29,28.77,48909,17,中性盘
1337,10:39:32,28.78,238745,83,买盘
1338,10:39:35,28.77,379891,132,卖盘
1339,10:39:38,28.78,474813,165,买盘
1340,10:39:41,28.78,31668,11,卖盘
1341,10:39:44,28.78,316735,110,卖盘
1342,10:39:47,28.78,238905,83,卖盘
1343,10:39:50,28.76,345181,120,卖盘
1344,10:39:53,28.74,692886,241,卖盘
1345,10:39:56,28.74,60354,21,卖盘
1346,10:39:59,28.73,66079,23,卖盘
1347,10:40:02,28.73,123550,43,卖盘
1348,10:40:05,28.72,189557,66,卖盘
1349,10:40:08,28.72,134973,47,卖盘
1350,10:40:11,28.72,356029,124,买盘
1351,10:40:14,28.7,169387,59,卖盘
1352,10:40:17,28.7,476462,166,卖盘
1353,10:40:20,28.7,752169,262,卖盘
1354,10:40:23,28.7,330050,115,卖盘
1355,10:40:26,28.69,129116,45,卖盘
1356,10:40:29,28.68,34422,12,卖盘
1357,10:40:32,28.68,140540,49,卖盘
1358,10:40:35,28.68,106119,37,卖盘
1359,10:40:38,28.69,154906,54,买盘
1360,10:40:41,28.7,548040,191,买盘
1361,10:40:44,28.7,149223,52,买盘
1362,10:40:47,28.7,175046,61,买盘
1363,10:40:50,28.69,226651,79,卖盘
1364,10:40:53,28.68,71718,25,卖盘
1365,10:40:56,28.68,86048,30,卖盘
1366,10:40:59,28.68,524854,183,卖盘
1367,10:41:02,28.68,450362,157,买盘
1368,10:41:05,28.66,177783,62,卖盘
1369,10:41:08,28.67,71661,25,买盘
1370,10:41:11,28.66,25794,9,卖盘
1371,10:41:14,28.66,427103,149,卖盘
1372,10:41:17,28.65,191967,67,卖盘
1373,10:41:20,28.63,60141,21,卖盘
1374,10:41:23,28.63,28630,10,买盘
1375,10:41:26,28.62,120199,42,卖盘
1376,10:41:29,28.62,632570,221,买盘
1377,10:41:32,28.63,506722,177,买盘
1378,10:41:35,28.66,237712,83,买盘
1379,10:41:38,28.61,704100,246,卖盘
1380,10:41:41,28.65,126012,44,买盘
1381,10:41:44,28.65,702118,245,卖盘
1382,10:41:47,28.65,246422,86,卖盘
1383,10:41:50,28.65,541773,189,买盘
1384,10:41:53,28.65,332551,116,买盘
1385,10:41:56,28.61,956612,334,卖盘
1386,10:41:59,28.61,65803,23,买盘
1387,10:42:02,28.65,306359,107,买盘
1388,10:42:08,28.64,40075,14,买盘
1389,10:42:11,28.61,120211,42,卖盘
1390,10:42:14,28.61,60098,21,卖盘
1391,10:42:17,28.63,57234,20,买盘
1392,10:42:20,28.62,143067,50,中性盘
1393,10:42:23,28.64,186130,65,买盘
1394,10:42:26,28.64,3501459,1219,买盘
1395,10:42:29,28.67,14329,5,卖盘
1396,10:42:32,28.78,68860,24,买盘
1397,10:42:35,28.78,63316,22,买盘
1398,10:42:38,28.77,63302,22,卖盘
1399,10:42:41,28.77,20134,7,买盘
1400,10:42:44,28.78,51791,18,买盘
1401,10:42:47,28.78,25902,9,买盘
1402,10:42:50,28.8,227550,79,中性盘
1403,10:42:53,28.8,152633,53,卖盘
1404,10:42:56,28.8,92131,32,买盘
1405,10:42:59,28.79,515296,179,中性盘
1406,10:43:02,28.79,230291,80,卖盘
1407,10:43:05,28.77,141066,49,中性盘
1408,10:43:08,28.79,74837,26,买盘
1409,10:43:11,28.76,135205,47,卖盘
1410,10:43:14,28.76,86280,30,卖盘
1411,10:43:17,28.76,138048,48,买盘
1412,10:43:20,28.75,11501,4,卖盘
1413,10:43:23,28.71,34480,12,卖盘
1414,10:43:26,28.68,28698,10,卖盘
1415,10:43:29,28.68,37285,13,卖盘
1416,10:43:32,28.68,40158,14,卖盘
1417,10:43:35,28.65,166341,58,卖盘
1418,10:43:38,28.68,14340,5,买盘
1419,10:43:41,28.61,60136,21,卖盘
1420,10:43:44,28.68,338248,118,买盘
1421,10:43:47,28.68,83174,29,卖盘
1422,10:43:50,28.69,235230,82,中性盘
1423,10:43:53,28.68,923509,322,卖盘
1424,10:43:56,28.62,17175,6,卖盘
1425,10:43:59,28.62,255033,89,卖盘
1426,10:44:02,28.68,410014,143,买盘
1427,10:44:05,28.64,22914,8,卖盘
1428,10:44:08,28.68,108844,38,买盘
1429,10:44:11,28.68,183489,64,买盘
1430,10:44:14,28.63,183265,64,卖盘
1431,10:44:17,28.69,355627,124,买盘
1432,10:44:20,28.66,657038,229,卖盘
1433,10:44:23,28.69,163471,57,中性盘
1434,10:44:26,28.75,1378507,480,买盘
1435,10:44:29,28.68,65955,23,中性盘
1436,10:44:32,28.68,65983,23,卖盘
1437,10:44:35,28.75,137886,48,买盘
1438,10:44:38,28.75,2875,1,卖盘
1439,10:44:44,28.76,290438,101,买盘
1440,10:44:47,28.76,316319,110,买盘
1441,10:44:50,28.7,330776,115,卖盘
1442,10:44:53,28.75,11500,4,买盘
1443,10:44:56,28.74,22993,8,卖盘
1444,10:44:59,28.75,143750,50,买盘
1445,10:45:02,28.8,555334,193,买盘
1446,10:45:05,28.75,8625,3,卖盘
1447,10:45:11,28.75,486632,169,卖盘
1448,10:45:17,28.8,37440,13,买盘
1449,10:45:20,28.78,51804,18,卖盘
1450,10:45:23,28.7,123626,43,卖盘
1451,10:45:26,28.75,5751,2,中性盘
1452,10:45:29,28.71,22995,8,中性盘
1453,10:45:32,28.7,143529,50,卖盘
1454,10:45:35,28.73,91859,32,买盘
1455,10:45:38,28.7,682920,238,卖盘
1456,10:45:41,28.7,28700,10,买盘
1457,10:45:44,28.7,80358,28,买盘
1458,10:45:47,28.69,137712,48,卖盘
1459,10:45:50,28.68,11473,4,卖盘
1460,10:45:53,28.68,114723,40,卖盘
1461,10:45:56,28.68,40152,14,卖盘
1462,10:45:59,28.68,37264,13,买盘
1463,10:46:02,28.68,25812,9,买盘
1464,10:46:05,28.65,51578,18,卖盘
1465,10:46:08,28.69,249495,87,买盘
1466,10:46:11,28.65,8594,3,买盘
1467,10:46:14,28.64,65876,23,卖盘
1468,10:46:17,28.64,60144,21,买盘
1469,10:46:20,28.63,88754,31,卖盘
1470,10:46:23,28.6,1127114,394,卖盘
1471,10:46:26,28.63,42945,15,买盘
1472,10:46:29,28.6,443354,155,卖盘
1473,10:46:32,28.6,91511,32,卖盘
1474,10:46:35,28.59,62910,22,卖盘
1475,10:46:38,28.58,351762,123,卖盘
1476,10:46:41,28.58,100055,35,卖盘
1477,10:46:44,28.58,2858,1,卖盘
1478,10:46:47,28.57,77159,27,卖盘
1479,10:46:50,28.55,39975,14,卖盘
1480,10:46:53,28.54,365356,128,卖盘
1481,10:46:56,28.53,31383,11,卖盘
1482,10:46:59,28.52,208263,73,卖盘
1483,10:47:02,28.51,775234,272,卖盘
1484,10:47:05,28.5,182462,64,卖盘
1485,10:47:08,28.48,128195,45,卖盘
1486,10:47:11,28.48,88302,31,卖盘
1487,10:47:14,28.47,190812,67,卖盘
1488,10:47:17,28.49,1752256,615,买盘
1489,10:47:20,28.5,3042969,1067,买盘
1490,10:47:23,28.58,277244,97,买盘
1491,10:47:26,28.58,100035,35,卖盘
1492,10:47:29,28.58,285814,100,卖盘
1493,10:47:32,28.59,299802,105,买盘
1494,10:47:35,28.5,612845,215,卖盘
1495,10:47:38,28.52,14260,5,中性盘
1496,10:47:41,28.58,214016,75,买盘
1497,10:47:44,28.56,85549,30,中性盘
1498,10:47:47,28.5,179645,63,卖盘
1499,10:47:50,28.5,45600,16,卖盘
1500,10:47:53,28.5,145350,51,买盘
1501,10:47:56,28.49,37037,13,卖盘
1502,10:47:59,28.49,139640,49,卖盘
1503,10:48:02,28.49,128180,45,卖盘
1504,10:48:05,28.49,131040,46,买盘
1505,10:48:08,28.47,256243,90,卖盘
1506,10:48:11,28.41,68278,24,卖盘
1507,10:48:14,28.44,122356,43,中性盘
1508,10:48:17,28.43,210630,74,卖盘
1509,10:48:20,28.44,942204,331,买盘
1510,10:48:23,28.49,367096,129,中性盘
1511,10:48:26,28.44,110953,39,卖盘
1512,10:48:29,28.45,102398,36,买盘
1513,10:48:32,28.44,62582,22,卖盘
1514,10:48:35,28.44,62589,22,卖盘
1515,10:48:38,28.44,210451,74,卖盘
1516,10:48:41,28.43,59723,21,卖盘
1517,10:48:44,28.43,25589,9,卖盘
1518,10:48:47,28.43,270085,95,卖盘
1519,10:48:50,28.43,88133,31,卖盘
1520,10:48:53,28.42,11368,4,卖盘
1521,10:48:56,28.42,11370,4,卖盘
1522,10:48:59,28.42,5684,2,买盘
1523,10:49:02,28.43,321214,113,买盘
1524,10:49:05,28.43,1714782,603,买盘
1525,10:49:08,28.43,270061,95,买盘
1526,10:49:11,28.42,216012,76,卖盘
1527,10:49:14,28.43,798816,281,买盘
1528,10:49:17,28.46,1015080,357,买盘
1529,10:49:20,28.45,247567,87,卖盘
1530,10:49:23,28.53,848726,298,买盘
1531,10:49:26,28.5,205244,72,卖盘
1532,10:49:29,28.53,5709,2,中性盘
1533,10:49:32,28.53,171391,60,中性盘
1534,10:49:35,28.53,68472,24,买盘
1535,10:49:38,28.59,128391,45,买盘
1536,10:49:44,28.57,80066,28,卖盘
1537,10:49:47,28.59,48603,17,买盘
1538,10:49:50,28.6,71495,25,买盘
1539,10:49:53,28.62,60098,21,买盘
1540,10:49:56,28.6,31464,11,卖盘
1541,10:49:59,28.62,28606,10,中性盘
1542,10:50:02,28.65,154604,54,买盘
1543,10:50:05,28.62,74423,26,卖盘
1544,10:50:08,28.6,5720,2,卖盘
1545,10:50:11,28.6,2860,1,卖盘
1546,10:50:14,28.6,835126,292,卖盘
1547,10:50:17,28.58,68617,24,卖盘
1548,10:50:20,28.58,68604,24,卖盘
1549,10:50:23,28.57,125785,44,卖盘
1550,10:50:26,28.57,2857,1,买盘
1551,10:50:29,28.57,37117,13,买盘
1552,10:50:32,28.52,74192,26,卖盘
1553,10:50:35,28.52,34231,12,卖盘
1554,10:50:38,28.51,148312,52,卖盘
1555,10:50:41,28.52,99814,35,买盘
1556,10:50:44,28.55,108408,38,买盘
1557,10:50:47,28.51,488116,171,卖盘
1558,10:50:50,28.54,11417,4,中性盘
1559,10:50:53,28.57,31413,11,买盘
1560,10:50:56,28.58,8568,3,买盘
1561,10:50:59,28.55,19990,7,卖盘
1562,10:51:02,28.57,337023,118,买盘
1563,10:51:05,28.6,234318,82,买盘
1564,10:51:08,28.55,2336019,818,卖盘
1565,10:51:11,28.55,670925,235,买盘
1566,10:51:14,28.55,94215,33,买盘
1567,10:51:17,28.54,19980,7,卖盘
1568,10:51:20,28.55,14273,5,买盘
1569,10:51:23,28.53,79895,28,卖盘
1570,10:51:26,28.55,97051,34,买盘
1571,10:51:29,28.53,5707,2,卖盘
1572,10:51:32,28.53,376744,132,卖盘
1573,10:51:35,28.53,17118,6,卖盘
1574,10:51:38,28.53,116973,41,卖盘
1575,10:51:41,28.53,25677,9,买盘
1576,10:51:44,28.53,25675,9,买盘
1577,10:51:47,28.52,865224,303,卖盘
1578,10:51:50,28.56,91420,32,中性盘
1579,10:51:53,28.57,151423,53,中性盘
1580,10:51:56,28.59,14289,5,买盘
1581,10:51:59,28.6,60060,21,买盘
1582,10:52:02,28.57,926586,324,卖盘
1583,10:52:05,28.6,108714,38,中性盘
1584,10:52:08,28.59,80073,28,卖盘
1585,10:52:11,28.58,54329,19,卖盘
1586,10:52:14,28.59,5718,2,卖盘
1587,10:52:17,28.59,2859,1,卖盘
1588,10:52:20,28.59,5718,2,买盘
1589,10:52:23,28.62,57210,20,买盘
1590,10:52:29,28.62,85845,30,买盘
1591,10:52:32,28.59,111513,39,卖盘
1592,10:52:35,28.6,11440,4,买盘
1593,10:52:38,28.6,31460,11,买盘
1594,10:52:41,28.6,2860,1,卖盘
1595,10:52:44,28.6,154464,54,卖盘
1596,10:52:47,28.61,17166,6,买盘
1597,10:52:50,28.61,54360,19,卖盘
1598,10:52:53,28.6,8580,3,卖盘
1599,10:52:56,28.6,108680,38,卖盘
1600,10:52:59,28.59,17156,6,卖盘
1601,10:53:02,28.58,37156,13,卖盘
1602,10:53:05,28.56,119975,42,卖盘
1603,10:53:08,28.56,19994,7,卖盘
1604,10:53:11,28.56,5712,2,买盘
1605,10:53:14,28.57,176935,62,买盘
1606,10:53:17,28.54,62794,22,中性盘
1607,10:53:20,28.56,17129,6,买盘
1608,10:53:23,28.56,5712,2,买盘
1609,10:53:26,28.56,8566,3,买盘
1610,10:53:29,28.56,108526,38,买盘
1611,10:53:32,28.56,125664,44,卖盘
1612,10:53:35,28.55,182804,64,卖盘
1613,10:53:41,28.55,2855,1,卖盘
1614,10:53:44,28.55,37115,13,卖盘
1615,10:53:47,28.55,59955,21,卖盘
1616,10:53:53,28.53,14266,5,卖盘
1617,10:53:56,28.53,57060,20,卖盘
1618,10:53:59,28.52,14260,5,卖盘
1619,10:54:02,28.52,48484,17,卖盘
1620,10:54:05,28.51,99811,35,卖盘
1621,10:54:08,28.53,57060,20,买盘
1622,10:54:11,28.51,248037,87,卖盘
1623,10:54:14,28.51,54169,19,卖盘
1624,10:54:17,28.51,2851,1,买盘
1625,10:54:20,28.5,34202,12,卖盘
1626,10:54:23,28.5,179551,63,卖盘
1627,10:54:26,28.51,28501,10,买盘
1628,10:54:29,28.5,59853,21,卖盘
1629,10:54:32,28.5,131110,46,卖盘
1630,10:54:38,28.51,270751,95,买盘
1631,10:54:41,28.5,139669,49,卖盘
1632,10:54:44,28.5,51300,18,卖盘
1633,10:54:47,28.5,99750,35,卖盘
1634,10:54:50,28.49,19943,7,卖盘
1635,10:54:53,28.57,1953924,685,买盘
1636,10:54:56,28.6,588975,206,买盘
1637,10:54:59,28.58,171547,60,卖盘
1638,10:55:02,28.62,340542,119,买盘
1639,10:55:05,28.57,91481,32,卖盘
1640,10:55:08,28.62,437061,153,买盘
1641,10:55:11,28.6,22880,8,买盘
1642,10:55:14,28.59,28591,10,卖盘
1643,10:55:17,28.62,800802,280,买盘
1644,10:55:20,28.64,174605,61,买盘
1645,10:55:23,28.65,85950,30,买盘
1646,10:55:26,28.65,45840,16,买盘
1647,10:55:29,28.68,272283,95,买盘
1648,10:55:32,28.65,31515,11,卖盘
1649,10:55:35,28.68,2868,1,买盘
1650,10:55:38,28.65,513114,179,卖盘
1651,10:55:41,28.68,42994,15,买盘
1652,10:55:44,28.65,11466,4,卖盘
1653,10:55:47,28.69,28690,10,买盘
1654,10:55:50,28.68,40167,14,卖盘
1655,10:55:53,28.7,22958,8,买盘
1656,10:55:56,28.7,341529,119,买盘
1657,10:55:59,28.73,8619,3,买盘
1658,10:56:05,28.74,11495,4,买盘
1659,10:56:08,28.74,1672666,582,卖盘
1660,10:56:11,28.73,232664,81,卖盘
1661,10:56:14,28.69,5738,2,卖盘
1662,10:56:17,28.69,94677,33,卖盘
1663,10:56:20,28.65,91773,32,卖盘
1664,10:56:23,28.61,8585,3,卖盘
1665,10:56:29,28.6,117281,41,卖盘
1666,10:56:32,28.6,22880,8,卖盘
1667,10:56:35,28.6,5720,2,卖盘
1668,10:56:38,28.6,108709,38,卖盘
1669,10:56:41,28.6,2860,1,买盘
1670,10:56:44,28.6,131540,46,买盘
1671,10:56:47,28.6,5720,2,买盘
1672,10:56:50,28.58,5717,2,卖盘
1673,10:56:53,28.57,28577,10,卖盘
1674,10:56:56,28.55,22851,8,卖盘
1675,10:56:59,28.55,5713,2,卖盘
1676,10:57:05,28.5,191038,67,卖盘
1677,10:57:14,28.53,91262,32,买盘
1678,10:57:17,28.61,700168,245,买盘
1679,10:57:20,28.61,125883,44,买盘
1680,10:57:23,28.61,11449,4,卖盘
1681,10:57:26,28.6,168749,59,卖盘
1682,10:57:29,28.61,28610,10,中性盘
1683,10:57:32,28.6,692120,242,卖盘
1684,10:57:35,28.6,163020,57,卖盘
1685,10:57:38,28.6,125840,44,卖盘
1686,10:57:41,28.6,105834,37,卖盘
1687,10:57:44,28.6,22881,8,卖盘
1688,10:57:47,28.6,654940,229,卖盘
1689,10:57:50,28.6,11440,4,买盘
1690,10:57:53,28.6,34320,12,买盘
1691,10:57:56,28.58,5716,2,卖盘
1692,10:57:59,28.59,11434,4,卖盘
1693,10:58:05,28.54,17128,6,卖盘
1694,10:58:14,28.55,8565,3,买盘
1695,10:58:17,28.54,17126,6,卖盘
1696,10:58:20,28.55,5709,2,中性盘
1697,10:58:23,28.54,2854,1,卖盘
1698,10:58:26,28.55,139822,49,买盘
1699,10:58:29,28.54,39967,14,中性盘
1700,10:58:32,28.55,39970,14,买盘
1701,10:58:35,28.53,214059,75,卖盘
1702,10:58:41,28.53,39942,14,卖盘
1703,10:58:44,28.53,88453,31,卖盘
1704,10:58:47,28.6,797112,279,买盘
1705,10:58:50,28.6,97240,34,卖盘
1706,10:58:56,28.61,709281,248,买盘
1707,10:58:59,28.6,694980,243,卖盘
1708,10:59:02,28.6,165880,58,卖盘
1709,10:59:05,28.6,42900,15,卖盘
1710,10:59:11,28.53,48606,17,卖盘
1711,10:59:14,28.6,20020,7,买盘
1712,10:59:17,28.6,117205,41,买盘
1713,10:59:20,28.54,2854,1,中性盘
1714,10:59:23,28.52,108415,38,卖盘
1715,10:59:26,28.52,45636,16,卖盘
1716,10:59:29,28.53,168327,59,卖盘
1717,10:59:32,28.53,65608,23,卖盘
1718,10:59:35,28.53,14265,5,中性盘
1719,10:59:38,28.52,77004,27,卖盘
1720,10:59:41,28.52,290810,102,卖盘
1721,10:59:44,28.52,134044,47,卖盘
1722,10:59:47,28.6,1239654,434,买盘
1723,10:59:56,28.55,14277,5,卖盘
1724,11:00:02,28.65,909420,318,买盘
1725,11:00:05,28.65,260717,91,买盘
1726,11:00:08,28.72,656843,229,买盘
1727,11:00:11,28.73,656978,229,买盘
1728,11:00:14,28.73,83307,29,买盘
1729,11:00:17,28.73,295438,103,卖盘
1730,11:00:20,28.74,74722,26,买盘
1731,11:00:23,28.73,60353,21,卖盘
1732,11:00:26,28.73,28730,10,卖盘
1733,11:00:29,28.72,57449,20,中性盘
1734,11:00:32,28.72,22976,8,买盘
1735,11:00:35,28.73,289358,101,买盘
1736,11:00:38,28.7,5740,2,买盘
1737,11:00:41,28.7,22924,8,买盘
1738,11:00:44,28.7,54530,19,买盘
1739,11:00:47,28.7,172200,60,买盘
1740,11:00:50,28.7,106187,37,买盘
1741,11:00:53,28.7,1293694,450,买盘
1742,11:00:56,28.7,694633,242,买盘
1743,11:00:59,28.72,20103,7,中性盘
1744,11:01:02,28.75,11500,4,中性盘
1745,11:01:05,28.76,1825220,634,买盘
1746,11:01:08,28.84,1463783,508,买盘
1747,11:01:11,28.85,331630,115,买盘
1748,11:01:14,28.85,46160,16,买盘
1749,11:01:17,28.85,8655,3,买盘
1750,11:01:20,28.84,294257,102,卖盘
1751,11:01:23,28.85,54806,19,买盘
1752,11:01:26,28.85,31735,11,买盘
1753,11:01:29,28.86,152911,53,买盘
1754,11:01:32,28.86,34632,12,买盘
1755,11:01:35,28.88,121236,42,买盘
1756,11:01:38,28.89,482380,167,买盘
1757,11:01:41,28.91,436441,151,买盘
1758,11:01:44,28.94,344158,119,买盘
1759,11:01:47,28.92,95427,33,中性盘
1760,11:01:50,28.95,66563,23,买盘
1761,11:01:53,28.95,57890,20,买盘
1762,11:01:56,28.96,390875,135,买盘
1763,11:01:59,28.94,243176,84,卖盘
1764,11:02:02,28.95,127307,44,买盘
1765,11:02:05,28.97,318663,110,买盘
1766,11:02:08,28.95,304060,105,卖盘
1767,11:02:11,28.96,324322,112,中性盘
1768,11:02:14,28.96,202720,70,卖盘
1769,11:02:17,28.95,161943,56,买盘
1770,11:02:20,28.94,176509,61,中性盘
1771,11:02:23,28.9,72250,25,卖盘
1772,11:02:26,28.9,80924,28,卖盘
1773,11:02:29,28.94,506332,175,买盘
1774,11:02:32,28.94,677130,234,卖盘
1775,11:02:35,28.91,170602,59,卖盘
1776,11:02:38,28.94,153382,53,买盘
1777,11:02:41,28.91,112766,39,卖盘
1778,11:02:44,28.91,49165,17,买盘
1779,11:02:47,28.93,34717,12,卖盘
1780,11:02:50,28.93,43395,15,卖盘
1781,11:02:53,28.93,309278,107,卖盘
1782,11:02:56,28.92,170728,59,中性盘
1783,11:02:59,28.9,170519,59,卖盘
1784,11:03:02,28.9,286110,99,买盘
1785,11:03:05,28.9,158925,55,买盘
1786,11:03:08,28.9,352812,122,买盘
1787,11:03:11,28.89,63561,22,卖盘
1788,11:03:17,28.88,63541,22,卖盘
1789,11:03:20,28.88,28873,10,买盘
1790,11:03:23,28.86,60618,21,卖盘
1791,11:03:26,28.86,164504,57,卖盘
1792,11:03:29,28.86,126985,44,卖盘
1793,11:03:32,28.86,89466,31,卖盘
1794,11:03:35,28.82,4181719,1449,卖盘
1795,11:03:44,28.78,20146,7,卖盘
1796,11:03:47,28.77,34529,12,中性盘
1797,11:03:50,28.76,69031,24,卖盘
1798,11:03:53,28.75,189810,66,卖盘
1799,11:03:56,28.73,103433,36,卖盘
1800,11:03:59,28.73,5746,2,买盘
1801,11:04:02,28.8,609637,212,买盘
1802,11:04:05,28.72,353561,123,卖盘
1803,11:04:08,28.74,71815,25,买盘
1804,11:04:11,28.73,86218,30,卖盘
1805,11:04:14,28.72,166635,58,卖盘
1806,11:04:17,28.73,28730,10,买盘
1807,11:04:20,28.73,37360,13,卖盘
1808,11:04:23,28.74,80459,28,买盘
1809,11:04:26,28.73,169502,59,卖盘
1810,11:04:29,28.73,14365,5,买盘
1811,11:04:32,28.72,117767,41,卖盘
1812,11:04:35,28.72,172329,60,卖盘
1813,11:04:38,28.71,66074,23,卖盘
1814,11:04:41,28.72,2872,1,买盘
1815,11:04:44,28.71,31586,11,卖盘
1816,11:04:47,28.72,100511,35,买盘
1817,11:04:50,28.73,387799,135,买盘
1818,11:04:53,28.73,60338,21,卖盘
1819,11:04:56,28.71,71809,25,卖盘
1820,11:04:59,28.73,5746,2,卖盘
1821,11:05:02,28.7,80404,28,卖盘
1822,11:05:05,28.7,14350,5,买盘
1823,11:05:08,28.7,31555,11,买盘
1824,11:05:11,28.68,22944,8,卖盘
1825,11:05:14,28.66,14334,5,卖盘
1826,11:05:17,28.7,269754,94,买盘
1827,11:05:20,28.7,71562,25,买盘
1828,11:05:23,28.68,22944,8,买盘
1829,11:05:26,28.68,20072,7,买盘
1830,11:05:29,28.63,8589,3,卖盘
1831,11:05:32,28.67,45878,16,中性盘
1832,11:05:35,28.68,5736,2,中性盘
1833,11:05:38,28.68,28688,10,卖盘
1834,11:05:44,28.68,51624,18,卖盘
1835,11:05:47,28.67,14335,5,卖盘
1836,11:05:50,28.66,31526,11,卖盘
1837,11:05:53,28.63,31496,11,卖盘
1838,11:05:56,28.63,14315,5,卖盘
1839,11:06:02,28.62,80144,28,卖盘
1840,11:06:05,28.62,40068,14,卖盘
1841,11:06:08,28.62,128790,45,卖盘
1842,11:06:11,28.61,177382,62,卖盘
1843,11:06:14,28.61,71525,25,卖盘
1844,11:06:17,28.6,191684,67,卖盘
1845,11:06:20,28.6,22886,8,卖盘
1846,11:06:23,28.6,28600,10,卖盘
1847,11:06:26,28.6,486200,170,卖盘
1848,11:06:29,28.6,1086800,380,卖盘
1849,11:06:35,28.58,57140,20,卖盘
1850,11:06:38,28.56,8568,3,卖盘
1851,11:06:41,28.56,17136,6,卖盘
1852,11:06:44,28.55,37117,13,卖盘
1853,11:06:47,28.55,219909,77,卖盘
1854,11:06:50,28.56,217042,76,买盘
1855,11:06:53,28.54,154165,54,卖盘
1856,11:06:56,28.55,111334,39,买盘
1857,11:06:59,28.54,88462,31,中性盘
1858,11:07:02,28.52,136901,48,卖盘
1859,11:07:08,28.53,870181,305,买盘
1860,11:07:11,28.51,611055,214,卖盘
1861,11:07:14,28.53,22828,8,中性盘
1862,11:07:17,28.52,68494,24,卖盘
1863,11:07:20,28.52,51336,18,买盘
1864,11:07:23,28.5,367694,129,卖盘
1865,11:07:26,28.51,37064,13,中性盘
1866,11:07:29,28.5,14250,5,卖盘
1867,11:07:32,28.5,199522,70,卖盘
1868,11:07:35,28.5,105454,37,卖盘
1869,11:07:38,28.51,316394,111,买盘
1870,11:07:41,28.46,501063,176,卖盘
1871,11:07:44,28.49,5699,2,卖盘
1872,11:07:47,28.45,8538,3,卖盘
1873,11:07:50,28.46,51267,18,中性盘
1874,11:07:53,28.45,51241,18,卖盘
1875,11:07:56,28.45,39830,14,卖盘
1876,11:07:59,28.48,19930,7,买盘
1877,11:08:02,28.45,133717,47,卖盘
1878,11:08:05,28.48,34161,12,买盘
1879,11:08:08,28.48,184962,65,买盘
1880,11:08:11,28.48,153732,54,买盘
1881,11:08:14,28.48,68343,24,买盘
1882,11:08:17,28.49,59805,21,买盘
1883,11:08:20,28.5,37038,13,买盘
1884,11:08:23,28.49,213662,75,卖盘
1885,11:08:26,28.5,19950,7,买盘
1886,11:08:29,28.49,85470,30,卖盘
1887,11:08:32,28.49,76931,27,买盘
1888,11:08:38,28.46,162312,57,卖盘
1889,11:08:41,28.45,19920,7,卖盘
1890,11:08:44,28.46,39844,14,买盘
1891,11:08:47,28.46,14230,5,卖盘
1892,11:08:50,28.46,71170,25,卖盘
1893,11:08:53,28.46,156530,55,买盘
1894,11:08:56,28.46,68298,24,买盘
1895,11:08:59,28.45,76818,27,卖盘
1896,11:09:02,28.45,85350,30,卖盘
1897,11:09:05,28.45,62590,22,卖盘
1898,11:09:08,28.45,142250,50,买盘
1899,11:09:11,28.45,270275,95,买盘
1900,11:09:14,28.49,705866,248,买盘
1901,11:09:17,28.49,45546,16,买盘
1902,11:09:20,28.49,71195,25,买盘
1903,11:09:26,28.45,11381,4,卖盘
1904,11:09:29,28.48,51253,18,中性盘
1905,11:09:32,28.49,94009,33,买盘
1906,11:09:35,28.5,28497,10,买盘
1907,11:09:38,28.48,28489,10,卖盘
1908,11:09:41,28.48,96770,34,买盘
1909,11:09:44,28.48,59808,21,买盘
1910,11:09:47,28.48,34176,12,买盘
1911,11:09:50,28.48,39872,14,卖盘
1912,11:09:53,28.49,133880,47,买盘
1913,11:09:59,28.49,25641,9,买盘
1914,11:10:05,28.49,54131,19,卖盘
1915,11:10:08,28.48,28489,10,卖盘
1916,11:10:14,28.48,93984,33,卖盘
1917,11:10:17,28.48,31328,11,卖盘
1918,11:10:20,28.47,31327,11,卖盘
1919,11:10:23,28.47,19935,7,卖盘
1920,11:10:26,28.47,125307,44,卖盘
1921,11:10:29,28.47,116727,41,卖盘
1922,11:10:35,28.47,14235,5,买盘
1923,11:10:38,28.46,82538,29,卖盘
1924,11:10:41,28.47,14235,5,买盘
1925,11:10:44,28.46,45536,16,卖盘
1926,11:10:47,28.5,834468,293,买盘
1927,11:10:50,28.5,99750,35,买盘
1928,11:10:53,28.49,51299,18,卖盘
1929,11:10:56,28.5,17090,6,买盘
1930,11:11:02,28.45,99598,35,卖盘
1931,11:11:05,28.47,25636,9,中性盘
1932,11:11:08,28.48,2848,1,卖盘
1933,11:11:11,28.47,19929,7,卖盘
1934,11:11:14,28.47,11388,4,买盘
1935,11:11:17,28.47,48399,17,买盘
1936,11:11:20,28.45,59748,21,卖盘
1937,11:11:23,28.45,31295,11,卖盘
1938,11:11:26,28.47,62594,22,买盘
1939,11:11:32,28.47,2847,1,买盘
1940,11:11:35,28.46,28460,10,卖盘
1941,11:11:38,28.47,85380,30,买盘
1942,11:11:44,28.46,36996,13,买盘
1943,11:11:47,28.45,11380,4,卖盘
1944,11:11:50,28.45,56900,20,卖盘
1945,11:11:53,28.46,19922,7,买盘
1946,11:11:59,28.45,8537,3,卖盘
1947,11:12:02,28.43,102386,36,卖盘
1948,11:12:05,28.45,36987,13,中性盘
1949,11:12:08,28.45,8535,3,买盘
1950,11:12:11,28.45,45507,16,买盘
1951,11:12:20,28.44,2844,1,买盘
1952,11:12:23,28.44,99538,35,买盘
1953,11:12:26,28.42,395157,139,卖盘
1954,11:12:29,28.43,42640,15,买盘
1955,11:12:32,28.4,903264,318,卖盘
1956,11:12:35,28.39,19873,7,卖盘
1957,11:12:38,28.39,48263,17,卖盘
1958,11:12:41,28.4,144840,51,买盘
1959,11:12:44,28.39,73816,26,卖盘
1960,11:12:47,28.39,2839,1,卖盘
1961,11:12:50,28.4,834960,294,买盘
1962,11:12:53,28.39,59638,21,卖盘
1963,11:12:56,28.4,19878,7,卖盘
1964,11:12:59,28.4,36920,13,卖盘
1965,11:13:02,28.39,85178,30,卖盘
1966,11:13:05,28.43,576694,203,买盘
1967,11:13:08,28.44,19908,7,买盘
1968,11:13:11,28.39,531177,187,卖盘
1969,11:13:14,28.44,1148129,405,买盘
1970,11:13:20,28.43,28425,10,买盘
1971,11:13:23,28.43,2058451,728,中性盘
1972,11:13:26,28.43,65403,23,卖盘
1973,11:13:29,28.39,193320,68,卖盘
1974,11:13:32,28.39,19870,7,买盘
1975,11:13:44,28.36,19860,7,卖盘
1976,11:13:47,28.36,17016,6,买盘
1977,11:13:50,28.38,113423,40,买盘
1978,11:13:56,28.34,167319,59,卖盘
1979,11:13:59,28.36,14180,5,买盘
1980,11:14:02,28.34,215463,76,卖盘
1981,11:14:05,28.36,14174,5,买盘
1982,11:14:08,28.36,14180,5,买盘
1983,11:14:11,28.36,28356,10,买盘
1984,11:14:14,28.36,104932,37,买盘
1985,11:14:20,28.36,48212,17,卖盘
1986,11:14:23,28.36,8508,3,买盘
1987,11:14:26,28.35,277903,98,卖盘
1988,11:14:29,28.36,175888,62,买盘
1989,11:14:32,28.38,34035,12,买盘
1990,11:14:35,28.36,42540,15,卖盘
1991,11:14:38,28.36,5672,2,买盘
1992,11:14:41,28.36,19852,7,买盘
1993,11:14:44,28.35,45365,16,卖盘
1994,11:14:47,28.35,39703,14,卖盘
1995,11:14:50,28.36,28360,10,买盘
1996,11:14:53,28.36,5672,2,卖盘
1997,11:14:56,28.38,241174,85,买盘
1998,11:14:59,28.36,136128,48,卖盘
1999,11:15:02,28.38,70904,25,买盘
2000,11:15:05,28.38,25536,9,买盘
2001,11:15:08,28.35,45371,16,卖盘
2002,11:15:11,28.36,5672,2,买盘
2003,11:15:14,28.38,90816,32,买盘
2004,11:15:17,28.36,14188,5,卖盘
2005,11:15:20,28.38,5676,2,买盘
2006,11:15:23,28.38,31220,11,卖盘
2007,11:15:29,28.38,25544,9,卖盘
2008,11:15:32,28.38,19866,7,买盘
2009,11:15:35,28.37,14187,5,卖盘
2010,11:15:38,28.37,8511,3,卖盘
2011,11:15:41,28.37,5674,2,买盘
2012,11:15:47,28.36,107779,38,卖盘
2013,11:15:50,28.38,85134,30,买盘
2014,11:15:53,28.36,39706,14,卖盘
2015,11:15:56,28.37,28370,10,买盘
2016,11:16:02,28.36,53889,19,卖盘
2017,11:16:05,28.36,19852,7,买盘
2018,11:16:08,28.36,187197,66,卖盘
2019,11:16:11,28.35,14181,5,卖盘
2020,11:16:14,28.36,17016,6,买盘
2021,11:16:17,28.35,8505,3,卖盘
2022,11:16:20,28.35,31199,11,卖盘
2023,11:16:23,28.35,31195,11,卖盘
2024,11:16:26,28.35,31186,11,卖盘
2025,11:16:32,28.36,76549,27,中性盘
2026,11:16:35,28.35,25520,9,卖盘
2027,11:16:41,28.34,102034,36,卖盘
2028,11:16:47,28.33,48161,17,卖盘
2029,11:16:50,28.33,28330,10,卖盘
2030,11:16:53,28.33,67992,24,卖盘
2031,11:16:56,28.33,45328,16,卖盘
2032,11:17:02,28.33,11332,4,买盘
2033,11:17:08,28.3,42462,15,卖盘
2034,11:17:11,28.3,8490,3,卖盘
2035,11:17:14,28.3,28300,10,卖盘
2036,11:17:17,28.31,79246,28,买盘
2037,11:17:20,28.31,39621,14,买盘
2038,11:17:26,28.31,84908,30,买盘
2039,11:17:29,28.3,25470,9,买盘
2040,11:17:32,28.32,252016,89,买盘
2041,11:17:35,28.35,954852,337,买盘
2042,11:17:38,28.35,521912,184,卖盘
2043,11:17:41,28.39,25535,9,买盘
2044,11:17:44,28.39,28390,10,买盘
2045,11:17:47,28.36,121980,43,卖盘
2046,11:17:50,28.37,28372,10,中性盘
2047,11:17:56,28.37,42566,15,卖盘
2048,11:18:02,28.39,25546,9,买盘
2049,11:18:08,28.39,141950,50,买盘
2050,11:18:14,28.39,68116,24,买盘
2051,11:18:17,28.39,22712,8,买盘
2052,11:18:20,28.39,8517,3,买盘
2053,11:18:26,28.39,14195,5,买盘
2054,11:18:29,28.38,19867,7,中性盘
2055,11:18:32,28.38,14190,5,卖盘
2056,11:18:35,28.38,96487,34,买盘
2057,11:18:41,28.37,8511,3,买盘
2058,11:18:50,28.36,28362,10,卖盘
2059,11:18:53,28.37,22696,8,买盘
2060,11:18:59,28.37,14185,5,买盘
2061,11:19:02,28.38,68108,24,买盘
2062,11:19:05,28.36,11344,4,卖盘
2063,11:19:08,28.35,31185,11,卖盘
2064,11:19:17,28.34,56692,20,卖盘
2065,11:19:20,28.34,104857,37,买盘
2066,11:19:23,28.33,5666,2,中性盘
2067,11:19:26,28.32,107619,38,卖盘
2068,11:19:29,28.32,70800,25,卖盘
2069,11:19:32,28.32,11328,4,买盘
2070,11:19:35,28.31,118902,42,卖盘
2071,11:19:38,28.31,16986,6,卖盘
2072,11:19:41,28.31,19817,7,买盘
2073,11:19:44,28.3,135840,48,卖盘
2074,11:19:53,28.29,19808,7,卖盘
2075,11:19:56,28.29,5658,2,买盘
2076,11:20:02,28.29,59409,21,买盘
2077,11:20:06,28.29,243364,86,中性盘
2078,11:20:08,28.31,135855,48,买盘
2079,11:20:11,28.33,93465,33,买盘
2080,11:20:20,28.32,2832,1,卖盘
2081,11:20:23,28.32,5664,2,中性盘
2082,11:20:26,28.32,11327,4,买盘
2083,11:20:29,28.32,14160,5,买盘
2084,11:20:35,28.31,14155,5,卖盘
2085,11:20:38,28.32,36813,13,买盘
2086,11:20:41,28.32,16987,6,买盘
2087,11:20:44,28.32,167057,59,买盘
2088,11:20:47,28.32,2832,1,买盘
2089,11:20:50,28.31,167089,59,卖盘
2090,11:20:53,28.32,33985,12,卖盘
2091,11:20:56,28.32,16994,6,卖盘
2092,11:20:59,28.32,2832,1,卖盘
2093,11:21:02,28.33,110487,39,买盘
2094,11:21:05,28.33,22666,8,卖盘
2095,11:21:11,28.33,14165,5,卖盘
2096,11:21:14,28.34,5668,2,买盘
2097,11:21:17,28.34,14170,5,卖盘
2098,11:21:23,28.35,2835,1,买盘
2099,11:21:29,28.35,376932,133,买盘
2100,11:21:35,28.36,5672,2,买盘
2101,11:21:38,28.38,11352,4,买盘
2102,11:21:41,28.38,5676,2,买盘
2103,11:21:44,28.38,59598,21,买盘
2104,11:21:47,28.39,70975,25,买盘
2105,11:21:50,28.39,88009,31,买盘
2106,11:21:53,28.39,5678,2,买盘
2107,11:21:56,28.39,193052,68,买盘
2108,11:21:59,28.39,42607,15,卖盘
2109,11:22:02,28.4,31241,11,卖盘
2110,11:22:05,28.4,42600,15,卖盘
2111,11:22:08,28.41,8523,3,卖盘
2112,11:22:11,28.36,445654,157,卖盘
2113,11:22:14,28.35,513168,181,卖盘
2114,11:22:29,28.36,28360,10,卖盘
2115,11:22:32,28.34,31183,11,卖盘
2116,11:22:38,28.34,8502,3,买盘
2117,11:22:44,28.34,178529,63,买盘
2118,11:22:47,28.32,36830,13,卖盘
2119,11:22:53,28.32,867027,306,卖盘
2120,11:22:56,28.3,141536,50,卖盘
2121,11:22:59,28.31,2831,1,卖盘
2122,11:23:02,28.32,19823,7,买盘
2123,11:23:11,28.32,5664,2,中性盘
2124,11:23:14,28.32,2832,1,卖盘
2125,11:23:17,28.31,90592,32,卖盘
2126,11:23:20,28.3,138718,49,卖盘
2127,11:23:23,28.3,169821,60,卖盘
2128,11:23:29,28.31,42477,15,卖盘
2129,11:23:35,28.35,93554,33,买盘
2130,11:23:38,28.31,82104,29,卖盘
2131,11:23:41,28.31,14155,5,卖盘
2132,11:23:47,28.31,39635,14,卖盘
2133,11:23:50,28.31,87798,31,卖盘
2134,11:23:53,28.32,14156,5,买盘
2135,11:23:56,28.32,48144,17,卖盘
2136,11:23:59,28.32,11328,4,卖盘
2137,11:24:02,28.32,2832,1,卖盘
2138,11:24:11,28.33,14165,5,买盘
2139,11:24:14,28.33,50999,18,买盘
2140,11:24:17,28.34,1144928,404,买盘
2141,11:24:20,28.34,422237,149,买盘
2142,11:24:23,28.35,36855,13,买盘
2143,11:24:26,28.36,158747,56,买盘
2144,11:24:29,28.36,133292,47,卖盘
2145,11:24:32,28.35,5670,2,中性盘
2146,11:24:35,28.36,82244,29,买盘
2147,11:24:41,28.42,264045,93,买盘
2148,11:24:47,28.4,14202,5,卖盘
2149,11:24:50,28.43,59679,21,买盘
2150,11:24:53,28.43,2843,1,买盘
2151,11:24:56,28.43,8529,3,买盘
2152,11:24:59,28.43,147836,52,买盘
2153,11:25:02,28.43,2843,1,卖盘
2154,11:25:05,28.43,113720,40,卖盘
2155,11:25:08,28.43,116568,41,卖盘
2156,11:25:11,28.43,2843,1,中性盘
2157,11:25:14,28.43,51174,18,买盘
2158,11:25:17,28.43,122249,43,买盘
2159,11:25:20,28.43,39814,14,卖盘
2160,11:25:23,28.44,48346,17,买盘
2161,11:25:26,28.44,142151,50,买盘
2162,11:25:29,28.44,28440,10,买盘
2163,11:25:35,28.43,307044,108,卖盘
2164,11:25:38,28.43,122239,43,买盘
2165,11:25:41,28.44,156418,55,买盘
2166,11:25:44,28.45,42675,15,买盘
2167,11:25:47,28.45,8535,3,买盘
2168,11:25:50,28.44,39816,14,卖盘
2169,11:25:56,28.46,409590,144,买盘
2170,11:25:59,28.45,65438,23,卖盘
2171,11:26:02,28.45,22760,8,卖盘
2172,11:26:05,28.45,5691,2,卖盘
2173,11:26:08,28.45,34149,12,卖盘
2174,11:26:11,28.46,56920,20,买盘
2175,11:26:14,28.46,364183,128,买盘
2176,11:26:20,28.46,73976,26,买盘
2177,11:26:23,28.46,14230,5,卖盘
2178,11:26:26,28.46,71150,25,卖盘
2179,11:26:41,28.46,28463,10,卖盘
2180,11:26:44,28.47,99611,35,中性盘
2181,11:26:47,28.46,54077,19,卖盘
2182,11:26:50,28.46,136608,48,卖盘
2183,11:26:53,28.47,74008,26,买盘
2184,11:26:56,28.46,8538,3,买盘
2185,11:26:59,28.49,185074,65,买盘
2186,11:27:02,28.46,11384,4,卖盘
2187,11:27:05,28.46,256380,90,买盘
2188,11:27:08,28.45,11380,4,卖盘
2189,11:27:11,28.46,42690,15,买盘
2190,11:27:14,28.45,85355,30,卖盘
2191,11:27:20,28.47,2847,1,卖盘
2192,11:27:23,28.47,2847,1,卖盘
2193,11:27:29,28.46,2846,1,中性盘
2194,11:27:35,28.45,39831,14,卖盘
2195,11:27:38,28.52,789362,277,买盘
2196,11:27:41,28.54,136962,48,买盘
2197,11:27:44,28.58,37152,13,买盘
2198,11:27:47,28.58,42868,15,买盘
2199,11:27:50,28.59,22872,8,买盘
2200,11:27:59,28.59,71475,25,买盘
2201,11:28:02,28.59,8577,3,卖盘
2202,11:28:05,28.6,5720,2,买盘
2203,11:28:08,28.6,231599,81,买盘
2204,11:28:11,28.6,82914,29,买盘
2205,11:28:17,28.59,197280,69,卖盘
2206,11:28:20,28.59,108649,38,卖盘
2207,11:28:23,28.59,57180,20,买盘
2208,11:28:26,28.59,2859,1,买盘
2209,11:28:29,28.55,31428,11,卖盘
2210,11:28:32,28.58,37133,13,买盘
2211,11:28:35,28.58,2858,1,买盘
2212,11:28:41,28.6,1269797,444,买盘
2213,11:28:44,28.61,28610,10,中性盘
2214,11:28:47,28.6,85800,30,卖盘
2215,11:28:50,28.65,22891,8,买盘
2216,11:28:53,28.6,131608,46,卖盘
2217,11:28:59,28.65,68710,24,买盘
2218,11:29:02,28.58,151528,53,卖盘
2219,11:29:05,28.59,2859,1,买盘
2220,11:29:11,28.58,11432,4,卖盘
2221,11:29:14,28.51,14255,5,卖盘
2222,11:29:17,28.51,48467,17,卖盘
2223,11:29:20,28.56,25694,9,中性盘
2224,11:29:23,28.51,74211,26,中性盘
2225,11:29:26,28.5,71272,25,卖盘
2226,11:29:29,28.55,14276,5,中性盘
2227,11:29:35,28.53,131326,46,卖盘
2228,11:29:41,28.56,37118,13,买盘
2229,11:29:44,28.53,62778,22,卖盘
2230,11:29:50,28.51,145478,51,卖盘
2231,11:29:56,28.53,5706,2,买盘
2232,13:00:02,28.5,1451214,509,卖盘
2233,13:00:06,28.52,692947,243,买盘
2234,13:00:08,28.5,1404221,492,卖盘
2235,13:00:11,28.52,102652,36,中性盘
2236,13:00:14,28.5,495961,174,卖盘
2237,13:00:17,28.5,420660,148,卖盘
2238,13:00:23,28.49,28490,10,卖盘
2239,13:00:26,28.49,34188,12,买盘
2240,13:00:29,28.49,22792,8,买盘
2241,13:00:32,28.5,19950,7,买盘
2242,13:00:35,28.5,22794,8,买盘
2243,13:00:38,28.5,34200,12,卖盘
2244,13:00:41,28.5,162416,57,买盘
2245,13:00:44,28.51,37063,13,卖盘
2246,13:00:47,28.48,2848,1,卖盘
2247,13:00:50,28.5,108295,38,买盘
2248,13:00:53,28.5,5700,2,卖盘
2249,13:00:59,28.5,2850,1,买盘
2250,13:01:02,28.47,68371,24,卖盘
2251,13:01:05,28.47,28465,10,买盘
2252,13:01:08,28.45,5690,2,卖盘
2253,13:01:14,28.44,36983,13,卖盘
2254,13:01:17,28.44,85320,30,卖盘
2255,13:01:20,28.44,2844,1,卖盘
2256,13:01:23,28.44,2844,1,卖盘
2257,13:01:26,28.48,76813,27,买盘
2258,13:01:29,28.45,2845,1,卖盘
2259,13:01:32,28.45,8535,3,卖盘
2260,13:01:35,28.43,62563,22,卖盘
2261,13:01:38,28.43,11372,4,卖盘
2262,13:01:44,28.43,11372,4,卖盘
2263,13:01:47,28.43,5686,2,卖盘
2264,13:01:50,28.43,88133,31,卖盘
2265,13:01:59,28.42,2842,1,卖盘
2266,13:02:05,28.42,59682,21,卖盘
2267,13:02:08,28.41,2841,1,卖盘
2268,13:02:11,28.41,53979,19,卖盘
2269,13:02:14,28.41,8523,3,卖盘
2270,13:02:23,28.4,5680,2,卖盘
2271,13:02:26,28.4,73840,26,卖盘
2272,13:02:29,28.4,17039,6,买盘
2273,13:02:35,28.38,14190,5,卖盘
2274,13:02:44,28.35,85108,30,卖盘
2275,13:02:50,28.36,11344,4,卖盘
2276,13:02:53,28.35,31185,11,卖盘
2277,13:02:56,28.33,101995,36,卖盘
2278,13:02:59,28.33,2833,1,买盘
2279,13:03:02,28.32,433362,153,卖盘
2280,13:03:05,28.3,475615,168,卖盘
2281,13:03:08,28.3,16984,6,卖盘
2282,13:03:11,28.3,42455,15,卖盘
2283,13:03:14,28.3,14150,5,卖盘
2284,13:03:17,28.31,421710,149,买盘
2285,13:03:20,28.3,39607,14,买盘
2286,13:03:23,28.3,19804,7,买盘
2287,13:03:26,28.3,5660,2,买盘
2288,13:03:29,28.29,93380,33,卖盘
2289,13:03:32,28.3,113170,40,买盘
2290,13:03:35,28.3,16979,6,买盘
2291,13:03:38,28.32,50952,18,买盘
2292,13:03:41,28.3,254632,90,卖盘
2293,13:03:44,28.32,19824,7,买盘
2294,13:03:47,28.32,79254,28,买盘
2295,13:03:53,28.3,5660,2,卖盘
2296,13:03:59,28.3,56621,20,卖盘
2297,13:04:02,28.31,25474,9,买盘
2298,13:04:05,28.31,2831,1,卖盘
2299,13:04:08,28.3,198136,70,卖盘
2300,13:04:11,28.3,65094,23,卖盘
2301,13:04:14,28.31,93446,33,买盘
2302,13:04:17,28.28,107465,38,卖盘
2303,13:04:20,28.28,53732,19,买盘
2304,13:04:23,28.28,8484,3,买盘
2305,13:04:26,28.28,96119,34,买盘
2306,13:04:29,28.27,59379,21,卖盘
2307,13:04:32,28.28,39589,14,买盘
2308,13:04:35,28.3,25468,9,买盘
2309,13:04:41,28.26,387373,137,卖盘
2310,13:04:44,28.3,87715,31,买盘
2311,13:04:47,28.29,45264,16,买盘
2312,13:04:53,28.29,16970,6,买盘
2313,13:04:56,28.3,5660,2,买盘
2314,13:04:59,28.3,144330,51,买盘
2315,13:05:02,28.31,90582,32,买盘
2316,13:05:05,28.33,16994,6,买盘
2317,13:05:14,28.35,76501,27,买盘
2318,13:05:17,28.35,113400,40,买盘
2319,13:05:20,28.35,85050,30,买盘
2320,13:05:23,28.36,8508,3,买盘
2321,13:05:32,28.36,25540,9,卖盘
2322,13:05:35,28.38,31218,11,买盘
2323,13:05:38,28.36,459352,162,卖盘
2324,13:05:41,28.34,87911,31,卖盘
2325,13:05:44,28.36,8508,3,买盘
2326,13:05:47,28.36,17016,6,买盘
2327,13:05:50,28.36,113350,40,买盘
2328,13:05:56,28.34,99251,35,卖盘
2329,13:05:59,28.38,266693,94,买盘
2330,13:06:02,28.38,25542,9,卖盘
2331,13:06:05,28.38,42570,15,买盘
2332,13:06:08,28.38,19866,7,买盘
2333,13:06:11,28.39,2839,1,买盘
2334,13:06:14,28.38,11352,4,卖盘
2335,13:06:17,28.38,2838,1,卖盘
2336,13:06:20,28.38,22704,8,卖盘
2337,13:06:23,28.36,2836,1,卖盘
2338,13:06:26,28.36,22688,8,卖盘
2339,13:06:29,28.37,181556,64,中性盘
2340,13:06:38,28.35,17010,6,卖盘
2341,13:06:44,28.36,14176,5,买盘
2342,13:06:47,28.35,28359,10,卖盘
2343,13:06:50,28.37,17019,6,买盘
2344,13:06:53,28.38,113520,40,买盘
2345,13:06:56,28.38,14190,5,卖盘
2346,13:06:59,28.39,161813,57,买盘
2347,13:07:02,28.39,56780,20,卖盘
2348,13:07:08,28.4,195955,69,买盘
2349,13:07:11,28.39,90836,32,中性盘
2350,13:07:14,28.41,244320,86,买盘
2351,13:07:17,28.4,235816,83,卖盘
2352,13:07:23,28.39,79500,28,卖盘
2353,13:07:26,28.41,124950,44,买盘
2354,13:07:29,28.41,73866,26,卖盘
2355,13:07:32,28.4,397357,140,卖盘
2356,13:07:35,28.34,34035,12,卖盘
2357,13:07:38,28.34,116212,41,卖盘
2358,13:07:41,28.34,62348,22,卖盘
2359,13:07:44,28.32,121805,43,卖盘
2360,13:07:47,28.32,150131,53,卖盘
2361,13:07:50,28.31,195472,69,卖盘
2362,13:07:56,28.34,31173,11,买盘
2363,13:07:59,28.33,79338,28,卖盘
2364,13:08:02,28.33,59490,21,买盘
2365,13:08:05,28.33,67986,24,买盘
2366,13:08:08,28.31,45299,16,卖盘
2367,13:08:11,28.33,495616,175,买盘
2368,13:08:14,28.33,725259,256,卖盘
2369,13:08:17,28.34,609112,215,中性盘
2370,13:08:20,28.34,150190,53,卖盘
2371,13:08:23,28.33,87837,31,卖盘
2372,13:08:26,28.33,110487,39,卖盘
2373,13:08:29,28.31,523945,185,卖盘
2374,13:08:32,28.3,393370,139,卖盘
2375,13:08:35,28.29,135831,48,卖盘
2376,13:08:38,28.29,132975,47,卖盘
2377,13:08:41,28.26,152621,54,卖盘
2378,13:08:44,28.25,42389,15,卖盘
2379,13:08:47,28.24,307912,109,卖盘
2380,13:08:50,28.23,22589,8,卖盘
2381,13:08:53,28.21,245443,87,卖盘
2382,13:08:56,28.2,70500,25,卖盘
2383,13:08:59,28.2,2118583,751,卖盘
2384,13:09:02,28.25,945222,335,买盘
2385,13:09:05,28.26,665962,236,买盘
2386,13:09:08,28.27,214616,76,买盘
2387,13:09:11,28.25,67813,24,卖盘
2388,13:09:14,28.25,76231,27,买盘
2389,13:09:17,28.19,87434,31,卖盘
2390,13:09:20,28.23,31053,11,买盘
2391,13:09:23,28.22,180511,64,卖盘
2392,13:09:26,28.23,437392,155,买盘
2393,13:09:29,28.21,132546,47,中性盘
2394,13:09:32,28.26,725685,257,买盘
2395,13:09:35,28.28,571174,202,买盘
2396,13:09:38,28.29,362113,128,买盘
2397,13:09:41,28.29,76391,27,卖盘
2398,13:09:44,28.29,36779,13,卖盘
2399,13:09:47,28.29,25463,9,卖盘
2400,13:09:50,28.29,70745,25,卖盘
2401,13:09:53,28.29,50922,18,卖盘
2402,13:09:59,28.28,28280,10,卖盘
2403,13:10:02,28.29,31111,11,买盘
2404,13:10:05,28.26,70710,25,卖盘
2405,13:10:08,28.27,59358,21,中性盘
2406,13:10:11,28.27,39578,14,卖盘
2407,13:10:14,28.26,14132,5,卖盘
2408,13:10:17,28.27,93303,33,买盘
2409,13:10:20,28.27,5654,2,中性盘
2410,13:10:23,28.26,8478,3,卖盘
2411,13:10:26,28.26,31087,11,卖盘
2412,13:10:29,28.26,2826,1,买盘
2413,13:10:32,28.25,28250,10,卖盘
2414,13:10:35,28.25,19775,7,卖盘
2415,13:10:38,28.25,2825,1,卖盘
2416,13:10:41,28.25,115845,41,卖盘
2417,13:10:44,28.25,127125,45,卖盘
2418,13:10:47,28.25,189275,67,卖盘
2419,13:10:50,28.25,87575,31,卖盘
2420,13:10:53,28.25,45200,16,卖盘
2421,13:10:56,28.25,73450,26,卖盘
2422,13:10:59,28.22,132779,47,卖盘
2423,13:11:02,28.25,67766,24,买盘
2424,13:11:05,28.25,206225,73,买盘
2425,13:11:08,28.23,84724,30,卖盘
2426,13:11:11,28.23,47991,17,买盘
2427,13:11:14,28.23,5646,2,买盘
2428,13:11:17,28.23,307636,109,买盘
2429,13:11:20,28.23,265357,94,买盘
2430,13:11:23,28.23,93111,33,买盘
2431,13:11:26,28.21,50795,18,卖盘
2432,13:11:29,28.22,84647,30,买盘
2433,13:11:32,28.2,64877,23,卖盘
2434,13:11:35,28.21,8463,3,卖盘
2435,13:11:38,28.21,50778,18,卖盘
2436,13:11:41,28.2,112819,40,卖盘
2437,13:11:44,28.21,76162,27,买盘
2438,13:11:47,28.2,157924,56,卖盘
2439,13:11:50,28.19,140980,50,卖盘
2440,13:11:53,28.19,84590,30,卖盘
2441,13:11:56,28.19,391945,139,买盘
2442,13:11:59,28.19,93043,33,卖盘
2443,13:12:02,28.21,344261,122,买盘
2444,13:12:05,28.21,5642,2,卖盘
2445,13:12:08,28.21,31029,11,中性盘
2446,13:12:11,28.21,47957,17,买盘
2447,13:12:14,28.21,87451,31,买盘
2448,13:12:17,28.21,138210,49,买盘
2449,13:12:20,28.21,141124,50,买盘
2450,13:12:23,28.21,19751,7,卖盘
2451,13:12:26,28.22,98743,35,买盘
2452,13:12:29,28.22,138331,49,卖盘
2453,13:12:35,28.24,14120,5,中性盘
2454,13:12:38,28.26,149719,53,买盘
2455,13:12:41,28.26,79129,28,买盘
2456,13:12:44,28.26,135627,48,卖盘
2457,13:12:47,28.24,64985,23,卖盘
2458,13:12:50,28.25,2825,1,中性盘
2459,13:12:53,28.25,11300,4,中性盘
2460,13:12:56,28.24,36722,13,卖盘
2461,13:12:59,28.24,14124,5,卖盘
2462,13:13:02,28.25,16950,6,买盘
2463,13:13:05,28.25,2825,1,买盘
2464,13:13:11,28.25,39538,14,买盘
2465,13:13:14,28.24,180736,64,卖盘
2466,13:13:17,28.25,16950,6,买盘
2467,13:13:20,28.24,14120,5,买盘
2468,13:13:35,28.23,11292,4,卖盘
2469,13:13:41,28.23,183495,65,卖盘
2470,13:13:44,28.22,5644,2,卖盘
2471,13:13:47,28.24,211776,75,买盘
2472,13:13:50,28.24,11296,4,卖盘
2473,13:13:53,28.24,175088,62,卖盘
2474,13:13:56,28.2,442980,157,卖盘
2475,13:14:02,28.24,45164,16,买盘
2476,13:14:05,28.21,11284,4,卖盘
2477,13:14:11,28.21,2821,1,卖盘
2478,13:14:14,28.21,157976,56,卖盘
2479,13:14:17,28.21,129766,46,卖盘
2480,13:14:26,28.2,8460,3,卖盘
2481,13:14:29,28.2,121260,43,卖盘
2482,13:14:32,28.2,90239,32,买盘
2483,13:14:35,28.19,5638,2,卖盘
2484,13:14:38,28.2,14100,5,买盘
2485,13:14:41,28.2,2820,1,买盘
2486,13:14:44,28.2,56400,20,买盘
2487,13:14:47,28.2,76116,27,买盘
2488,13:14:50,28.2,8460,3,买盘
2489,13:14:53,28.19,138133,49,卖盘
2490,13:14:56,28.19,31009,11,买盘
2491,13:14:59,28.18,301546,107,卖盘
2492,13:15:02,28.19,33818,12,买盘
2493,13:15:05,28.18,124002,44,卖盘
2494,13:15:08,28.19,233958,83,买盘
2495,13:15:11,28.19,535561,190,买盘
2496,13:15:14,28.19,174742,62,买盘
2497,13:15:17,28.19,39467,14,卖盘
2498,13:15:20,28.2,19740,7,买盘
2499,13:15:23,28.2,231199,82,买盘
2500,13:15:26,28.2,375060,133,买盘
2501,13:15:29,28.19,28197,10,卖盘
2502,13:15:32,28.2,19740,7,买盘
2503,13:15:35,28.2,39471,14,卖盘
2504,13:15:38,28.18,188866,67,卖盘
2505,13:15:41,28.18,64779,23,买盘
2506,13:15:44,28.17,154922,55,中性盘
2507,13:15:47,28.16,174598,62,卖盘
2508,13:15:50,28.16,67584,24,卖盘
2509,13:15:53,28.15,59135,21,卖盘
2510,13:15:56,28.15,312465,111,卖盘
2511,13:15:59,28.15,106972,38,卖盘
2512,13:16:02,28.16,39417,14,买盘
2513,13:16:05,28.15,140750,50,卖盘
2514,13:16:08,28.15,33780,12,买盘
2515,13:16:11,28.15,61920,22,买盘
2516,13:16:14,28.14,61910,22,卖盘
2517,13:16:17,28.15,180160,64,买盘
2518,13:16:20,28.16,106997,38,买盘
2519,13:16:23,28.16,28152,10,买盘
2520,13:16:26,28.15,84457,30,卖盘
2521,13:16:29,28.15,309663,110,卖盘
2522,13:16:32,28.15,8445,3,卖盘
2523,13:16:38,28.14,81606,29,卖盘
2524,13:16:41,28.14,95676,34,买盘
2525,13:16:44,28.14,87233,31,买盘
2526,13:16:47,28.14,56280,20,买盘
2527,13:16:50,28.14,194128,69,买盘
2528,13:16:53,28.14,123784,44,买盘
2529,13:16:56,28.14,154734,55,卖盘
2530,13:17:02,28.14,129444,46,卖盘
2531,13:17:05,28.14,185725,66,卖盘
2532,13:17:08,28.14,140700,50,中性盘
2533,13:17:11,28.17,447691,159,买盘
2534,13:17:14,28.18,157685,56,买盘
2535,13:17:20,28.13,309505,110,卖盘
2536,13:17:23,28.15,8446,3,卖盘
2537,13:17:29,28.16,87311,31,中性盘
2538,13:17:32,28.15,104182,37,卖盘
2539,13:17:35,28.16,129538,46,卖盘
2540,13:17:38,28.17,101412,36,买盘
2541,13:17:41,28.16,28164,10,卖盘
2542,13:17:44,28.16,383031,136,卖盘
2543,13:17:47,28.16,8448,3,中性盘
2544,13:17:50,28.16,14080,5,卖盘
2545,13:17:53,28.15,19705,7,卖盘
2546,13:18:02,28.15,98524,35,买盘
2547,13:18:05,28.14,25326,9,卖盘
2548,13:18:08,28.15,28146,10,买盘
2549,13:18:11,28.14,70350,25,卖盘
2550,13:18:14,28.14,22512,8,卖盘
2551,13:18:17,28.14,19698,7,卖盘
2552,13:18:20,28.14,61908,22,卖盘
2553,13:18:23,28.14,2814,1,买盘
2554,13:18:26,28.14,92852,33,买盘
2555,13:18:32,28.12,506324,180,卖盘
2556,13:18:38,28.11,22488,8,卖盘
2557,13:18:41,28.11,87144,31,卖盘
2558,13:18:44,28.11,2811,1,卖盘
2559,13:18:47,28.11,295138,105,卖盘
2560,13:18:50,28.1,1292110,460,卖盘
2561,13:18:53,28.09,2809,1,卖盘
2562,13:18:56,28.08,129210,46,卖盘
2563,13:18:59,28.08,36504,13,卖盘
2564,13:19:02,28.07,117933,42,卖盘
2565,13:19:05,28.07,28073,10,卖盘
2566,13:19:08,28.08,33688,12,卖盘
2567,13:19:14,28.07,50531,18,卖盘
2568,13:19:17,28.06,36490,13,卖盘
2569,13:19:20,28.07,87010,31,买盘
2570,13:19:23,28.07,81403,29,买盘
2571,13:19:26,28.08,244240,87,买盘
2572,13:19:29,28.07,81437,29,卖盘
2573,13:19:32,28.07,47726,17,卖盘
2574,13:19:35,28.08,70220,25,中性盘
2575,13:19:38,28.08,264041,94,买盘
2576,13:19:41,28.08,131978,47,卖盘
2577,13:19:44,28.08,126377,45,卖盘
2578,13:19:47,28.08,67392,24,卖盘
2579,13:19:50,28.08,11232,4,卖盘
2580,13:19:53,28.08,11232,4,买盘
2581,13:19:56,28.08,39312,14,买盘
2582,13:19:59,28.07,22456,8,卖盘
2583,13:20:02,28.09,70202,25,买盘
2584,13:20:05,28.08,233031,83,卖盘
2585,13:20:08,28.08,117957,42,买盘
2586,13:20:11,28.08,44927,16,买盘
2587,13:20:14,28.08,89845,32,买盘
2588,13:20:17,28.07,33685,12,卖盘
2589,13:20:20,28.08,70200,25,买盘
2590,13:20:23,28.09,171294,61,买盘
2591,13:20:26,28.08,137614,49,卖盘
2592,13:20:29,28.09,30889,11,买盘
2593,13:20:32,28.09,73019,26,买盘
2594,13:20:35,28.09,58969,21,买盘
2595,13:20:38,28.09,14045,5,买盘
2596,13:20:41,28.08,5616,2,卖盘
2597,13:20:47,28.08,50548,18,卖盘
2598,13:20:50,28.09,115164,41,买盘
2599,13:20:53,28.08,28080,10,卖盘
2600,13:20:56,28.09,8427,3,买盘
2601,13:20:59,28.09,174159,62,买盘
2602,13:21:02,28.08,471819,168,卖盘
2603,13:21:05,28.08,101080,36,买盘
2604,13:21:08,28.08,70180,25,买盘
2605,13:21:11,28.07,81408,29,卖盘
2606,13:21:17,28.07,145969,52,卖盘
2607,13:21:20,28.08,30878,11,买盘
2608,13:21:23,28.07,44912,16,卖盘
2609,13:21:26,28.06,5612,2,卖盘
2610,13:21:29,28.07,173989,62,买盘
2611,13:21:32,28.07,261012,93,买盘
2612,13:21:35,28.07,230152,82,买盘
2613,13:21:38,28.07,16842,6,卖盘
2614,13:21:41,28.07,70175,25,卖盘
2615,13:21:44,28.06,28060,10,卖盘
2616,13:21:47,28.07,2807,1,买盘
2617,13:21:50,28.06,50508,18,卖盘
2618,13:21:53,28.06,19644,7,卖盘
2619,13:21:56,28.06,72956,26,卖盘
2620,13:21:59,28.06,165554,59,卖盘
2621,13:22:02,28.06,16833,6,买盘
2622,13:22:05,28.05,81345,29,卖盘
2623,13:22:11,28.05,30855,11,卖盘
2624,13:22:14,28.05,50491,18,卖盘
2625,13:22:17,28.05,89760,32,卖盘
2626,13:22:20,28.05,171105,61,买盘
2627,13:22:23,28.02,440090,157,卖盘
2628,13:22:26,28.02,42030,15,买盘
2629,13:22:29,28.03,142938,51,买盘
2630,13:22:32,28.01,70034,25,卖盘
2631,13:22:35,28.01,383747,137,卖盘
2632,13:22:38,28.0,61600,22,卖盘
2633,13:22:41,28.0,274400,98,卖盘
2634,13:22:44,28.0,588100,210,卖盘
2635,13:22:47,28.0,562973,201,卖盘
2636,13:22:50,28.01,114812,41,中性盘
2637,13:22:53,28.0,389285,139,卖盘
2638,13:22:56,28.02,128822,46,买盘
2639,13:22:59,28.0,11202,4,卖盘
2640,13:23:02,28.01,235336,84,买盘
2641,13:23:05,28.02,109231,39,买盘
2642,13:23:08,28.02,212881,76,买盘
2643,13:23:11,28.03,204527,73,买盘
2644,13:23:14,28.02,201812,72,卖盘
2645,13:23:17,28.04,28040,10,买盘
2646,13:23:20,28.04,128943,46,买盘
2647,13:23:23,28.04,870877,311,买盘
2648,13:23:29,28.03,2803,1,买盘
2649,13:23:32,28.0,1209609,432,卖盘
2650,13:23:35,28.03,579664,207,买盘
2651,13:23:38,28.03,154188,55,卖盘
2652,13:23:41,28.03,33636,12,卖盘
2653,13:23:44,28.03,36441,13,卖盘
2654,13:23:47,28.0,106490,38,卖盘
2655,13:23:50,28.0,840000,300,卖盘
2656,13:23:56,28.02,513074,183,卖盘
2657,13:23:59,28.01,128879,46,卖盘
2658,13:24:02,28.05,420438,150,买盘
2659,13:24:05,28.02,47660,17,中性盘
2660,13:24:08,28.04,53265,19,买盘
2661,13:24:11,28.02,16814,6,卖盘
2662,13:24:14,28.05,5610,2,买盘
2663,13:24:17,28.04,381234,136,卖盘
2664,13:24:20,28.04,75704,27,中性盘
2665,13:24:26,28.08,2895165,1032,买盘
2666,13:24:29,28.11,477713,170,买盘
2667,13:24:32,28.12,92796,33,买盘
2668,13:24:35,28.12,19684,7,买盘
2669,13:24:38,28.12,22496,8,中性盘
2670,13:24:41,28.13,30943,11,买盘
2671,13:24:44,28.16,422265,150,买盘
2672,13:24:47,28.14,19704,7,卖盘
2673,13:24:50,28.16,28160,10,买盘
2674,13:24:53,28.16,67581,24,买盘
2675,13:24:56,28.16,154880,55,买盘
2676,13:25:02,28.19,129614,46,买盘
2677,13:25:05,28.19,11276,4,买盘
2678,13:25:08,28.19,5638,2,卖盘
2679,13:25:11,28.2,11280,4,买盘
2680,13:25:14,28.2,149459,53,买盘
2681,13:25:17,28.22,569692,202,买盘
2682,13:25:20,28.25,562149,199,买盘
2683,13:25:23,28.26,39560,14,买盘
2684,13:25:26,28.26,5653,2,卖盘
2685,13:25:29,28.26,25434,9,买盘
2686,13:25:32,28.26,42390,15,买盘
2687,13:25:35,28.23,101730,36,卖盘
2688,13:25:38,28.25,5650,2,买盘
2689,13:25:41,28.23,11292,4,卖盘
2690,13:25:44,28.22,56440,20,卖盘
2691,13:25:47,28.22,73330,26,买盘
2692,13:25:50,28.22,39508,14,买盘
2693,13:25:53,28.22,191772,68,买盘
2694,13:25:56,28.22,143898,51,买盘
2695,13:25:59,28.19,90220,32,卖盘
2696,13:26:02,28.19,39466,14,买盘
2697,13:26:05,28.19,104303,37,买盘
2698,13:26:08,28.18,39462,14,卖盘
2699,13:26:11,28.18,36637,13,卖盘
2700,13:26:14,28.18,78904,28,卖盘
2701,13:26:17,28.18,11272,4,卖盘
2702,13:26:20,28.18,205745,73,买盘
2703,13:26:23,28.18,47906,17,买盘
2704,13:26:26,28.16,898488,319,卖盘
2705,13:26:32,28.18,33804,12,买盘
2706,13:26:35,28.16,8448,3,卖盘
2707,13:26:38,28.18,2818,1,买盘
2708,13:26:41,28.18,61981,22,买盘
2709,13:26:44,28.16,33797,12,卖盘
2710,13:26:47,28.16,22528,8,卖盘
2711,13:26:50,28.17,28170,10,中性盘
2712,13:26:56,28.16,8448,3,卖盘
2713,13:26:59,28.16,45056,16,卖盘
2714,13:27:02,28.16,53504,19,卖盘
2715,13:27:05,28.16,22522,8,买盘
2716,13:27:08,28.16,25336,9,买盘
2717,13:27:11,28.15,14077,5,卖盘
2718,13:27:17,28.15,28150,10,卖盘
2719,13:27:20,28.15,11260,4,卖盘
2720,13:27:23,28.15,22520,8,卖盘
2721,13:27:26,28.15,258980,92,卖盘
2722,13:27:29,28.15,16890,6,买盘
2723,13:27:35,28.14,11256,4,卖盘
2724,13:27:38,28.13,36569,13,卖盘
2725,13:27:50,28.12,19684,7,卖盘
2726,13:27:53,28.12,11248,4,卖盘
2727,13:27:56,28.12,154670,55,卖盘
2728,13:27:59,28.12,89984,32,卖盘
2729,13:28:05,28.1,59018,21,卖盘
2730,13:28:08,28.1,2810,1,卖盘
2731,13:28:11,28.12,106796,38,买盘
2732,13:28:20,28.09,2809,1,卖盘
2733,13:28:23,28.09,2809,1,卖盘
2734,13:28:26,28.1,11236,4,买盘
2735,13:28:29,28.08,70201,25,卖盘
2736,13:28:32,28.08,47736,17,卖盘
2737,13:28:35,28.08,2808,1,买盘
2738,13:28:38,28.08,42110,15,买盘
2739,13:28:41,28.06,154352,55,卖盘
2740,13:28:47,28.07,30877,11,卖盘
2741,13:28:50,28.07,5614,2,卖盘
2742,13:28:53,28.07,8421,3,卖盘
2743,13:28:56,28.07,30877,11,卖盘
2744,13:28:59,28.07,2807,1,买盘
2745,13:29:05,28.06,98210,35,卖盘
2746,13:29:08,28.06,2806,1,买盘
2747,13:29:11,28.05,8415,3,卖盘
2748,13:29:14,28.03,117785,42,卖盘
2749,13:29:17,28.05,11220,4,买盘
2750,13:29:20,28.03,5606,2,卖盘
2751,13:29:23,28.03,14017,5,卖盘
2752,13:29:26,28.04,126194,45,买盘
2753,13:29:29,28.03,190609,68,卖盘
2754,13:29:32,28.02,8406,3,卖盘
2755,13:29:35,28.02,126100,45,卖盘
2756,13:29:38,28.02,243774,87,卖盘
2757,13:29:41,28.02,229647,82,卖盘
2758,13:29:44,28.0,28000,10,卖盘
2759,13:29:47,28.0,95200,34,卖盘
2760,13:29:50,28.0,5600,2,买盘
2761,13:29:53,28.0,81210,29,买盘
2762,13:29:56,28.0,114799,41,卖盘
2763,13:29:59,28.0,42000,15,卖盘
2764,13:30:02,28.03,64435,23,买盘
2765,13:30:05,28.01,25211,9,卖盘
2766,13:30:08,28.02,42030,15,买盘
2767,13:30:11,28.02,11207,4,买盘
2768,13:30:14,28.02,16812,6,买盘
2769,13:30:17,28.02,5604,2,买盘
2770,13:30:20,28.01,44826,16,卖盘
2771,13:30:23,28.02,50429,18,卖盘
2772,13:30:26,28.03,226984,81,买盘
2773,13:30:29,28.04,400710,143,买盘
2774,13:30:32,28.01,78445,28,卖盘
2775,13:30:38,28.04,14017,5,买盘
2776,13:30:41,28.05,19635,7,买盘
2777,13:30:44,28.05,28050,10,买盘
2778,13:30:47,28.05,5610,2,买盘
2779,13:30:50,28.05,47685,17,买盘
2780,13:30:53,28.04,14021,5,卖盘
2781,13:30:56,28.05,47685,17,买盘
2782,13:31:02,28.05,11219,4,买盘
2783,13:31:05,28.05,16830,6,买盘
2784,13:31:08,28.04,33650,12,卖盘
2785,13:31:11,28.04,86924,31,卖盘
2786,13:31:14,28.04,14020,5,卖盘
2787,13:31:17,28.05,415140,148,买盘
2788,13:31:20,28.04,11217,4,卖盘
2789,13:31:26,28.05,25243,9,买盘
2790,13:31:32,28.05,44879,16,买盘
2791,13:31:35,28.04,84128,30,卖盘
2792,13:31:38,28.04,64500,23,买盘
2793,13:31:41,28.05,5610,2,买盘
2794,13:31:44,28.04,5608,2,卖盘
2795,13:31:47,28.04,8412,3,买盘
2796,13:31:50,28.03,11213,4,卖盘
2797,13:31:53,28.04,64472,23,买盘
2798,13:31:56,28.02,8408,3,卖盘
2799,13:31:59,28.03,5606,2,买盘
2800,13:32:05,28.02,44834,16,卖盘
2801,13:32:08,28.02,11208,4,卖盘
2802,13:32:11,28.02,8407,3,卖盘
2803,13:32:14,28.02,42030,15,卖盘
2804,13:32:17,28.02,213020,76,卖盘
2805,13:32:20,28.03,14015,5,中性盘
2806,13:32:23,28.04,53261,19,买盘
2807,13:32:26,28.02,305476,109,卖盘
2808,13:32:29,28.04,19620,7,买盘
2809,13:32:35,28.03,22429,8,卖盘
2810,13:32:38,28.03,2803,1,卖盘
2811,13:32:41,28.04,14018,5,买盘
2812,13:32:44,28.03,36439,13,卖盘
2813,13:32:47,28.04,67290,24,买盘
2814,13:32:53,28.04,30843,11,买盘
2815,13:32:56,28.04,25236,9,买盘
2816,13:32:59,28.05,529962,189,买盘
2817,13:33:02,28.05,384287,137,买盘
2818,13:33:05,28.05,11223,4,卖盘
2819,13:33:08,28.07,11224,4,买盘
2820,13:33:11,28.08,11232,4,买盘
2821,13:33:14,28.08,737329,263,买盘
2822,13:33:17,28.08,2808,1,买盘
2823,13:33:20,28.08,5616,2,买盘
2824,13:33:23,28.06,30873,11,卖盘
2825,13:33:29,28.07,36498,13,卖盘
2826,13:33:32,28.07,42100,15,买盘
2827,13:33:35,28.07,19649,7,买盘
2828,13:33:41,28.07,5614,2,买盘
2829,13:33:44,28.07,2807,1,买盘
2830,13:33:47,28.07,2807,1,买盘
2831,13:33:50,28.07,14035,5,买盘
2832,13:33:53,28.05,53325,19,卖盘
2833,13:33:56,28.07,2807,1,中性盘
2834,13:33:59,28.07,22455,8,买盘
2835,13:34:02,28.07,8421,3,买盘
2836,13:34:05,28.07,11228,4,买盘
2837,13:34:08,28.07,16842,6,买盘
2838,13:34:11,28.06,53335,19,卖盘
2839,13:34:14,28.08,14040,5,买盘
2840,13:34:17,28.06,64545,23,卖盘
2841,13:34:23,28.07,14036,5,中性盘
2842,13:34:41,28.08,95472,34,买盘
2843,13:34:44,28.08,33696,12,买盘
2844,13:34:47,28.08,2808,1,买盘
2845,13:34:53,28.07,14035,5,卖盘
2846,13:34:56,28.08,33696,12,买盘
2847,13:34:59,28.08,5616,2,买盘
2848,13:35:02,28.06,159993,57,卖盘
2849,13:35:05,28.07,56140,20,买盘
2850,13:35:08,28.07,11227,4,买盘
2851,13:35:11,28.07,11228,4,买盘
2852,13:35:14,28.07,16842,6,买盘
2853,13:35:17,28.07,30877,11,卖盘
2854,13:35:26,28.08,266760,95,买盘
2855,13:35:29,28.08,75816,27,卖盘
2856,13:35:32,28.09,140450,50,买盘
2857,13:35:38,28.1,14050,5,买盘
2858,13:35:41,28.09,14045,5,中性盘
2859,13:35:44,28.09,81461,29,卖盘
2860,13:35:47,28.09,28090,10,买盘
2861,13:35:50,28.09,16854,6,买盘
2862,13:35:59,28.1,42150,15,买盘
2863,13:36:02,28.1,8430,3,买盘
2864,13:36:05,28.09,33710,12,卖盘
2865,13:36:08,28.1,2810,1,买盘
2866,13:36:14,28.1,14050,5,买盘
2867,13:36:17,28.1,19670,7,买盘
2868,13:36:20,28.09,84294,30,卖盘
2869,13:36:23,28.09,5618,2,卖盘
2870,13:36:26,28.09,22476,8,卖盘
2871,13:36:29,28.09,14045,5,卖盘
2872,13:36:35,28.09,16856,6,卖盘
2873,13:36:47,28.1,2810,1,买盘
2874,13:36:50,28.1,14050,5,买盘
2875,13:36:53,28.09,50562,18,卖盘
2876,13:36:56,28.09,58991,21,卖盘
2877,13:36:59,28.09,2809,1,买盘
2878,13:37:02,28.09,8427,3,卖盘
2879,13:37:05,28.09,11236,4,买盘
2880,13:37:08,28.09,2809,1,中性盘
2881,13:37:11,28.08,16852,6,卖盘
2882,13:37:14,28.08,58968,21,卖盘
2883,13:37:17,28.08,28080,10,卖盘
2884,13:37:20,28.09,81433,29,买盘
2885,13:37:23,28.09,58971,21,买盘
2886,13:37:26,28.09,42125,15,买盘
2887,13:37:29,28.09,58973,21,买盘
2888,13:37:32,28.09,95476,34,买盘
2889,13:37:35,28.09,25280,9,买盘
2890,13:37:38,28.09,25281,9,买盘
2891,13:37:41,28.08,25272,9,卖盘
2892,13:37:44,28.09,92697,33,买盘
2893,13:37:47,28.09,19663,7,卖盘
2894,13:37:53,28.09,14045,5,卖盘
2895,13:37:56,28.09,50562,18,卖盘
2896,13:37:59,28.09,2809,1,卖盘
2897,13:38:05,28.09,5618,2,卖盘
2898,13:38:09,28.1,81490,29,买盘
2899,13:38:14,28.1,5620,2,卖盘
2900,13:38:17,28.1,28100,10,卖盘
2901,13:38:20,28.1,11240,4,卖盘
2902,13:38:23,28.1,59029,21,卖盘
2903,13:38:29,28.11,8433,3,买盘
2904,13:38:32,28.11,5622,2,买盘
2905,13:38:38,28.1,2810,1,卖盘
2906,13:38:41,28.11,28101,10,中性盘
2907,13:38:47,28.1,2810,1,卖盘
2908,13:38:50,28.1,11240,4,卖盘
2909,13:38:53,28.1,18997,7,买盘
2910,13:38:56,28.09,25288,9,卖盘
2911,13:38:59,28.1,2810,1,买盘
2912,13:39:02,28.1,98350,35,卖盘
2913,13:39:05,28.1,28100,10,卖盘
2914,13:39:08,28.1,30910,11,买盘
2915,13:39:11,28.1,16860,6,买盘
2916,13:39:14,28.11,1031561,367,买盘
2917,13:39:17,28.11,112440,40,卖盘
2918,13:39:20,28.1,154600,55,卖盘
2919,13:39:23,28.1,84300,30,买盘
2920,13:39:26,28.1,56200,20,买盘
2921,13:39:29,28.11,30915,11,买盘
2922,13:39:32,28.11,106808,38,买盘
2923,13:39:35,28.11,84356,30,卖盘
2924,13:39:38,28.12,22496,8,买盘
2925,13:39:44,28.12,30932,11,买盘
2926,13:39:53,28.12,28120,10,卖盘
2927,13:39:56,28.13,185658,66,买盘
2928,13:40:05,28.13,45008,16,卖盘
2929,13:40:08,28.14,33768,12,买盘
2930,13:40:11,28.14,61908,22,买盘
2931,13:40:17,28.14,92862,33,买盘
2932,13:40:20,28.15,866916,308,买盘
2933,13:40:23,28.16,146432,52,买盘
2934,13:40:26,28.18,138060,49,买盘
2935,13:40:29,28.18,95812,34,买盘
2936,13:40:32,28.18,33816,12,买盘
2937,13:40:35,28.17,14091,5,卖盘
2938,13:40:38,28.19,2819,1,买盘
2939,13:40:41,28.19,25371,9,买盘
2940,13:40:44,28.19,5638,2,卖盘
2941,13:40:47,28.19,135358,48,卖盘
2942,13:40:50,28.2,2820,1,买盘
2943,13:40:53,28.19,76113,27,卖盘
2944,13:40:56,28.2,2820,1,买盘
2945,13:40:59,28.2,22560,8,买盘
2946,13:41:02,28.2,73317,26,买盘
2947,13:41:05,28.2,5640,2,买盘
2948,13:41:08,28.2,394756,140,买盘
2949,13:41:14,28.2,14100,5,卖盘
2950,13:41:17,28.21,67684,24,买盘
2951,13:41:20,28.2,25381,9,卖盘
2952,13:41:23,28.21,50770,18,买盘
2953,13:41:26,28.21,2821,1,买盘
2954,13:41:29,28.21,14105,5,买盘
2955,13:41:32,28.2,19745,7,卖盘
2956,13:41:35,28.21,8463,3,买盘
2957,13:41:38,28.2,50777,18,卖盘
2958,13:41:41,28.2,11280,4,卖盘
2959,13:41:44,28.21,45136,16,买盘
2960,13:41:47,28.2,28200,10,卖盘
2961,13:41:53,28.2,14100,5,卖盘
2962,13:41:56,28.2,95880,34,卖盘
2963,13:41:59,28.2,78960,28,卖盘
2964,13:42:05,28.2,2820,1,买盘
2965,13:42:08,28.19,16914,6,卖盘
2966,13:42:11,28.19,39463,14,卖盘
2967,13:42:17,28.19,14095,5,买盘
2968,13:42:20,28.16,140892,50,卖盘
2969,13:42:26,28.15,36618,13,卖盘
2970,13:42:29,28.18,64776,23,买盘
2971,13:42:32,28.17,11268,4,卖盘
2972,13:42:35,28.17,33806,12,卖盘
2973,13:42:41,28.17,45072,16,卖盘
2974,13:42:47,28.18,28180,10,买盘
2975,13:42:56,28.18,62012,22,卖盘
2976,13:43:02,28.18,39452,14,卖盘
2977,13:43:05,28.18,287436,102,买盘
2978,13:43:11,28.18,335323,119,买盘
2979,13:43:14,28.18,16908,6,买盘
2980,13:43:17,28.17,185924,66,卖盘
2981,13:43:20,28.13,19707,7,卖盘
2982,13:43:26,28.17,14077,5,买盘
2983,13:43:29,28.15,2815,1,中性盘
2984,13:43:32,28.16,19712,7,卖盘
2985,13:43:41,28.15,16890,6,卖盘
2986,13:43:44,28.14,8442,3,买盘
2987,13:43:47,28.16,11263,4,买盘
2988,13:43:50,28.14,19698,7,卖盘
2989,13:43:59,28.13,157534,56,卖盘
2990,13:44:02,28.13,5626,2,中性盘
2991,13:44:08,28.13,5626,2,买盘
2992,13:44:11,28.12,84362,30,卖盘
2993,13:44:14,28.12,118139,42,卖盘
2994,13:44:17,28.12,61864,22,买盘
2995,13:44:20,28.11,64658,23,卖盘
2996,13:44:23,28.13,115325,41,买盘
2997,13:44:26,28.13,30942,11,卖盘
2998,13:44:29,28.13,16878,6,卖盘
2999,13:44:32,28.13,70326,25,卖盘
3000,13:44:35,28.13,11252,4,买盘
3001,13:44:38,28.13,30943,11,买盘
3002,13:44:41,28.12,89989,32,卖盘
3003,13:44:44,28.12,92800,33,卖盘
3004,13:44:47,28.13,25317,9,买盘
3005,13:44:50,28.13,53447,19,买盘
3006,13:44:53,28.13,210975,75,卖盘
3007,13:44:56,28.13,11252,4,卖盘
3008,13:44:59,28.13,126585,45,卖盘
3009,13:45:17,28.13,87203,31,卖盘
3010,13:45:26,28.13,19691,7,卖盘
3011,13:45:29,28.13,25317,9,卖盘
3012,13:45:32,28.13,25317,9,卖盘
3013,13:45:41,28.13,16878,6,卖盘
3014,13:45:44,28.13,67535,24,卖盘
3015,13:45:47,28.13,14065,5,卖盘
3016,13:45:50,28.13,47821,17,卖盘
3017,13:45:53,28.11,236240,84,卖盘
3018,13:45:56,28.14,67539,24,买盘
3019,13:46:05,28.14,22512,8,卖盘
3020,13:46:14,28.14,5628,2,卖盘
3021,13:46:23,28.14,199794,71,卖盘
3022,13:46:26,28.14,2814,1,卖盘
3023,13:46:29,28.14,45024,16,卖盘
3024,13:46:38,28.13,19691,7,卖盘
3025,13:46:44,28.13,2813,1,卖盘
3026,13:46:47,28.13,28130,10,卖盘
3027,13:46:50,28.14,28140,10,买盘
3028,13:46:53,28.13,14067,5,卖盘
3029,13:46:56,28.13,84390,30,卖盘
3030,13:47:02,28.14,25321,9,买盘
3031,13:47:05,28.14,28140,10,买盘
3032,13:47:08,28.14,11256,4,买盘
3033,13:47:11,28.13,483839,172,卖盘
3034,13:47:14,28.12,2812,1,中性盘
3035,13:47:23,28.12,19684,7,卖盘
3036,13:47:26,28.12,137788,49,卖盘
3037,13:47:29,28.12,2812,1,买盘
3038,13:47:32,28.12,22496,8,买盘
3039,13:47:35,28.11,106818,38,卖盘
3040,13:47:41,28.11,33743,12,卖盘
3041,13:47:44,28.11,379487,135,卖盘
3042,13:47:56,28.11,42165,15,卖盘
3043,13:47:59,28.12,28120,10,买盘
3044,13:48:02,28.13,84365,30,买盘
3045,13:48:14,28.12,64676,23,卖盘
3046,13:48:20,28.13,16878,6,买盘
3047,13:48:29,28.12,14060,5,卖盘
3048,13:48:32,28.11,39358,14,卖盘
3049,13:48:38,28.13,39375,14,买盘
3050,13:48:41,28.11,25299,9,卖盘
3051,13:48:50,28.1,89920,32,卖盘
3052,13:48:59,28.11,36543,13,买盘
3053,13:49:02,28.1,28102,10,卖盘
3054,13:49:05,28.1,14050,5,卖盘
3055,13:49:08,28.1,14050,5,卖盘
3056,13:49:17,28.1,33720,12,卖盘
3057,13:49:20,28.1,2810,1,卖盘
3058,13:49:26,28.1,8430,3,卖盘
3059,13:49:29,28.1,22480,8,卖盘
3060,13:49:32,28.1,89920,32,卖盘
3061,13:49:35,28.1,36530,13,卖盘
3062,13:49:38,28.1,5620,2,卖盘
3063,13:49:41,28.1,92730,33,卖盘
3064,13:49:44,28.1,28100,10,卖盘
3065,13:49:47,28.11,8433,3,买盘
3066,13:49:50,28.1,53390,19,卖盘
3067,13:49:53,28.1,5620,2,卖盘
3068,13:50:08,28.1,56200,20,卖盘
3069,13:50:11,28.1,25290,9,卖盘
3070,13:50:14,28.1,213560,76,卖盘
3071,13:50:20,28.09,143259,51,卖盘
3072,13:50:23,28.09,2809,1,卖盘
3073,13:50:26,28.09,2809,1,卖盘
3074,13:50:29,28.09,5618,2,卖盘
3075,13:50:32,28.09,186068,66,卖盘
3076,13:50:35,28.09,39326,14,买盘
3077,13:50:38,28.08,348192,124,卖盘
3078,13:50:44,28.08,241524,86,卖盘
3079,13:50:47,28.08,103912,37,卖盘
3080,13:50:50,28.09,218408,78,买盘
3081,13:50:53,28.11,564847,201,买盘
3082,13:50:56,28.12,61868,22,买盘
3083,13:50:59,28.13,146243,52,买盘
3084,13:51:05,28.12,50616,18,卖盘
3085,13:51:08,28.13,11252,4,买盘
3086,13:51:11,28.14,236363,84,买盘
3087,13:51:14,28.14,47838,17,买盘
3088,13:51:23,28.14,557285,198,卖盘
3089,13:51:29,28.14,30954,11,买盘
3090,13:51:32,28.14,16884,6,买盘
3091,13:51:35,28.14,33768,12,买盘
3092,13:51:41,28.13,22511,8,卖盘
3093,13:51:47,28.15,50656,18,买盘
3094,13:51:50,28.15,45040,16,买盘
3095,13:51:53,28.15,163225,58,买盘
3096,13:51:59,28.16,123899,44,买盘
3097,13:52:02,28.17,14082,5,买盘
3098,13:52:05,28.16,56320,20,卖盘
3099,13:52:08,28.17,39426,14,买盘
3100,13:52:17,28.17,70425,25,买盘
3101,13:52:20,28.17,14088,5,卖盘
3102,13:52:23,28.18,14090,5,买盘
3103,13:52:29,28.15,185900,66,卖盘
3104,13:52:32,28.18,36622,13,买盘
3105,13:52:35,28.2,682320,242,买盘
3106,13:52:38,28.17,36621,13,买盘
3107,13:52:44,28.17,14085,5,买盘
3108,13:52:47,28.18,39452,14,卖盘
3109,13:53:02,28.18,76085,27,买盘
3110,13:53:08,28.18,8454,3,卖盘
3111,13:53:11,28.2,561173,199,买盘
3112,13:53:14,28.2,47939,17,买盘
3113,13:53:17,28.2,28200,10,买盘
3114,13:53:23,28.19,115615,41,卖盘
3115,13:53:26,28.19,2819,1,卖盘
3116,13:53:29,28.19,45104,16,卖盘
3117,13:53:32,28.19,16914,6,买盘
3118,13:53:38,28.18,19726,7,卖盘
3119,13:53:41,28.18,8454,3,买盘
3120,13:53:44,28.18,2818,1,卖盘
3121,13:53:47,28.18,14090,5,卖盘
3122,13:53:50,28.18,14090,5,卖盘
3123,13:53:56,28.18,30998,11,卖盘
3124,13:54:05,28.18,2818,1,买盘
3125,13:54:14,28.18,45088,16,买盘
3126,13:54:17,28.17,11271,4,卖盘
3127,13:54:29,28.18,2818,1,买盘
3128,13:54:32,28.18,5636,2,买盘
3129,13:54:35,28.18,30998,11,买盘
3130,13:54:38,28.18,11272,4,卖盘
