,成交时间,成交价格,成交金额,成交量,性质
0,09:25:02,28.66,4170030,1455,卖盘
1,09:30:01,28.63,8590,3,卖盘
2,09:30:04,28.6,927288,324,卖盘
3,09:30:07,28.63,607495,212,买盘
4,09:30:10,28.7,945539,330,买盘
5,09:30:13,28.64,1832246,639,卖盘
6,09:30:16,28.66,573114,200,买盘
7,09:30:19,28.66,1572829,549,买盘
8,09:30:22,28.7,166268,58,买盘
9,09:30:25,28.7,295503,103,买盘
10,09:30:28,28.71,418892,146,买盘
11,09:30:31,28.75,209850,73,买盘
12,09:30:34,28.77,353930,123,买盘
13,09:30:37,28.79,527245,183,买盘
14,09:30:40,28.84,72102,25,买盘
15,09:30:43,28.85,539507,187,买盘
16,09:30:46,28.92,372771,129,买盘
17,09:30:49,28.97,998245,345,买盘
18,09:30:52,28.98,567611,196,买盘
19,09:30:55,28.99,793775,274,买盘
20,09:30:58,28.99,2214339,764,买盘
21,09:31:01,29.05,565573,195,买盘
22,09:31:04,29.06,316611,109,买盘
23,09:31:07,29.07,444760,153,买盘
24,09:31:10,29.12,500269,172,买盘
25,09:31:13,29.14,530371,182,买盘
26,09:31:16,29.15,539342,185,买盘
27,09:31:19,29.15,580414,199,卖盘
28,09:31:22,29.2,1017822,349,买盘
29,09:31:25,29.17,1452466,498,卖盘
30,09:31:28,29.12,1101148,378,卖盘
31,09:31:31,29.06,3074378,1056,卖盘
32,09:31:34,29.0,580426,200,卖盘
33,09:31:37,28.99,394553,136,中性盘
34,09:31:40,28.98,261005,90,卖盘
35,09:31:43,29.0,951835,328,买盘
36,09:31:46,28.98,205684,71,卖盘
37,09:31:49,28.92,1653482,572,卖盘
38,09:31:52,28.92,1321893,457,买盘
39,09:31:55,28.88,361236,125,卖盘
40,09:31:58,28.9,502597,174,买盘
41,09:32:01,28.91,3707857,1281,买盘
42,09:32:04,28.9,937484,324,卖盘
43,09:32:07,28.91,468789,162,卖盘
44,09:32:10,28.97,853918,295,买盘
45,09:32:13,28.92,762174,263,卖盘
46,09:32:16,28.97,107177,37,中性盘
47,09:32:19,29.01,284241,98,买盘
48,09:32:22,29.01,333945,115,卖盘
49,09:32:25,28.98,113102,39,卖盘
50,09:32:28,29.01,1316153,453,买盘
51,09:32:31,29.02,81298,28,中性盘
52,09:32:34,29.02,287443,99,卖盘
53,09:32:37,29.03,1230499,424,中性盘
54,09:32:40,29.02,1044568,360,卖盘
55,09:32:43,29.02,600735,207,卖盘
56,09:32:46,29.0,365686,126,中性盘
57,09:32:49,28.97,866999,299,卖盘
58,09:32:52,28.96,86903,30,卖盘
59,09:32:55,28.98,686524,237,买盘
60,09:32:58,28.96,931353,322,卖盘
61,09:33:01,29.0,1936748,670,买盘
62,09:33:04,28.98,556406,192,中性盘
63,09:33:07,29.0,307346,106,买盘
64,09:33:10,29.06,853609,294,买盘
65,09:33:13,29.1,1175914,404,买盘
66,09:33:16,29.08,1409003,484,卖盘
67,09:33:19,29.1,227063,78,中性盘
68,09:33:22,29.11,488917,168,中性盘
69,09:33:25,29.1,90254,31,卖盘
70,09:33:28,29.15,611863,210,买盘
71,09:33:31,29.15,1077801,370,买盘
72,09:33:34,29.15,658316,226,买盘
73,09:33:37,29.15,230221,79,卖盘
74,09:33:40,29.15,218517,75,买盘
75,09:33:43,29.09,567561,195,卖盘
76,09:33:46,29.11,878572,302,买盘
77,09:33:49,29.13,486159,167,买盘
78,09:33:52,29.11,125169,43,卖盘
79,09:33:55,29.16,1798244,617,买盘
80,09:33:58,29.14,611838,210,买盘
81,09:34:01,29.17,475310,163,买盘
82,09:34:04,29.18,381988,131,买盘
83,09:34:07,29.18,700425,240,买盘
84,09:34:10,29.19,163458,56,买盘
85,09:34:13,29.13,1702823,584,卖盘
86,09:34:16,29.09,818022,281,卖盘
87,09:34:19,29.19,1010999,347,买盘
88,09:34:22,29.13,343764,118,卖盘
89,09:34:25,29.08,75670,26,卖盘
90,09:34:28,29.1,200778,69,买盘
91,09:34:31,29.13,206586,71,买盘
92,09:34:34,29.09,171700,59,中性盘
93,09:34:37,29.12,104763,36,买盘
94,09:34:40,29.11,285425,98,卖盘
95,09:34:43,29.13,297139,102,买盘
96,09:34:46,29.14,367075,126,买盘
97,09:34:49,29.13,180628,62,中性盘
98,09:34:52,29.13,538603,185,买盘
99,09:34:55,29.11,133979,46,卖盘
100,09:34:58,29.1,46574,16,卖盘
101,09:35:01,29.1,395811,136,卖盘
102,09:35:04,29.09,180385,62,卖盘
103,09:35:07,29.06,468127,161,卖盘
104,09:35:10,29.04,26136,9,中性盘
105,09:35:13,29.05,37746,13,买盘
106,09:35:16,29.05,549365,189,卖盘
107,09:35:19,29.09,215240,74,买盘
108,09:35:22,29.15,1286969,442,买盘
109,09:35:25,29.17,131221,45,买盘
110,09:35:28,29.16,148761,51,卖盘
111,09:35:31,29.18,180916,62,买盘
112,09:35:34,29.18,677157,232,买盘
113,09:35:37,29.19,137174,47,买盘
114,09:35:40,29.19,195563,67,买盘
115,09:35:43,29.19,443748,152,买盘
116,09:35:46,29.2,1661472,569,买盘
117,09:35:49,29.22,943152,323,买盘
118,09:35:52,29.22,157791,54,买盘
119,09:35:55,29.23,309762,106,买盘
120,09:35:58,29.23,347811,119,买盘
121,09:36:01,29.24,683733,234,买盘
122,09:36:04,29.23,836223,286,卖盘
123,09:36:07,29.25,699077,239,买盘
124,09:36:10,29.28,1027421,351,买盘
125,09:36:13,29.3,1189231,406,买盘
126,09:36:16,29.32,477934,163,买盘
127,09:36:19,29.31,1299607,443,卖盘
128,09:36:22,29.32,950250,324,卖盘
129,09:36:25,29.3,2835067,967,卖盘
130,09:36:28,29.34,407511,139,买盘
131,09:36:31,29.35,2094893,714,买盘
132,09:36:34,29.37,1253836,427,买盘
133,09:36:37,29.39,1057496,360,买盘
134,09:36:40,29.44,2477154,842,买盘
135,09:36:43,29.46,385791,131,买盘
136,09:36:46,29.46,589275,200,买盘
137,09:36:49,29.48,742640,252,买盘
138,09:36:52,29.46,603836,205,卖盘
139,09:36:55,29.49,1199608,407,买盘
140,09:36:58,29.48,365547,124,中性盘
141,09:37:01,29.51,7547361,2562,买盘
142,09:37:04,29.53,672994,228,买盘
143,09:37:07,29.51,717442,243,卖盘
144,09:37:10,29.57,972085,329,买盘
145,09:37:13,29.62,1077343,364,买盘
146,09:37:16,29.6,503409,170,卖盘
147,09:37:19,29.53,2063548,698,卖盘
148,09:37:22,29.49,2733002,926,卖盘
149,09:37:25,29.53,212462,72,买盘
150,09:37:28,29.5,728707,247,卖盘
151,09:37:31,29.5,1106420,375,卖盘
152,09:37:34,29.5,356972,121,卖盘
153,09:37:37,29.48,1344953,456,卖盘
154,09:37:40,29.47,1173162,398,卖盘
155,09:37:43,29.5,1107251,376,买盘
156,09:37:46,29.59,2290526,775,买盘
157,09:37:49,29.6,2626106,887,买盘
158,09:37:52,29.59,434737,147,卖盘
159,09:37:55,29.57,360653,122,中性盘
160,09:37:58,29.6,556094,188,买盘
161,09:38:01,29.59,289982,98,卖盘
162,09:38:04,29.59,535651,181,卖盘
163,09:38:07,29.6,1127724,381,买盘
164,09:38:10,29.66,1659294,560,买盘
165,09:38:13,29.77,1371885,462,买盘
166,09:38:16,29.77,1764830,594,买盘
167,09:38:19,29.77,1566814,526,中性盘
168,09:38:22,29.79,390272,131,中性盘
169,09:38:25,29.72,1296816,436,卖盘
170,09:38:28,29.75,107050,36,买盘
171,09:38:31,29.71,1267962,427,卖盘
172,09:38:34,29.6,1753257,592,卖盘
173,09:38:37,29.65,2811042,949,买盘
174,09:38:40,29.59,147938,50,中性盘
175,09:38:43,29.55,396796,134,卖盘
176,09:38:46,29.55,248334,84,卖盘
177,09:38:49,29.54,484576,164,卖盘
178,09:38:52,29.51,2130063,722,卖盘
179,09:38:55,29.48,544238,184,卖盘
180,09:38:58,29.5,215389,73,买盘
181,09:39:01,29.47,268154,91,卖盘
182,09:39:04,29.4,714566,243,卖盘
183,09:39:07,29.39,511619,174,卖盘
184,09:39:10,29.37,570388,194,卖盘
185,09:39:13,29.4,129328,44,买盘
186,09:39:16,29.4,1166913,397,买盘
187,09:39:19,29.4,176444,60,卖盘
188,09:39:22,29.42,188447,64,中性盘
189,09:39:25,29.55,1491915,506,买盘
190,09:39:28,29.51,121042,41,卖盘
191,09:39:31,29.56,189189,64,买盘
192,09:39:34,29.6,383957,130,买盘
193,09:39:37,29.56,783281,265,中性盘
194,09:39:40,29.57,156725,53,买盘
195,09:39:43,29.6,289850,98,买盘
196,09:39:46,29.61,349195,118,买盘
197,09:39:49,29.6,509396,172,卖盘
198,09:39:52,29.64,441579,149,买盘
199,09:39:55,29.67,3136917,1058,买盘
200,09:39:58,29.66,305636,103,卖盘
201,09:40:01,29.71,121763,41,买盘
202,09:40:04,29.71,980393,330,买盘
203,09:40:07,29.71,1042886,351,买盘
204,09:40:10,29.71,950971,320,卖盘
205,09:40:13,29.71,2378888,801,卖盘
206,09:40:16,29.71,427851,144,卖盘
207,09:40:19,29.66,4849127,1636,卖盘
208,09:40:22,29.66,85975,29,买盘
209,09:40:25,29.6,47410,16,卖盘
210,09:40:28,29.61,284425,96,中性盘
211,09:40:31,29.58,1937624,654,卖盘
212,09:40:34,29.64,631000,213,买盘
213,09:40:37,29.66,263983,89,中性盘
214,09:40:40,29.68,1932199,652,买盘
215,09:40:43,29.65,243244,82,卖盘
216,09:40:46,29.63,1376148,464,中性盘
217,09:40:49,29.62,826718,279,卖盘
218,09:40:52,29.62,1293921,437,买盘
219,09:40:55,29.61,2882775,975,中性盘
220,09:40:58,29.55,481727,163,卖盘
221,09:41:01,29.52,363971,123,卖盘
222,09:41:04,29.52,62078,21,卖盘
223,09:41:07,29.52,437619,148,卖盘
224,09:41:10,29.52,94482,32,卖盘
225,09:41:13,29.52,466503,158,卖盘
226,09:41:16,29.51,360124,122,卖盘
227,09:41:19,29.5,548815,186,卖盘
228,09:41:22,29.51,106225,36,买盘
229,09:41:25,29.5,324383,110,买盘
230,09:41:28,29.48,153298,52,卖盘
231,09:41:31,29.45,58933,20,卖盘
232,09:41:34,29.44,167856,57,卖盘
233,09:41:37,29.42,615071,209,卖盘
234,09:41:40,29.44,317851,108,买盘
235,09:41:43,29.42,317867,108,卖盘
236,09:41:46,29.43,1223861,416,中性盘
237,09:41:49,29.46,376873,128,买盘
238,09:41:52,29.45,217987,74,卖盘
239,09:41:55,29.44,147261,50,卖盘
240,09:41:58,29.46,126679,43,买盘
241,09:42:01,29.54,2203433,747,买盘
242,09:42:04,29.55,191944,65,买盘
243,09:42:07,29.55,2157477,732,买盘
244,09:42:10,29.55,165539,56,卖盘
245,09:42:13,29.58,659157,223,买盘
246,09:42:16,29.58,322321,109,买盘
247,09:42:19,29.6,739588,250,买盘
248,09:42:22,29.59,831703,281,买盘
249,09:42:25,29.58,1287532,435,卖盘
250,09:42:28,29.58,369848,125,卖盘
251,09:42:31,29.58,378728,128,买盘
252,09:42:34,29.6,473302,160,买盘
253,09:42:37,29.6,357999,121,买盘
254,09:42:40,29.58,984348,333,卖盘
255,09:42:43,29.58,710199,240,买盘
256,09:42:46,29.6,213043,72,买盘
257,09:42:49,29.58,218705,74,卖盘
258,09:42:52,29.58,675918,229,买盘
259,09:42:55,29.57,97614,33,中性盘
260,09:42:58,29.52,274805,93,卖盘
261,09:43:01,29.55,522897,177,买盘
262,09:43:04,29.55,82779,28,卖盘
263,09:43:07,29.51,183074,62,卖盘
264,09:43:10,29.5,233074,79,卖盘
265,09:43:13,29.46,943790,320,卖盘
266,09:43:16,29.5,274402,93,买盘
267,09:43:19,29.46,887976,301,卖盘
268,09:43:22,29.46,1181127,401,买盘
269,09:43:25,29.43,317874,108,卖盘
270,09:43:28,29.45,94200,32,买盘
271,09:43:31,29.4,1109281,377,卖盘
272,09:43:37,29.38,158705,54,卖盘
273,09:43:40,29.34,196741,67,卖盘
274,09:43:43,29.33,14672,5,卖盘
275,09:43:46,29.34,633514,216,中性盘
276,09:43:49,29.31,525060,179,卖盘
277,09:43:52,29.34,395840,135,中性盘
278,09:43:55,29.35,302086,103,买盘
279,09:43:58,29.34,196417,67,买盘
280,09:44:01,29.38,3263148,1114,买盘
281,09:44:04,29.37,696556,237,卖盘
282,09:44:07,29.35,737225,251,卖盘
283,09:44:10,29.38,267515,91,买盘
284,09:44:13,29.38,352552,120,买盘
285,09:44:16,29.37,317239,108,中性盘
286,09:44:19,29.34,783926,267,卖盘
287,09:44:22,29.4,246837,84,买盘
288,09:44:25,29.36,308481,105,卖盘
289,09:44:28,29.45,258875,88,买盘
290,09:44:31,29.41,258671,88,中性盘
291,09:44:34,29.37,49955,17,中性盘
292,09:44:37,29.38,91060,31,买盘
293,09:44:40,29.38,41125,14,买盘
294,09:44:43,29.38,132213,45,买盘
295,09:44:46,29.37,573081,195,卖盘
296,09:44:49,29.39,73459,25,中性盘
297,09:44:52,29.38,44070,15,卖盘
298,09:44:55,29.39,99908,34,买盘
299,09:44:58,29.38,38188,13,卖盘
300,09:45:01,29.32,1206052,411,卖盘
301,09:45:04,29.3,287257,98,卖盘
302,09:45:07,29.26,263657,90,卖盘
303,09:45:10,29.3,35155,12,买盘
304,09:45:13,29.29,108530,37,卖盘
305,09:45:16,29.28,93711,32,中性盘
306,09:45:19,29.25,231115,79,卖盘
307,09:45:22,29.25,166701,57,买盘
308,09:45:25,29.26,687258,235,买盘
309,09:45:28,29.28,368934,126,买盘
310,09:45:31,29.3,756022,258,买盘
311,09:45:34,29.31,208113,71,中性盘
312,09:45:37,29.28,1453074,496,卖盘
313,09:45:40,29.3,539131,184,买盘
314,09:45:43,29.32,152400,52,买盘
315,09:45:46,29.29,383982,131,卖盘
316,09:45:49,29.33,90867,31,买盘
317,09:45:52,29.29,301731,103,卖盘
318,09:45:55,29.29,489198,167,买盘
319,09:45:58,29.28,123065,42,卖盘
320,09:46:01,29.29,102502,35,卖盘
321,09:46:04,29.29,155266,53,卖盘
322,09:46:07,29.3,164087,56,卖盘
323,09:46:10,29.26,374780,128,卖盘
324,09:46:13,29.25,122868,42,卖盘
325,09:46:16,29.25,631965,216,卖盘
326,09:46:19,29.25,52654,18,买盘
327,09:46:22,29.24,137453,47,卖盘
328,09:46:25,29.21,78917,27,卖盘
329,09:46:28,29.22,195731,67,买盘
330,09:46:31,29.2,40890,14,卖盘
331,09:46:34,29.2,673537,231,卖盘
332,09:46:37,29.18,58335,20,中性盘
333,09:46:40,29.12,973585,334,卖盘
334,09:46:43,29.15,148601,51,中性盘
335,09:46:46,29.15,1563446,537,卖盘
336,09:46:49,29.11,142808,49,卖盘
337,09:46:52,29.14,297312,102,中性盘
338,09:46:55,29.14,774646,266,卖盘
339,09:46:58,29.17,107860,37,买盘
340,09:47:01,29.13,323370,111,卖盘
341,09:47:05,29.16,93289,32,买盘
342,09:47:07,29.16,72887,25,买盘
343,09:47:10,29.16,64140,22,买盘
344,09:47:13,29.16,40820,14,买盘
345,09:47:16,29.16,134137,46,买盘
346,09:47:19,29.18,140065,48,买盘
347,09:47:22,29.19,283225,97,买盘
348,09:47:25,29.18,17515,6,卖盘
349,09:47:28,29.21,438178,150,买盘
350,09:47:31,29.21,195753,67,卖盘
351,09:47:34,29.23,265829,91,买盘
352,09:47:37,29.24,2924,1,买盘
353,09:47:40,29.24,23399,8,卖盘
354,09:47:43,29.25,330524,113,买盘
355,09:47:46,29.25,321739,110,买盘
356,09:47:49,29.26,157953,54,买盘
357,09:47:52,29.28,14639,5,买盘
358,09:47:55,29.26,93632,32,卖盘
359,09:47:58,29.26,371730,127,卖盘
360,09:48:01,29.25,596756,204,卖盘
361,09:48:04,29.25,298372,102,卖盘
362,09:48:07,29.26,166779,57,买盘
363,09:48:10,29.28,90724,31,中性盘
364,09:48:13,29.29,26356,9,买盘
365,09:48:16,29.28,76164,26,买盘
366,09:48:19,29.26,193242,66,卖盘
367,09:48:22,29.29,178627,61,中性盘
368,09:48:25,29.29,38067,13,买盘
369,09:48:28,29.3,196254,67,买盘
370,09:48:31,29.3,216797,74,买盘
371,09:48:34,29.29,96663,33,卖盘
372,09:48:37,29.29,389657,133,买盘
373,09:48:40,29.3,298749,102,买盘
374,09:48:43,29.28,637978,218,卖盘
375,09:48:46,29.29,49796,17,中性盘
376,09:48:49,29.29,70296,24,买盘
377,09:48:52,29.25,351422,120,卖盘
378,09:48:55,29.3,111273,38,买盘
379,09:48:58,29.26,58526,20,卖盘
380,09:49:01,29.26,114163,39,中性盘
381,09:49:04,29.26,701991,240,卖盘
382,09:49:07,29.25,190068,65,买盘
383,09:49:10,29.25,32164,11,买盘
384,09:49:13,29.25,169636,58,买盘
385,09:49:16,29.25,58476,20,买盘
386,09:49:19,29.23,61414,21,中性盘
387,09:49:22,29.23,17538,6,买盘
388,09:49:25,29.25,488206,167,买盘
389,09:49:28,29.25,55533,19,买盘
390,09:49:31,29.22,61373,21,卖盘
391,09:49:37,29.25,102323,35,买盘
392,09:49:40,29.24,8772,3,卖盘
393,09:49:43,29.25,143251,49,买盘
394,09:49:46,29.24,67273,23,中性盘
395,09:49:49,29.22,149073,51,卖盘
396,09:49:52,29.25,105240,36,买盘
397,09:49:55,29.24,35080,12,卖盘
398,09:49:58,29.25,26325,9,买盘
399,09:50:01,29.23,5846,2,卖盘
400,09:50:04,29.23,76022,26,卖盘
401,09:50:07,29.22,146164,50,卖盘
402,09:50:10,29.23,52600,18,中性盘
403,09:50:13,29.23,140282,48,买盘
404,09:50:16,29.23,406165,139,买盘
405,09:50:19,29.23,111043,38,买盘
406,09:50:22,29.22,93512,32,卖盘
407,09:50:25,29.21,540463,185,卖盘
408,09:50:28,29.21,403011,138,买盘
409,09:50:31,29.18,905182,310,卖盘
410,09:50:34,29.19,694519,238,买盘
411,09:50:37,29.16,910291,312,卖盘
412,09:50:40,29.13,542235,186,卖盘
413,09:50:43,29.14,128174,44,中性盘
414,09:50:46,29.14,58260,20,买盘
415,09:50:49,29.11,232903,80,卖盘
416,09:50:52,29.1,122257,42,卖盘
417,09:50:55,29.12,206666,71,中性盘
418,09:50:58,29.11,305600,105,买盘
419,09:51:01,29.1,349328,120,卖盘
420,09:51:04,29.1,742128,255,买盘
421,09:51:07,29.1,456855,157,买盘
422,09:51:10,29.15,875542,301,买盘
423,09:51:13,29.09,593512,204,卖盘
424,09:51:16,29.12,52403,18,中性盘
425,09:51:19,29.1,177659,61,卖盘
426,09:51:22,29.15,11661,4,中性盘
427,09:51:25,29.16,40804,14,买盘
428,09:51:28,29.11,393491,135,卖盘
429,09:51:31,29.16,17498,6,中性盘
430,09:51:34,29.13,32064,11,卖盘
431,09:51:37,29.17,101990,35,买盘
432,09:51:40,29.16,302988,104,卖盘
433,09:51:43,29.17,160432,55,买盘
434,09:51:46,29.16,14580,5,买盘
435,09:51:49,29.15,78741,27,卖盘
436,09:51:52,29.18,160483,55,买盘
437,09:51:55,29.12,2150440,737,卖盘
438,09:51:58,29.15,20430,7,中性盘
439,09:52:01,29.21,226147,77,买盘
440,09:52:04,29.21,242447,83,买盘
441,09:52:07,29.21,8763,3,中性盘
442,09:52:10,29.26,961441,329,买盘
443,09:52:13,29.38,4958108,1692,买盘
444,09:52:16,29.41,182228,62,买盘
445,09:52:19,29.43,29425,10,买盘
446,09:52:22,29.43,438505,149,买盘
447,09:52:25,29.44,26496,9,买盘
448,09:52:28,29.41,317925,108,卖盘
449,09:52:31,29.46,329846,112,买盘
450,09:52:34,29.46,70678,24,买盘
451,09:52:37,29.47,241438,82,买盘
452,09:52:40,29.43,85359,29,中性盘
453,09:52:43,29.41,179565,61,卖盘
454,09:52:46,29.41,132434,45,卖盘
455,09:52:49,29.41,532186,181,卖盘
456,09:52:52,29.4,499850,170,卖盘
457,09:52:56,29.43,164672,56,买盘
458,09:52:58,29.43,64744,22,买盘
459,09:53:01,29.43,379699,129,买盘
460,09:53:04,29.41,64704,22,卖盘
461,09:53:07,29.41,235280,80,买盘
462,09:53:10,29.4,358596,122,卖盘
463,09:53:13,29.39,702391,239,中性盘
464,09:53:16,29.36,590640,201,买盘
465,09:53:19,29.36,108645,37,买盘
466,09:53:22,29.33,73307,25,卖盘
467,09:53:25,29.33,17593,6,买盘
468,09:53:28,29.33,307944,105,买盘
469,09:53:31,29.33,176003,60,卖盘
470,09:53:34,29.3,85003,29,卖盘
471,09:53:37,29.33,181688,62,买盘
472,09:53:40,29.33,11732,4,买盘
473,09:53:43,29.36,504573,172,买盘
474,09:53:46,29.38,132197,45,买盘
475,09:53:49,29.36,170376,58,卖盘
476,09:53:52,29.36,434674,148,卖盘
477,09:53:55,29.39,64615,22,中性盘
478,09:53:58,29.38,120459,41,卖盘
479,09:54:01,29.38,17626,6,中性盘
480,09:54:04,29.38,17625,6,买盘
481,09:54:07,29.35,270048,92,卖盘
482,09:54:10,29.35,14672,5,买盘
483,09:54:13,29.35,38151,13,买盘
484,09:54:16,29.34,23469,8,买盘
485,09:54:19,29.33,73330,25,卖盘
486,09:54:22,29.35,193615,66,买盘
487,09:54:25,29.33,208263,71,卖盘
488,09:54:28,29.31,49827,17,卖盘
489,09:54:31,29.31,11724,4,卖盘
490,09:54:34,29.3,120162,41,卖盘
491,09:54:37,29.31,87939,30,中性盘
492,09:54:40,29.33,299138,102,买盘
493,09:54:43,29.33,29314,10,买盘
494,09:54:46,29.3,161221,55,卖盘
495,09:54:49,29.3,38090,13,卖盘
496,09:54:52,29.3,93774,32,卖盘
497,09:54:55,29.3,108412,37,卖盘
498,09:54:58,29.28,744209,254,卖盘
499,09:55:01,29.29,14648,5,中性盘
500,09:55:04,29.28,49776,17,卖盘
501,09:55:07,29.3,38084,13,买盘
502,09:55:10,29.28,43920,15,卖盘
503,09:55:13,29.28,26357,9,中性盘
504,09:55:16,29.28,11712,4,卖盘
505,09:55:19,29.26,70268,24,卖盘
506,09:55:22,29.29,240136,82,买盘
507,09:55:25,29.3,134780,46,买盘
508,09:55:28,29.28,99582,34,卖盘
509,09:55:31,29.27,93682,32,中性盘
510,09:55:34,29.26,40979,14,卖盘
511,09:55:37,29.26,105344,36,卖盘
512,09:55:40,29.25,11701,4,卖盘
513,09:55:43,29.26,64372,22,买盘
514,09:55:46,29.25,84849,29,卖盘
515,09:55:49,29.25,272097,93,卖盘
516,09:55:52,29.25,140400,48,买盘
517,09:55:55,29.28,46817,16,买盘
518,09:55:58,29.26,73158,25,卖盘
519,09:56:01,29.26,14632,5,卖盘
520,09:56:04,29.26,58522,20,卖盘
521,09:56:07,29.26,52672,18,卖盘
522,09:56:10,29.26,23415,8,卖盘
523,09:56:13,29.28,11712,4,买盘
524,09:56:16,29.29,327944,112,买盘
525,09:56:19,29.3,483277,165,买盘
526,09:56:22,29.3,796959,272,买盘
527,09:56:25,29.3,404299,138,买盘
528,09:56:28,29.32,38107,13,买盘
529,09:56:31,29.3,178746,61,卖盘
530,09:56:34,29.33,11730,4,买盘
531,09:56:37,29.31,93835,32,卖盘
532,09:56:40,29.31,155326,53,卖盘
533,09:56:43,29.31,275801,94,买盘
534,09:56:46,29.32,99649,34,买盘
535,09:56:49,29.3,324949,111,卖盘
536,09:56:52,29.32,322438,110,买盘
537,09:56:55,29.3,17580,6,中性盘
538,09:56:58,29.29,55652,19,卖盘
539,09:57:01,29.29,2929,1,卖盘
540,09:57:04,29.27,260378,89,卖盘
541,09:57:07,29.27,81915,28,买盘
542,09:57:10,29.27,275012,94,买盘
543,09:57:13,29.26,14630,5,买盘
544,09:57:16,29.23,20461,7,卖盘
545,09:57:19,29.22,192865,66,卖盘
546,09:57:22,29.2,14608,5,卖盘
547,09:57:25,29.2,149040,51,卖盘
548,09:57:28,29.21,140294,48,中性盘
549,09:57:31,29.25,46773,16,买盘
550,09:57:34,29.26,131569,45,买盘
551,09:57:37,29.23,11700,4,中性盘
552,09:57:40,29.23,81866,28,卖盘
553,09:57:44,29.23,192908,66,卖盘
554,09:57:46,29.26,398160,136,买盘
555,09:57:49,29.25,310050,106,卖盘
556,09:57:52,29.23,298336,102,卖盘
557,09:57:58,29.27,14635,5,中性盘
558,09:58:01,29.23,122803,42,卖盘
559,09:58:04,29.23,5846,2,卖盘
560,09:58:10,29.23,93543,32,卖盘
561,09:58:13,29.21,651270,223,卖盘
562,09:58:16,29.23,540394,185,买盘
563,09:58:19,29.26,1002615,343,买盘
564,09:58:22,29.22,146007,50,中性盘
565,09:58:25,29.26,222312,76,买盘
566,09:58:28,29.23,73147,25,卖盘
567,09:58:34,29.23,35082,12,卖盘
568,09:58:37,29.22,149071,51,卖盘
569,09:58:40,29.23,20461,7,卖盘
570,09:58:43,29.24,40941,14,卖盘
571,09:58:46,29.22,78944,27,卖盘
572,09:58:49,29.29,681958,233,买盘
573,09:58:52,29.28,342661,117,卖盘
574,09:58:55,29.3,322262,110,买盘
575,09:58:58,29.3,102506,35,中性盘
576,09:59:01,29.31,41031,14,买盘
577,09:59:04,29.33,601035,205,买盘
578,09:59:07,29.35,108525,37,买盘
579,09:59:10,29.33,35209,12,卖盘
580,09:59:13,29.33,355219,121,卖盘
581,09:59:16,29.36,237703,81,中性盘
582,09:59:19,29.35,111560,38,卖盘
583,09:59:22,29.38,70508,24,买盘
584,09:59:25,29.39,114602,39,买盘
585,09:59:28,29.36,158546,54,中性盘
586,09:59:31,29.36,543590,185,中性盘
587,09:59:37,29.37,284892,97,卖盘
588,09:59:40,29.36,229108,78,卖盘
589,09:59:43,29.35,85153,29,卖盘
590,09:59:46,29.39,5878,2,买盘
591,09:59:49,29.37,290764,99,卖盘
592,09:59:52,29.38,490443,167,买盘
593,09:59:55,29.38,426007,145,买盘
594,09:59:58,29.35,99849,34,卖盘
595,10:00:01,29.34,217294,74,卖盘
596,10:00:04,29.33,176103,60,卖盘
597,10:00:07,29.33,29337,10,卖盘
598,10:00:10,29.36,105616,36,买盘
599,10:00:13,29.36,23482,8,买盘
600,10:00:16,29.38,387634,132,买盘
601,10:00:19,29.4,255658,87,买盘
602,10:00:22,29.4,529229,180,买盘
603,10:00:25,29.41,76435,26,买盘
604,10:00:28,29.42,117637,40,买盘
605,10:00:31,29.38,305750,104,卖盘
606,10:00:34,29.4,376290,128,买盘
607,10:00:37,29.4,11760,4,买盘
608,10:00:40,29.35,296747,101,卖盘
609,10:00:43,29.37,181988,62,中性盘
610,10:00:46,29.38,26442,9,买盘
611,10:00:49,29.34,302350,103,卖盘
612,10:00:52,29.35,26421,9,中性盘
613,10:00:55,29.34,258196,88,卖盘
614,10:00:58,29.31,199318,68,卖盘
615,10:01:01,29.29,240246,82,卖盘
616,10:01:04,29.29,23425,8,中性盘
617,10:01:07,29.28,152268,52,卖盘
618,10:01:10,29.28,17567,6,买盘
619,10:01:13,29.3,354402,121,买盘
620,10:01:16,29.31,360299,123,买盘
621,10:01:19,29.3,23439,8,中性盘
622,10:01:22,29.29,240191,82,卖盘
623,10:01:28,29.27,64412,22,卖盘
624,10:01:31,29.27,108271,37,买盘
625,10:01:34,29.26,108248,37,卖盘
626,10:01:37,29.25,23399,8,卖盘
627,10:01:40,29.24,76024,26,卖盘
628,10:01:43,29.25,67273,23,买盘
629,10:01:46,29.25,210641,72,卖盘
630,10:01:49,29.25,415360,142,卖盘
631,10:01:52,29.25,99441,34,买盘
632,10:01:55,29.23,20467,7,卖盘
633,10:01:58,29.25,146222,50,买盘
634,10:02:01,29.25,415438,142,卖盘
635,10:02:04,29.29,251624,86,买盘
636,10:02:07,29.29,506088,173,买盘
637,10:02:10,29.23,231218,79,卖盘
638,10:02:13,29.28,46835,16,中性盘
639,10:02:16,29.28,61469,21,买盘
640,10:02:19,29.27,278147,95,卖盘
641,10:02:22,29.28,345214,118,买盘
642,10:02:25,29.26,140497,48,卖盘
643,10:02:28,29.26,26342,9,卖盘
644,10:02:31,29.23,149110,51,卖盘
645,10:02:34,29.26,17558,6,中性盘
646,10:02:37,29.25,43885,15,中性盘
647,10:02:40,29.26,181312,62,买盘
648,10:02:43,29.26,117040,40,卖盘
649,10:02:46,29.27,43905,15,买盘
650,10:02:49,29.27,43893,15,买盘
651,10:02:52,29.27,32190,11,买盘
652,10:02:55,29.25,842671,288,卖盘
653,10:02:58,29.22,394603,135,卖盘
654,10:03:01,29.2,295068,101,卖盘
655,10:03:04,29.19,116784,40,卖盘
656,10:03:07,29.18,113504,39,卖盘
657,10:03:10,29.17,186725,64,卖盘
658,10:03:13,29.17,37921,13,卖盘
659,10:03:16,29.16,37921,13,卖盘
660,10:03:19,29.15,285736,98,卖盘
661,10:03:22,29.15,621411,213,卖盘
662,10:03:25,29.2,449497,154,买盘
663,10:03:28,29.21,2920440,1001,买盘
664,10:03:31,29.23,23378,8,买盘
665,10:03:34,29.21,113894,39,卖盘
666,10:03:37,29.21,166311,57,买盘
667,10:03:40,29.21,5841,2,买盘
668,10:03:43,29.17,830030,284,卖盘
669,10:03:46,29.21,26291,9,卖盘
670,10:03:49,29.25,90661,31,买盘
671,10:03:52,29.25,190038,65,买盘
672,10:03:55,29.25,172437,59,卖盘
673,10:03:58,29.26,605566,207,买盘
674,10:04:01,29.29,96635,33,买盘
675,10:04:04,29.29,198890,68,买盘
676,10:04:07,29.3,38080,13,买盘
677,10:04:10,29.28,90820,31,卖盘
678,10:04:13,29.3,421574,144,买盘
679,10:04:16,29.31,137748,47,买盘
680,10:04:19,29.34,38106,13,买盘
681,10:04:22,29.34,181756,62,买盘
682,10:04:25,29.35,79219,27,买盘
683,10:04:28,29.3,96813,33,卖盘
684,10:04:31,29.31,105485,36,买盘
685,10:04:34,29.35,32281,11,买盘
686,10:04:37,29.34,79190,27,中性盘
687,10:04:40,29.36,305218,104,买盘
688,10:04:43,29.36,214288,73,买盘
689,10:04:46,29.38,969082,330,买盘
690,10:04:49,29.38,179030,61,卖盘
691,10:04:52,29.38,167470,57,买盘
692,10:04:55,29.37,35249,12,中性盘
693,10:04:58,29.38,29371,10,买盘
694,10:05:01,29.37,2937,1,买盘
695,10:05:07,29.37,41121,14,卖盘
696,10:05:10,29.31,1984419,676,卖盘
697,10:05:13,29.33,73345,25,中性盘
698,10:05:16,29.32,2932,1,卖盘
699,10:05:19,29.32,73300,25,卖盘
700,10:05:22,29.31,167067,57,卖盘
701,10:05:25,29.31,35172,12,买盘
702,10:05:28,29.31,170022,58,买盘
703,10:05:31,29.3,120154,41,卖盘
704,10:05:34,29.3,460015,157,卖盘
705,10:05:37,29.3,99617,34,买盘
706,10:05:40,29.29,8788,3,卖盘
707,10:05:43,29.29,164031,56,卖盘
708,10:05:49,29.29,17574,6,买盘
709,10:05:52,29.28,55646,19,卖盘
710,10:05:55,29.28,14642,5,卖盘
711,10:05:58,29.28,947926,324,卖盘
712,10:06:01,29.28,245943,84,买盘
713,10:06:04,29.28,58559,20,买盘
714,10:06:07,29.27,67322,23,卖盘
715,10:06:10,29.28,105379,36,买盘
716,10:06:13,29.27,11708,4,卖盘
717,10:06:16,29.27,38051,13,中性盘
718,10:06:19,29.26,40976,14,卖盘
719,10:06:22,29.27,163857,56,买盘
720,10:06:28,29.27,155130,53,买盘
721,10:06:31,29.26,14630,5,卖盘
722,10:06:34,29.28,169722,58,买盘
723,10:06:40,29.29,740921,253,买盘
724,10:06:43,29.29,43935,15,买盘
725,10:06:46,29.32,202202,69,买盘
726,10:06:49,29.3,178818,61,卖盘
727,10:06:52,29.34,202446,69,买盘
728,10:06:55,29.34,8802,3,买盘
729,10:06:58,29.31,1319022,450,卖盘
730,10:07:01,29.37,455181,155,买盘
731,10:07:04,29.4,2201242,750,买盘
732,10:07:07,29.34,164420,56,卖盘
733,10:07:10,29.35,555149,189,卖盘
734,10:07:13,29.39,716156,244,买盘
735,10:07:16,29.38,5874,2,中性盘
736,10:07:19,29.38,8816,3,卖盘
737,10:07:22,29.38,17632,6,中性盘
738,10:07:25,29.38,35261,12,买盘
739,10:07:28,29.38,140963,48,卖盘
740,10:07:31,29.38,267108,91,买盘
741,10:07:34,29.37,229023,78,中性盘
742,10:07:37,29.38,167419,57,买盘
743,10:07:40,29.38,205507,70,买盘
744,10:07:43,29.37,205643,70,卖盘
745,10:07:46,29.38,217412,74,买盘
746,10:07:49,29.38,111647,38,卖盘
747,10:07:52,29.39,102858,35,买盘
748,10:07:55,29.39,44085,15,买盘
749,10:07:58,29.39,196920,67,卖盘
750,10:08:01,29.4,552382,188,买盘
751,10:08:04,29.38,17625,6,中性盘
752,10:08:07,29.38,643798,219,买盘
753,10:08:10,29.35,258482,88,卖盘
754,10:08:13,29.36,364375,124,买盘
755,10:08:16,29.35,82190,28,卖盘
756,10:08:19,29.35,88050,30,买盘
757,10:08:22,29.34,44023,15,卖盘
758,10:08:25,29.37,120399,41,买盘
759,10:08:28,29.38,23497,8,中性盘
760,10:08:31,29.34,319981,109,卖盘
761,10:08:34,29.36,5872,2,卖盘
762,10:08:37,29.35,5870,2,卖盘
763,10:08:40,29.35,2935,1,卖盘
764,10:08:43,29.35,164362,56,卖盘
765,10:08:46,29.3,2580854,880,卖盘
766,10:08:49,29.31,222708,76,买盘
767,10:08:52,29.3,61539,21,卖盘
768,10:08:55,29.3,58601,20,卖盘
769,10:08:58,29.31,35170,12,买盘
770,10:09:01,29.27,462848,158,卖盘
771,10:09:04,29.27,46872,16,卖盘
772,10:09:07,29.25,204856,70,卖盘
773,10:09:10,29.25,219333,75,卖盘
774,10:09:13,29.25,473619,162,买盘
775,10:09:16,29.26,8778,3,买盘
776,10:09:19,29.26,87751,30,买盘
777,10:09:22,29.25,108225,37,卖盘
778,10:09:25,29.25,5850,2,买盘
779,10:09:28,29.24,73120,25,中性盘
780,10:09:31,29.25,228150,78,买盘
781,10:09:34,29.26,96538,33,买盘
782,10:09:37,29.26,5852,2,卖盘
783,10:09:40,29.27,122934,42,买盘
784,10:09:46,29.33,58596,20,买盘
785,10:09:49,29.27,49776,17,卖盘
786,10:09:52,29.27,8781,3,卖盘
787,10:09:55,29.27,1032633,353,卖盘
788,10:09:58,29.24,46816,16,中性盘
789,10:10:01,29.24,11698,4,卖盘
790,10:10:04,29.24,11696,4,卖盘
791,10:10:07,29.25,8774,3,买盘
792,10:10:10,29.24,93569,32,卖盘
793,10:10:13,29.26,40946,14,买盘
794,10:10:16,29.27,29270,10,买盘
795,10:10:19,29.25,11700,4,卖盘
796,10:10:22,29.27,32195,11,买盘
797,10:10:25,29.25,447744,153,卖盘
798,10:10:28,29.25,5850,2,卖盘
799,10:10:31,29.26,11703,4,买盘
800,10:10:34,29.27,20489,7,买盘
801,10:10:40,29.28,70249,24,买盘
802,10:10:43,29.28,58560,20,买盘
803,10:10:46,29.28,38064,13,买盘
804,10:10:49,29.3,187381,64,买盘
805,10:10:52,29.28,14640,5,中性盘
806,10:10:55,29.3,29300,10,买盘
807,10:10:58,29.28,354500,121,卖盘
808,10:11:01,29.27,76120,26,卖盘
809,10:11:04,29.27,237019,81,卖盘
810,10:11:07,29.27,52684,18,买盘
811,10:11:10,29.25,213525,73,卖盘
812,10:11:13,29.27,8779,3,买盘
813,10:11:16,29.26,32186,11,卖盘
814,10:11:19,29.27,102397,35,买盘
815,10:11:22,29.26,2926,1,卖盘
816,10:11:28,29.25,745984,255,卖盘
817,10:11:31,29.25,78973,27,买盘
818,10:11:34,29.25,14625,5,卖盘
819,10:11:37,29.25,111150,38,卖盘
820,10:11:40,29.25,122842,42,买盘
821,10:11:43,29.25,87744,30,买盘
822,10:11:49,29.26,195982,67,买盘
823,10:11:52,29.26,40959,14,买盘
824,10:11:55,29.25,128705,44,卖盘
825,10:11:58,29.25,23400,8,买盘
826,10:12:01,29.23,298245,102,卖盘
827,10:12:04,29.22,102289,35,卖盘
828,10:12:07,29.23,40920,14,买盘
829,10:12:10,29.22,5844,2,卖盘
830,10:12:13,29.22,64284,22,卖盘
831,10:12:16,29.2,925782,317,卖盘
832,10:12:19,29.2,5840,2,买盘
833,10:12:22,29.19,137234,47,卖盘
834,10:12:25,29.2,29196,10,买盘
835,10:12:28,29.19,195573,67,卖盘
836,10:12:31,29.19,64215,22,买盘
837,10:12:34,29.18,545691,187,卖盘
838,10:12:37,29.17,355930,122,卖盘
839,10:12:40,29.17,256695,88,买盘
840,10:12:43,29.17,72939,25,卖盘
841,10:12:46,29.17,548757,188,卖盘
842,10:12:49,29.18,379574,130,中性盘
843,10:12:52,29.2,84663,29,买盘
844,10:12:55,29.2,2920,1,买盘
845,10:12:58,29.18,17513,6,卖盘
846,10:13:01,29.19,233586,80,买盘
847,10:13:04,29.19,8757,3,买盘
848,10:13:07,29.2,359085,123,买盘
849,10:13:10,29.2,770900,264,买盘
850,10:13:13,29.22,87655,30,中性盘
851,10:13:16,29.22,67229,23,卖盘
852,10:13:19,29.23,11689,4,买盘
853,10:13:22,29.23,116898,40,买盘
854,10:13:25,29.23,359420,123,买盘
855,10:13:28,29.26,122820,42,买盘
856,10:13:31,29.24,8772,3,卖盘
857,10:13:34,29.2,233733,80,卖盘
858,10:13:40,29.22,8765,3,买盘
859,10:13:43,29.2,14602,5,卖盘
860,10:13:46,29.23,143172,49,买盘
861,10:13:49,29.21,5842,2,中性盘
862,10:13:52,29.22,2922,1,卖盘
863,10:14:01,29.22,2922,1,卖盘
864,10:14:04,29.22,73069,25,卖盘
865,10:14:07,29.23,17535,6,中性盘
866,10:14:10,29.22,26304,9,卖盘
867,10:14:13,29.23,20459,7,买盘
868,10:14:16,29.22,14611,5,卖盘
869,10:14:19,29.22,20454,7,卖盘
870,10:14:22,29.22,26298,9,卖盘
871,10:14:25,29.22,14614,5,卖盘
872,10:14:28,29.23,143227,49,买盘
873,10:14:31,29.23,35076,12,卖盘
874,10:14:37,29.23,17538,6,卖盘
875,10:14:40,29.23,32153,11,卖盘
876,10:14:43,29.23,20461,7,买盘
877,10:14:46,29.23,84767,29,卖盘
878,10:14:49,29.22,43830,15,卖盘
879,10:14:52,29.19,838041,287,卖盘
880,10:14:55,29.23,46760,16,买盘
881,10:14:58,29.19,46724,16,卖盘
882,10:15:01,29.22,61386,21,卖盘
883,10:15:04,29.22,64290,22,卖盘
884,10:15:07,29.23,14615,5,中性盘
885,10:15:13,29.24,46784,16,买盘
886,10:15:16,29.25,26313,9,买盘
887,10:15:19,29.25,32165,11,买盘
888,10:15:22,29.27,1586572,543,买盘
889,10:15:25,29.25,43873,15,中性盘
890,10:15:28,29.23,318305,109,卖盘
891,10:15:31,29.25,5850,2,买盘
892,10:15:34,29.25,11698,4,中性盘
893,10:15:40,29.27,17559,6,买盘
894,10:15:43,29.26,2926,1,卖盘
895,10:15:46,29.3,178728,61,买盘
896,10:15:49,29.3,105480,36,买盘
897,10:15:52,29.29,433650,148,卖盘
898,10:15:55,29.3,243277,83,中性盘
899,10:15:58,29.31,249050,85,买盘
900,10:16:01,29.3,2930,1,卖盘
901,10:16:04,29.29,84953,29,卖盘
902,10:16:07,29.29,11716,4,买盘
903,10:16:10,29.29,23432,8,买盘
904,10:16:13,29.29,436408,149,买盘
905,10:16:16,29.3,5860,2,中性盘
906,10:16:22,29.3,61510,21,中性盘
907,10:16:25,29.29,17575,6,卖盘
908,10:16:28,29.29,43935,15,卖盘
909,10:16:31,29.29,67363,23,卖盘
910,10:16:34,29.3,205073,70,买盘
911,10:16:37,29.35,542401,185,买盘
912,10:16:40,29.38,237669,81,买盘
913,10:16:43,29.39,708251,241,买盘
914,10:16:46,29.42,1419894,483,买盘
915,10:16:49,29.43,23539,8,买盘
916,10:16:52,29.43,17658,6,买盘
917,10:16:55,29.43,11772,4,卖盘
918,10:16:58,29.39,458796,156,卖盘
919,10:17:01,29.42,120595,41,买盘
920,10:17:04,29.42,17652,6,买盘
921,10:17:07,29.41,14709,5,中性盘
922,10:17:10,29.42,73550,25,买盘
923,10:17:13,29.41,644327,219,买盘
924,10:17:16,29.41,1237320,422,卖盘
925,10:17:19,29.41,8823,3,买盘
926,10:17:22,29.35,32320,11,卖盘
927,10:17:25,29.4,161651,55,买盘
928,10:17:28,29.39,2939,1,中性盘
929,10:17:31,29.33,334663,114,卖盘
930,10:17:34,29.34,193986,66,中性盘
931,10:17:37,29.38,108661,37,中性盘
932,10:17:40,29.32,14660,5,中性盘
933,10:17:43,29.37,182119,62,中性盘
934,10:17:46,29.35,123272,42,卖盘
935,10:17:49,29.38,17627,6,买盘
936,10:17:55,29.37,2937,1,买盘
937,10:18:01,29.34,496340,169,卖盘
938,10:18:04,29.35,5870,2,买盘
939,10:18:10,29.36,17611,6,买盘
940,10:18:13,29.35,88050,30,卖盘
941,10:18:16,29.34,96829,33,卖盘
942,10:18:19,29.35,158490,54,买盘
943,10:18:22,29.35,44033,15,买盘
944,10:18:25,29.36,208512,71,卖盘
945,10:18:28,29.38,96942,33,买盘
946,10:18:31,29.38,8816,3,卖盘
947,10:18:34,29.39,179223,61,买盘
948,10:18:37,29.38,378999,129,卖盘
949,10:18:40,29.38,20565,7,买盘
950,10:18:46,29.38,205649,70,买盘
951,10:18:49,29.38,267298,91,买盘
952,10:18:52,29.38,20566,7,买盘
953,10:18:55,29.38,20565,7,买盘
954,10:18:58,29.37,35249,12,卖盘
955,10:19:01,29.44,3196222,1087,买盘
956,10:19:04,29.5,1686593,572,买盘
957,10:19:07,29.5,20649,7,买盘
958,10:19:10,29.5,442477,150,买盘
959,10:19:13,29.49,26548,9,中性盘
960,10:19:16,29.48,67802,23,卖盘
961,10:19:19,29.47,79547,27,买盘
962,10:19:22,29.45,20624,7,卖盘
963,10:19:25,29.49,889857,302,买盘
964,10:19:28,29.47,58921,20,中性盘
965,10:19:31,29.47,20627,7,买盘
966,10:19:34,29.48,1527811,518,买盘
967,10:19:37,29.48,14740,5,买盘
968,10:19:40,29.47,44213,15,卖盘
969,10:19:43,29.51,179958,61,买盘
970,10:19:46,29.49,32439,11,中性盘
971,10:19:49,29.47,274279,93,卖盘
972,10:19:55,29.49,85503,29,买盘
973,10:19:58,29.48,94336,32,买盘
974,10:20:01,29.5,519080,176,买盘
975,10:20:04,29.51,543216,184,买盘
976,10:20:07,29.51,218369,74,买盘
977,10:20:10,29.54,88618,30,买盘
978,10:20:13,29.54,106311,36,买盘
979,10:20:16,29.51,150596,51,卖盘
980,10:20:19,29.53,35436,12,中性盘
981,10:20:22,29.55,242269,82,买盘
982,10:20:25,29.57,121185,41,买盘
983,10:20:28,29.54,133006,45,卖盘
984,10:20:31,29.55,227638,77,卖盘
985,10:20:34,29.55,304415,103,卖盘
986,10:20:37,29.55,555913,188,卖盘
987,10:20:40,29.55,263063,89,卖盘
988,10:20:43,29.57,189298,64,买盘
989,10:20:46,29.59,85804,29,买盘
990,10:20:49,29.59,795917,269,买盘
991,10:20:52,29.57,180481,61,卖盘
992,10:20:55,29.6,642259,217,买盘
993,10:20:58,29.6,204103,69,买盘
994,10:21:01,29.59,136155,46,买盘
995,10:21:07,29.58,103518,35,卖盘
996,10:21:10,29.58,76893,26,买盘
997,10:21:13,29.58,56203,19,买盘
998,10:21:16,29.55,339840,115,卖盘
999,10:21:19,29.5,283614,96,卖盘
1000,10:21:22,29.55,17730,6,卖盘
1001,10:21:25,29.51,17710,6,中性盘
1002,10:21:28,29.5,121080,41,卖盘
1003,10:21:31,29.5,70817,24,卖盘
1004,10:21:34,29.52,38386,13,中性盘
1005,10:21:37,29.51,241994,82,卖盘
1006,10:21:40,29.53,182950,62,买盘
1007,10:21:43,29.5,404158,137,卖盘
1008,10:21:46,29.5,26550,9,买盘
1009,10:21:49,29.5,20650,7,买盘
1010,10:21:52,29.47,849099,288,卖盘
1011,10:21:55,29.45,111948,38,卖盘
1012,10:21:58,29.46,91232,31,中性盘
1013,10:22:01,29.43,206246,70,中性盘
1014,10:22:04,29.44,17664,6,中性盘
1015,10:22:07,29.44,8832,3,卖盘
1016,10:22:10,29.43,158898,54,卖盘
1017,10:22:13,29.44,132451,45,买盘
1018,10:22:16,29.43,38250,13,买盘
1019,10:22:19,29.4,161700,55,卖盘
1020,10:22:22,29.4,14700,5,卖盘
1021,10:22:25,29.4,135240,46,卖盘
1022,10:22:28,29.4,14700,5,买盘
1023,10:22:31,29.4,82295,28,买盘
1024,10:22:34,29.39,20573,7,买盘
1025,10:22:37,29.38,170449,58,中性盘
1026,10:22:40,29.38,88140,30,买盘
1027,10:22:43,29.39,246872,84,买盘
1028,10:22:46,29.39,79284,27,买盘
1029,10:22:55,29.36,187967,64,卖盘
1030,10:22:58,29.37,290762,99,买盘
1031,10:23:01,29.36,196737,67,卖盘
1032,10:23:04,29.37,76352,26,买盘
1033,10:23:07,29.36,41109,14,卖盘
1034,10:23:10,29.36,5872,2,买盘
1035,10:23:13,29.36,99801,34,买盘
1036,10:23:16,29.36,11744,4,买盘
1037,10:23:19,29.36,32296,11,买盘
1038,10:23:22,29.36,14677,5,买盘
1039,10:23:28,29.35,70444,24,卖盘
1040,10:23:31,29.35,5870,2,卖盘
1041,10:23:34,29.35,20546,7,买盘
1042,10:23:37,29.35,5870,2,卖盘
1043,10:23:40,29.35,35221,12,卖盘
1044,10:23:43,29.36,90954,31,买盘
1045,10:23:46,29.36,35233,12,卖盘
1046,10:23:55,29.37,5874,2,买盘
1047,10:23:58,29.37,117128,40,买盘
1048,10:24:01,29.38,23503,8,买盘
1049,10:24:04,29.39,20562,7,买盘
1050,10:24:07,29.37,41120,14,卖盘
1051,10:24:10,29.38,432069,147,买盘
1052,10:24:13,29.38,26437,9,买盘
1053,10:24:16,29.38,76388,26,买盘
1054,10:24:19,29.38,58760,20,买盘
1055,10:24:22,29.38,47008,16,买盘
1056,10:24:25,29.38,46995,16,买盘
1057,10:24:28,29.36,41113,14,卖盘
1058,10:24:31,29.36,46976,16,卖盘
1059,10:24:34,29.35,20545,7,卖盘
1060,10:24:37,29.35,41148,14,卖盘
1061,10:24:40,29.35,35220,12,买盘
1062,10:24:43,29.35,11681,4,买盘
1063,10:24:46,29.36,5872,2,买盘
1064,10:24:49,29.36,5872,2,买盘
1065,10:24:52,29.35,143873,49,卖盘
1066,10:24:55,29.36,29353,10,买盘
1067,10:24:58,29.35,2935,1,卖盘
1068,10:25:07,29.37,343452,117,买盘
1069,10:25:10,29.41,593253,202,买盘
1070,10:25:13,29.41,8823,3,中性盘
1071,10:25:16,29.43,41167,14,买盘
1072,10:25:19,29.43,14715,5,买盘
1073,10:25:22,29.43,5886,2,买盘
1074,10:25:25,29.44,64772,22,买盘
1075,10:25:28,29.47,11787,4,买盘
1076,10:25:31,29.46,26522,9,中性盘
1077,10:25:34,29.46,61866,21,卖盘
1078,10:25:40,29.47,14733,5,买盘
1079,10:25:43,29.47,50099,17,卖盘
1080,10:25:46,29.46,88405,30,卖盘
1081,10:25:52,29.46,20620,7,买盘
1082,10:25:55,29.45,82484,28,卖盘
1083,10:25:58,29.46,55965,19,卖盘
1084,10:26:01,29.44,5889,2,卖盘
1085,10:26:04,29.46,432913,147,买盘
1086,10:26:07,29.46,73620,25,买盘
1087,10:26:10,29.41,818149,278,卖盘
1088,10:26:13,29.4,5880,2,卖盘
1089,10:26:16,29.4,29400,10,卖盘
1090,10:26:19,29.42,82348,28,买盘
1091,10:26:22,29.4,238295,81,中性盘
1092,10:26:25,29.38,35276,12,卖盘
1093,10:26:28,29.38,17637,6,卖盘
1094,10:26:31,29.38,32311,11,卖盘
1095,10:26:34,29.4,73545,25,买盘
1096,10:26:37,29.38,73460,25,卖盘
1097,10:26:40,29.38,44070,15,买盘
1098,10:26:43,29.43,108792,37,买盘
1099,10:26:46,29.4,132295,45,卖盘
1100,10:26:49,29.4,8820,3,中性盘
1101,10:26:52,29.4,2940,1,卖盘
1102,10:26:55,29.4,11760,4,卖盘
1103,10:26:58,29.4,147000,50,卖盘
1104,10:27:01,29.38,5878,2,卖盘
1105,10:27:04,29.4,11760,4,买盘
1106,10:27:07,29.4,38219,13,买盘
1107,10:27:10,29.4,64680,22,买盘
1108,10:27:13,29.41,17646,6,买盘
1109,10:27:19,29.4,70581,24,卖盘
1110,10:27:28,29.39,61719,21,卖盘
1111,10:27:31,29.38,20572,7,卖盘
1112,10:27:37,29.38,11752,4,卖盘
1113,10:27:40,29.38,308495,105,卖盘
1114,10:27:43,29.39,35267,12,买盘
1115,10:27:46,29.38,14690,5,中性盘
1116,10:27:49,29.39,26446,9,买盘
1117,10:27:52,29.39,49962,17,买盘
1118,10:27:55,29.39,29390,10,买盘
1119,10:27:58,29.39,2939,1,买盘
1120,10:28:01,29.38,23513,8,卖盘
1121,10:28:04,29.4,17640,6,买盘
1122,10:28:07,29.38,20566,7,卖盘
1123,10:28:10,29.4,26460,9,买盘
1124,10:28:13,29.38,146900,50,卖盘
1125,10:28:16,29.33,1500489,511,卖盘
1126,10:28:19,29.33,5866,2,买盘
1127,10:28:22,29.37,2937,1,买盘
1128,10:28:28,29.34,11736,4,中性盘
1129,10:28:34,29.33,58666,20,卖盘
1130,10:28:37,29.34,2934,1,卖盘
1131,10:28:46,29.34,202498,69,卖盘
1132,10:28:49,29.33,46953,16,卖盘
1133,10:28:52,29.33,5866,2,卖盘
1134,10:28:58,29.35,29351,10,中性盘
1135,10:29:01,29.35,29350,10,买盘
1136,10:29:04,29.35,64570,22,买盘
1137,10:29:07,29.36,17613,6,买盘
1138,10:29:10,29.35,2935,1,卖盘
1139,10:29:13,29.35,20545,7,卖盘
1140,10:29:16,29.35,38155,13,卖盘
1141,10:29:19,29.35,2935,1,卖盘
1142,10:29:22,29.35,2935,1,卖盘
1143,10:29:25,29.37,129228,44,买盘
1144,10:29:28,29.37,120417,41,买盘
1145,10:29:31,29.36,2936,1,卖盘
1146,10:29:34,29.36,5872,2,卖盘
1147,10:29:37,29.36,17616,6,卖盘
1148,10:29:40,29.38,17631,6,买盘
1149,10:29:43,29.38,20565,7,买盘
1150,10:29:55,29.37,14685,5,买盘
1151,10:29:58,29.38,35254,12,买盘
1152,10:30:01,29.36,55776,19,卖盘
1153,10:30:04,29.36,17616,6,买盘
1154,10:30:07,29.35,5870,2,卖盘
1155,10:30:10,29.36,26422,9,买盘
1156,10:30:13,29.36,20552,7,买盘
1157,10:30:16,29.36,29360,10,卖盘
1158,10:30:25,29.36,2936,1,卖盘
1159,10:30:28,29.36,41104,14,卖盘
1160,10:30:31,29.36,5872,2,卖盘
1161,10:30:34,29.36,23488,8,卖盘
1162,10:30:40,29.35,88060,30,卖盘
1163,10:30:43,29.34,325784,111,卖盘
1164,10:30:46,29.35,17610,6,买盘
1165,10:30:49,29.34,29341,10,卖盘
1166,10:30:52,29.33,11732,4,卖盘
1167,10:30:55,29.33,246370,84,卖盘
1168,10:30:58,29.32,170056,58,卖盘
1169,10:31:01,29.31,143620,49,卖盘
1170,10:31:07,29.31,20523,7,卖盘
1171,10:31:10,29.31,17587,6,卖盘
1172,10:31:13,29.33,35196,12,买盘
1173,10:31:16,29.33,123186,42,卖盘
1174,10:31:19,29.39,1478597,503,买盘
1175,10:31:25,29.39,26435,9,买盘
1176,10:31:28,29.39,67597,23,买盘
1177,10:31:31,29.44,1108343,377,买盘
1178,10:31:34,29.45,50061,17,买盘
1179,10:31:40,29.45,23560,8,买盘
1180,10:31:43,29.45,14725,5,买盘
1181,10:31:46,29.45,8835,3,中性盘
1182,10:31:49,29.45,64790,22,卖盘
1183,10:31:52,29.45,11780,4,卖盘
1184,10:31:55,29.45,20615,7,卖盘
1185,10:31:58,29.45,20615,7,买盘
1186,10:32:01,29.45,35340,12,买盘
1187,10:32:04,29.44,17664,6,卖盘
1188,10:32:07,29.44,20608,7,买盘
1189,10:32:10,29.46,379887,129,买盘
1190,10:32:13,29.49,280101,95,买盘
1191,10:32:16,29.49,61900,21,买盘
1192,10:32:19,29.45,76607,26,卖盘
1193,10:32:22,29.47,79528,27,中性盘
1194,10:32:25,29.48,50078,17,买盘
1195,10:32:28,29.48,35375,12,买盘
1196,10:32:31,29.48,23584,8,买盘
1197,10:32:34,29.48,17688,6,买盘
1198,10:32:37,29.49,17694,6,买盘
1199,10:32:40,29.49,165131,56,买盘
1200,10:32:43,29.49,686917,233,买盘
1201,10:32:46,29.49,73705,25,买盘
1202,10:32:49,29.49,23592,8,买盘
1203,10:32:52,29.49,262439,89,买盘
1204,10:32:55,29.49,120909,41,买盘
1205,10:32:58,29.49,67824,23,买盘
1206,10:33:01,29.49,221175,75,买盘
1207,10:33:04,29.49,103215,35,卖盘
1208,10:33:07,29.49,32439,11,买盘
1209,10:33:10,29.49,8847,3,买盘
1210,10:33:13,29.49,188675,64,买盘
1211,10:33:16,29.49,309717,105,买盘
1212,10:33:22,29.47,14735,5,买盘
1213,10:33:28,29.46,11784,4,买盘
1214,10:33:31,29.46,176718,60,买盘
1215,10:33:37,29.48,162054,55,买盘
1216,10:33:40,29.47,91312,31,买盘
1217,10:33:43,29.47,17682,6,卖盘
1218,10:33:46,29.47,53050,18,卖盘
1219,10:33:49,29.45,244612,83,卖盘
1220,10:33:52,29.45,8835,3,卖盘
1221,10:33:55,29.47,76616,26,买盘
1222,10:33:58,29.47,14735,5,卖盘
1223,10:34:01,29.46,50093,17,卖盘
1224,10:34:04,29.47,2947,1,买盘
1225,10:34:07,29.45,100133,34,卖盘
1226,10:34:10,29.45,20610,7,买盘
1227,10:34:16,29.43,8829,3,卖盘
1228,10:34:19,29.43,17660,6,买盘
1229,10:34:22,29.42,26484,9,卖盘
1230,10:34:25,29.39,1264371,430,卖盘
1231,10:34:28,29.39,8817,3,卖盘
1232,10:34:31,29.39,5878,2,卖盘
1233,10:34:34,29.39,5878,2,卖盘
1234,10:34:37,29.39,8817,3,卖盘
1235,10:34:40,29.32,566151,193,卖盘
1236,10:34:43,29.32,269744,92,买盘
1237,10:34:46,29.32,126076,43,买盘
1238,10:34:49,29.33,878676,299,中性盘
1239,10:34:52,29.33,43997,15,卖盘
1240,10:34:55,29.38,2938,1,买盘
1241,10:35:01,29.34,26406,9,卖盘
1242,10:35:04,29.34,58680,20,买盘
1243,10:35:07,29.34,49878,17,买盘
1244,10:35:10,29.34,73350,25,买盘
1245,10:35:13,29.33,557250,190,卖盘
1246,10:35:16,29.34,117339,40,买盘
1247,10:35:22,29.34,5868,2,卖盘
1248,10:35:25,29.33,70410,24,卖盘
1249,10:35:28,29.32,895706,305,卖盘
1250,10:35:31,29.32,20530,7,卖盘
1251,10:35:34,29.33,8799,3,中性盘
1252,10:35:40,29.33,26393,9,买盘
1253,10:35:43,29.33,5866,2,买盘
1254,10:35:46,29.34,23481,8,卖盘
1255,10:35:49,29.33,29330,10,卖盘
1256,10:35:52,29.34,2934,1,卖盘
1257,10:35:55,29.35,2935,1,买盘
1258,10:35:58,29.34,2934,1,卖盘
1259,10:36:01,29.35,44014,15,买盘
1260,10:36:04,29.33,8799,3,卖盘
1261,10:36:10,29.33,55729,19,卖盘
1262,10:36:16,29.33,17598,6,卖盘
1263,10:36:19,29.33,5866,2,卖盘
1264,10:36:25,29.33,8803,3,卖盘
1265,10:36:28,29.33,11735,4,卖盘
1266,10:36:31,29.35,5870,2,买盘
1267,10:36:34,29.35,2935,1,卖盘
1268,10:36:37,29.35,61638,21,卖盘
1269,10:36:40,29.34,8802,3,卖盘
1270,10:36:43,29.34,5868,2,卖盘
1271,10:36:49,29.34,85089,29,卖盘
1272,10:36:52,29.33,8799,3,卖盘
1273,10:36:58,29.33,11732,4,卖盘
1274,10:37:01,29.34,114398,39,买盘
1275,10:37:04,29.3,401686,137,卖盘
1276,10:37:07,29.34,58655,20,买盘
1277,10:37:10,29.28,964021,329,卖盘
1278,10:37:13,29.28,330726,113,卖盘
1279,10:37:16,29.26,193467,66,卖盘
1280,10:37:19,29.32,67376,23,买盘
1281,10:37:25,29.27,231577,79,中性盘
1282,10:37:28,29.27,14635,5,买盘
1283,10:37:31,29.28,41038,14,卖盘
1284,10:37:34,29.32,5864,2,买盘
1285,10:37:37,29.28,140556,48,卖盘
1286,10:37:40,29.28,5856,2,买盘
1287,10:37:43,29.28,29280,10,买盘
1288,10:37:46,29.28,14640,5,买盘
1289,10:37:49,29.27,2927,1,卖盘
1290,10:37:52,29.26,87793,30,卖盘
1291,10:38:01,29.25,459350,157,卖盘
1292,10:38:04,29.25,5850,2,买盘
1293,10:38:07,29.24,17545,6,卖盘
1294,10:38:10,29.25,76048,26,买盘
1295,10:38:13,29.25,128729,44,卖盘
1296,10:38:16,29.24,116997,40,卖盘
1297,10:38:25,29.28,137616,47,买盘
1298,10:38:28,29.27,29278,10,卖盘
1299,10:38:31,29.29,2929,1,买盘
1300,10:38:34,29.3,20502,7,买盘
1301,10:38:40,29.29,5859,2,卖盘
1302,10:38:43,29.28,35145,12,卖盘
1303,10:38:46,29.29,49793,17,买盘
1304,10:38:49,29.28,40997,14,卖盘
1305,10:38:52,29.29,11716,4,买盘
1306,10:38:55,29.28,8787,3,卖盘
1307,10:39:01,29.29,2929,1,卖盘
1308,10:39:04,29.29,5858,2,卖盘
1309,10:39:07,29.29,11719,4,卖盘
1310,10:39:10,29.3,5860,2,买盘
1311,10:39:13,29.29,17574,6,卖盘
1312,10:39:16,29.3,32229,11,买盘
1313,10:39:19,29.29,32219,11,卖盘
1314,10:39:22,29.29,5859,2,卖盘
1315,10:39:25,29.3,76180,26,买盘
1316,10:39:28,29.29,117160,40,卖盘
1317,10:39:31,29.3,38087,13,中性盘
1318,10:39:34,29.3,2930,1,卖盘
1319,10:39:37,29.31,20517,7,买盘
1320,10:39:40,29.31,26379,9,卖盘
1321,10:39:46,29.32,5864,2,买盘
1322,10:39:52,29.31,5862,2,卖盘
1323,10:39:55,29.31,23448,8,卖盘
1324,10:39:58,29.32,20522,7,买盘
1325,10:40:01,29.32,61550,21,买盘
1326,10:40:04,29.32,5864,2,买盘
1327,10:40:07,29.32,2932,1,买盘
1328,10:40:10,29.3,82045,28,卖盘
1329,10:40:13,29.3,5860,2,卖盘
1330,10:40:16,29.29,84984,29,卖盘
1331,10:40:22,29.29,2929,1,卖盘
1332,10:40:28,29.3,64460,22,买盘
1333,10:40:31,29.31,20517,7,买盘
1334,10:40:34,29.33,93825,32,买盘
1335,10:40:37,29.35,67495,23,买盘
1336,10:40:43,29.35,2935,1,买盘
1337,10:40:46,29.34,29340,10,卖盘
1338,10:40:49,29.34,43996,15,卖盘
1339,10:40:52,29.35,20543,7,买盘
1340,10:40:55,29.34,11736,4,卖盘
1341,10:40:58,29.34,2934,1,卖盘
1342,10:41:01,29.32,73330,25,卖盘
1343,10:41:07,29.31,43985,15,卖盘
1344,10:41:10,29.3,41031,14,卖盘
1345,10:41:13,29.32,102610,35,买盘
1346,10:41:16,29.35,49891,17,买盘
1347,10:41:19,29.34,55755,19,卖盘
1348,10:41:25,29.34,17606,6,卖盘
1349,10:41:28,29.35,17609,6,买盘
1350,10:41:31,29.34,20539,7,卖盘
1351,10:41:37,29.34,8802,3,买盘
1352,10:41:40,29.32,58662,20,卖盘
1353,10:41:43,29.34,32272,11,买盘
1354,10:41:49,29.33,29336,10,卖盘
1355,10:41:55,29.35,23477,8,买盘
1356,10:41:58,29.33,11732,4,卖盘
1357,10:42:01,29.33,14665,5,买盘
1358,10:42:04,29.35,205377,70,买盘
1359,10:42:07,29.35,8805,3,买盘
1360,10:42:19,29.34,90954,31,卖盘
1361,10:42:22,29.34,11736,4,买盘
1362,10:42:25,29.34,2934,1,买盘
1363,10:42:28,29.34,32274,11,买盘
1364,10:42:31,29.34,29340,10,买盘
1365,10:42:37,29.33,349028,119,卖盘
1366,10:42:40,29.34,246374,84,买盘
1367,10:42:43,29.33,208195,71,卖盘
1368,10:42:52,29.33,61575,21,买盘
1369,10:42:58,29.33,20531,7,买盘
1370,10:43:04,29.32,140736,48,卖盘
1371,10:43:07,29.31,659624,225,卖盘
1372,10:43:10,29.31,123118,42,卖盘
1373,10:43:13,29.31,410340,140,卖盘
1374,10:43:16,29.31,29309,10,买盘
1375,10:43:19,29.3,11720,4,卖盘
1376,10:43:23,29.3,82066,28,卖盘
1377,10:43:25,29.35,457464,156,买盘
1378,10:43:28,29.31,269747,92,卖盘
1379,10:43:31,29.35,35180,12,买盘
1380,10:43:37,29.35,249474,85,买盘
1381,10:43:40,29.35,23481,8,卖盘
1382,10:43:49,29.36,20552,7,买盘
1383,10:43:52,29.36,8808,3,买盘
1384,10:43:55,29.36,299029,102,买盘
1385,10:43:58,29.36,35231,12,买盘
1386,10:44:01,29.36,2936,1,卖盘
1387,10:44:07,29.38,14688,5,买盘
1388,10:44:10,29.38,14686,5,买盘
1389,10:44:13,29.39,2939,1,买盘
1390,10:44:16,29.39,79309,27,卖盘
1391,10:44:19,29.4,20578,7,买盘
1392,10:44:25,29.4,26460,9,买盘
1393,10:44:28,29.38,79352,27,卖盘
1394,10:44:31,29.38,11755,4,卖盘
1395,10:44:34,29.38,11755,4,卖盘
1396,10:44:37,29.36,35252,12,卖盘
1397,10:44:40,29.39,35268,12,买盘
1398,10:44:43,29.39,8816,3,买盘
1399,10:44:46,29.39,61719,21,买盘
1400,10:44:55,29.39,11756,4,卖盘
1401,10:44:58,29.4,17640,6,买盘
1402,10:45:01,29.39,70540,24,卖盘
1403,10:45:04,29.4,47040,16,买盘
1404,10:45:07,29.39,38213,13,卖盘
1405,10:45:10,29.4,47040,16,买盘
1406,10:45:13,29.4,79363,27,买盘
1407,10:45:16,29.4,8820,3,卖盘
1408,10:45:25,29.43,38258,13,买盘
1409,10:45:28,29.42,5885,2,卖盘
1410,10:45:31,29.43,64723,22,买盘
1411,10:45:34,29.4,76466,26,卖盘
1412,10:45:37,29.4,23520,8,买盘
1413,10:45:40,29.4,17639,6,买盘
1414,10:45:43,29.4,29400,10,买盘
1415,10:45:46,29.4,52918,18,买盘
1416,10:45:49,29.42,14710,5,买盘
1417,10:45:52,29.41,5882,2,卖盘
1418,10:45:55,29.42,23528,8,买盘
1419,10:45:58,29.42,8822,3,买盘
1420,10:46:01,29.42,44108,15,买盘
1421,10:46:04,29.4,23534,8,卖盘
1422,10:46:07,29.42,2942,1,买盘
1423,10:46:10,29.4,11760,4,卖盘
1424,10:46:13,29.39,105822,36,卖盘
1425,10:46:16,29.39,47024,16,卖盘
1426,10:46:19,29.38,2938,1,卖盘
1427,10:46:22,29.36,38184,13,卖盘
1428,10:46:25,29.38,11752,4,买盘
1429,10:46:28,29.38,2938,1,卖盘
1430,10:46:31,29.39,2939,1,买盘
1431,10:46:37,29.4,32338,11,买盘
1432,10:46:40,29.38,76391,26,卖盘
1433,10:46:43,29.39,2939,1,中性盘
1434,10:46:52,29.39,5878,2,买盘
1435,10:46:55,29.39,2939,1,买盘
1436,10:46:58,29.37,29377,10,卖盘
1437,10:47:01,29.37,2937,1,卖盘
1438,10:47:04,29.37,2937,1,卖盘
1439,10:47:10,29.36,29360,10,卖盘
1440,10:47:13,29.36,49912,17,卖盘
1441,10:47:16,29.29,899851,307,卖盘
1442,10:47:19,29.36,8808,3,买盘
1443,10:47:25,29.31,334157,114,卖盘
1444,10:47:28,29.34,2934,1,中性盘
1445,10:47:31,29.33,38126,13,买盘
1446,10:47:34,29.33,61592,21,买盘
1447,10:47:37,29.33,11732,4,买盘
1448,10:47:40,29.36,49889,17,买盘
1449,10:47:43,29.32,23460,8,卖盘
1450,10:47:52,29.33,76281,26,卖盘
1451,10:47:58,29.35,5870,2,中性盘
1452,10:48:01,29.34,23473,8,卖盘
1453,10:48:04,29.36,8808,3,买盘
1454,10:48:07,29.37,38178,13,买盘
1455,10:48:10,29.37,2937,1,买盘
1456,10:48:19,29.39,11753,4,买盘
1457,10:48:22,29.38,8814,3,卖盘
1458,10:48:25,29.37,55808,19,卖盘
1459,10:48:28,29.37,2937,1,买盘
1460,10:48:31,29.37,96921,33,买盘
1461,10:48:34,29.37,17622,6,买盘
1462,10:48:43,29.37,8811,3,买盘
1463,10:48:49,29.37,82236,28,买盘
1464,10:48:52,29.36,143884,49,卖盘
1465,10:48:55,29.37,29361,10,买盘
1466,10:49:04,29.34,231789,79,卖盘
1467,10:49:07,29.34,5868,2,卖盘
1468,10:49:10,29.3,644959,220,卖盘
1469,10:49:16,29.3,2930,1,买盘
1470,10:49:22,29.3,17580,6,买盘
1471,10:49:25,29.29,8787,3,卖盘
1472,10:49:28,29.3,17580,6,买盘
1473,10:49:31,29.29,11716,4,卖盘
1474,10:49:34,29.29,5858,2,卖盘
1475,10:49:37,29.29,117161,40,卖盘
1476,10:49:40,29.29,5858,2,买盘
1477,10:49:43,29.29,32219,11,卖盘
1478,10:49:46,29.29,58580,20,卖盘
1479,10:49:55,29.29,32219,11,买盘
1480,10:50:04,29.29,310474,106,卖盘
1481,10:50:07,29.3,29296,10,买盘
1482,10:50:10,29.29,131805,45,卖盘
1483,10:50:13,29.28,770088,263,卖盘
1484,10:50:16,29.27,2927,1,卖盘
1485,10:50:25,29.27,35124,12,卖盘
1486,10:50:28,29.27,5854,2,卖盘
1487,10:50:34,29.29,5858,2,买盘
1488,10:50:37,29.27,64408,22,卖盘
1489,10:50:40,29.28,17569,6,卖盘
1490,10:50:43,29.27,8781,3,卖盘
1491,10:50:49,29.27,32197,11,卖盘
1492,10:50:52,29.28,2928,1,买盘
1493,10:50:55,29.27,17563,6,卖盘
1494,10:50:58,29.28,14640,5,买盘
1495,10:51:01,29.26,29267,10,卖盘
1496,10:51:04,29.27,11705,4,买盘
1497,10:51:13,29.27,79039,27,卖盘
1498,10:51:16,29.27,11708,4,卖盘
1499,10:51:19,29.27,14635,5,卖盘
1500,10:51:25,29.27,5854,2,买盘
1501,10:51:28,29.27,8781,3,买盘
1502,10:51:31,29.27,8781,3,卖盘
1503,10:51:34,29.27,29270,10,卖盘
1504,10:51:37,29.28,275232,94,买盘
1505,10:51:40,29.28,67344,23,买盘
1506,10:51:43,29.28,20496,7,买盘
1507,10:51:46,29.28,8784,3,买盘
1508,10:51:49,29.28,5856,2,买盘
1509,10:51:52,29.28,40992,14,买盘
1510,10:51:55,29.28,32207,11,买盘
1511,10:52:01,29.29,23432,8,买盘
1512,10:52:04,29.3,90782,31,买盘
1513,10:52:07,29.29,17575,6,卖盘
1514,10:52:10,29.31,32238,11,买盘
1515,10:52:13,29.32,5864,2,中性盘
1516,10:52:16,29.32,17593,6,卖盘
1517,10:52:19,29.32,14660,5,卖盘
1518,10:52:22,29.32,5864,2,买盘
1519,10:52:25,29.31,87957,30,卖盘
1520,10:52:28,29.32,14660,5,中性盘
1521,10:52:31,29.32,14660,5,卖盘
1522,10:52:37,29.33,29330,10,买盘
1523,10:52:40,29.33,199392,68,卖盘
1524,10:52:49,29.31,2931,1,卖盘
1525,10:52:52,29.32,61584,21,卖盘
1526,10:52:55,29.33,8799,3,买盘
1527,10:52:58,29.33,105608,36,买盘
1528,10:53:04,29.3,108445,37,卖盘
1529,10:53:10,29.34,5868,2,买盘
1530,10:53:13,29.3,146512,50,卖盘
1531,10:53:16,29.3,14651,5,卖盘
1532,10:53:19,29.35,2935,1,买盘
1533,10:53:22,29.31,26379,9,卖盘
1534,10:53:28,29.32,14660,5,买盘
1535,10:53:31,29.32,26384,9,买盘
1536,10:53:40,29.32,26397,9,卖盘
1537,10:53:43,29.32,29320,10,卖盘
1538,10:53:49,29.33,5866,2,买盘
1539,10:53:52,29.32,20519,7,中性盘
1540,10:53:58,29.33,41062,14,买盘
1541,10:54:04,29.32,85028,29,卖盘
1542,10:54:10,29.31,35174,12,卖盘
1543,10:54:13,29.33,2933,1,买盘
1544,10:54:16,29.33,2933,1,买盘
1545,10:54:25,29.33,2933,1,买盘
1546,10:54:28,29.33,2933,1,买盘
1547,10:54:40,29.32,11728,4,买盘
1548,10:54:43,29.31,8793,3,卖盘
1549,10:54:46,29.32,190578,65,买盘
1550,10:54:52,29.31,17586,6,卖盘
1551,10:54:58,29.32,2932,1,买盘
1552,10:55:01,29.31,5862,2,卖盘
1553,10:55:07,29.32,296040,101,买盘
1554,10:55:10,29.3,49810,17,卖盘
1555,10:55:13,29.28,890253,304,卖盘
1556,10:55:16,29.28,46848,16,卖盘
1557,10:55:25,29.28,2928,1,买盘
1558,10:55:28,29.28,23424,8,买盘
1559,10:55:31,29.26,1434008,490,卖盘
1560,10:55:37,29.28,184414,63,买盘
1561,10:55:40,29.28,14640,5,卖盘
1562,10:55:43,29.28,26352,9,卖盘
1563,10:56:01,29.25,365709,125,卖盘
1564,10:56:07,29.27,2927,1,买盘
1565,10:56:16,29.27,5854,2,卖盘
1566,10:56:19,29.28,20490,7,买盘
1567,10:56:22,29.26,292662,100,卖盘
1568,10:56:25,29.26,2926,1,卖盘
1569,10:56:31,29.27,108272,37,买盘
1570,10:56:34,29.27,29270,10,买盘
1571,10:56:43,29.28,5856,2,买盘
1572,10:56:46,29.27,23419,8,卖盘
1573,10:56:52,29.28,23424,8,卖盘
1574,10:56:55,29.28,2928,1,卖盘
1575,10:56:58,29.28,46848,16,卖盘
1576,10:57:07,29.26,307330,105,卖盘
1577,10:57:10,29.26,17556,6,卖盘
1578,10:57:13,29.27,38048,13,买盘
1579,10:57:19,29.26,359898,123,卖盘
1580,10:57:22,29.28,14636,5,买盘
1581,10:57:25,29.27,40978,14,卖盘
1582,10:57:31,29.27,5854,2,卖盘
1583,10:57:46,29.27,5854,2,卖盘
1584,10:57:49,29.27,46832,16,卖盘
1585,10:57:52,29.27,8783,3,卖盘
1586,10:58:01,29.27,96591,33,卖盘
1587,10:58:04,29.26,324819,111,卖盘
1588,10:58:10,29.24,444588,152,卖盘
1589,10:58:16,29.24,143276,49,卖盘
1590,10:58:22,29.24,46779,16,买盘
1591,10:58:25,29.23,20461,7,卖盘
1592,10:58:34,29.23,78921,27,卖盘
1593,10:58:37,29.23,35076,12,卖盘
1594,10:58:40,29.21,222069,76,卖盘
1595,10:58:43,29.23,11692,4,中性盘
1596,10:58:49,29.24,8770,3,买盘
1597,10:58:52,29.24,90644,31,买盘
1598,10:58:55,29.24,26316,9,买盘
1599,10:58:58,29.24,40936,14,买盘
1600,10:59:01,29.24,11696,4,卖盘
1601,10:59:04,29.25,5850,2,买盘
1602,10:59:13,29.25,38025,13,卖盘
1603,10:59:16,29.24,26319,9,卖盘
1604,10:59:19,29.25,292500,100,买盘
1605,10:59:22,29.24,84796,29,卖盘
1606,10:59:28,29.23,11692,4,卖盘
1607,10:59:31,29.24,29240,10,买盘
1608,10:59:37,29.24,5848,2,卖盘
1609,10:59:43,29.25,2925,1,买盘
1610,10:59:46,29.25,146203,50,买盘
1611,10:59:52,29.23,175380,60,卖盘
1612,10:59:55,29.24,35078,12,买盘
1613,11:00:04,29.24,20468,7,卖盘
1614,11:00:07,29.25,84803,29,买盘
1615,11:00:10,29.25,5850,2,买盘
1616,11:00:13,29.25,8775,3,买盘
1617,11:00:16,29.25,2925,1,买盘
1618,11:00:19,29.24,102373,35,卖盘
1619,11:00:22,29.25,8775,3,中性盘
1620,11:00:25,29.25,2925,1,卖盘
1621,11:00:31,29.24,90644,31,卖盘
1622,11:00:37,29.22,537717,184,卖盘
1623,11:00:40,29.22,20460,7,卖盘
1624,11:00:43,29.22,35068,12,卖盘
1625,11:00:46,29.25,172525,59,买盘
1626,11:00:49,29.26,35113,12,中性盘
1627,11:00:52,29.26,5853,2,卖盘
1628,11:00:55,29.25,2925,1,卖盘
1629,11:01:01,29.26,160890,55,买盘
1630,11:01:04,29.26,134596,46,卖盘
1631,11:01:07,29.24,38027,13,卖盘
1632,11:01:13,29.26,14630,5,买盘
1633,11:01:19,29.25,14625,5,卖盘
1634,11:01:22,29.25,38020,13,卖盘
1635,11:01:25,29.25,2925,1,买盘
1636,11:01:28,29.24,17544,6,卖盘
1637,11:01:31,29.25,35092,12,买盘
1638,11:01:34,29.24,17544,6,卖盘
1639,11:01:37,29.25,8774,3,买盘
1640,11:01:40,29.25,155025,53,买盘
1641,11:01:43,29.24,81899,28,卖盘
1642,11:01:46,29.25,8775,3,买盘
1643,11:01:49,29.24,14620,5,卖盘
1644,11:01:52,29.25,2925,1,买盘
1645,11:01:55,29.25,81874,28,买盘
1646,11:01:58,29.24,5848,2,卖盘
1647,11:02:04,29.25,14621,5,买盘
1648,11:02:10,29.25,32175,11,买盘
1649,11:02:13,29.24,76046,26,卖盘
1650,11:02:16,29.25,93600,32,买盘
1651,11:02:19,29.25,169600,58,买盘
1652,11:02:22,29.25,35089,12,买盘
1653,11:02:25,29.25,5850,2,买盘
1654,11:02:31,29.25,5850,2,买盘
1655,11:02:37,29.25,14625,5,买盘
1656,11:02:40,29.25,49710,17,买盘
1657,11:02:43,29.24,2924,1,卖盘
1658,11:02:46,29.24,8772,3,卖盘
1659,11:02:49,29.24,46791,16,卖盘
1660,11:02:52,29.25,5850,2,买盘
1661,11:02:55,29.25,99417,34,买盘
1662,11:02:58,29.26,400741,137,买盘
1663,11:03:01,29.28,87813,30,买盘
1664,11:03:04,29.29,32203,11,买盘
1665,11:03:16,29.29,32215,11,买盘
1666,11:03:19,29.28,2928,1,卖盘
1667,11:03:31,29.3,70313,24,买盘
1668,11:03:40,29.3,35162,12,卖盘
1669,11:03:43,29.31,2931,1,卖盘
1670,11:03:46,29.31,26375,9,中性盘
1671,11:03:55,29.31,5861,2,买盘
1672,11:04:01,29.31,20511,7,买盘
1673,11:04:10,29.29,158218,54,卖盘
1674,11:04:13,29.29,8787,3,卖盘
1675,11:04:22,29.3,2930,1,买盘
1676,11:04:25,29.28,166907,57,卖盘
1677,11:04:37,29.28,14640,5,卖盘
1678,11:04:40,29.28,55632,19,卖盘
1679,11:04:43,29.28,20495,7,买盘
1680,11:04:49,29.27,5854,2,卖盘
1681,11:04:52,29.28,81984,28,买盘
1682,11:04:58,29.28,2928,1,卖盘
1683,11:05:04,29.28,52704,18,卖盘
1684,11:05:07,29.28,29280,10,卖盘
1685,11:05:10,29.28,32208,11,卖盘
1686,11:05:19,29.29,14645,5,买盘
1687,11:05:22,29.28,8784,3,中性盘
1688,11:05:25,29.27,79035,27,卖盘
1689,11:05:28,29.27,152204,52,买盘
1690,11:05:31,29.29,87844,30,买盘
1691,11:05:40,29.29,11716,4,买盘
1692,11:05:49,29.29,5858,2,买盘
1693,11:05:52,29.3,38087,13,买盘
1694,11:05:55,29.29,17574,6,中性盘
1695,11:06:01,29.3,2930,1,买盘
1696,11:06:04,29.29,29290,10,卖盘
1697,11:06:13,29.3,87900,30,买盘
1698,11:06:16,29.31,117240,40,买盘
1699,11:06:19,29.32,17588,6,买盘
1700,11:06:25,29.31,14655,5,卖盘
1701,11:06:28,29.31,134786,46,买盘
1702,11:06:31,29.32,93801,32,买盘
1703,11:06:40,29.32,5864,2,买盘
1704,11:06:46,29.31,5862,2,卖盘
1705,11:06:49,29.32,41042,14,买盘
1706,11:06:52,29.31,46898,16,卖盘
1707,11:06:58,29.31,2931,1,卖盘
1708,11:07:01,29.3,5860,2,卖盘
1709,11:07:04,29.29,49799,17,卖盘
1710,11:07:10,29.29,87892,30,卖盘
1711,11:07:13,29.29,49793,17,买盘
1712,11:07:16,29.29,52722,18,买盘
1713,11:07:19,29.29,2929,1,买盘
1714,11:07:22,29.28,17572,6,卖盘
1715,11:07:25,29.29,8787,3,买盘
1716,11:07:31,29.31,99592,34,买盘
1717,11:07:34,29.31,8793,3,中性盘
1718,11:07:37,29.31,2931,1,卖盘
1719,11:07:40,29.31,2931,1,中性盘
1720,11:07:58,29.3,2930,1,卖盘
1721,11:08:04,29.31,5861,2,买盘
1722,11:08:07,29.3,35160,12,卖盘
1723,11:08:10,29.3,5860,2,买盘
1724,11:08:16,29.3,2930,1,中性盘
1725,11:08:19,29.32,5864,2,买盘
1726,11:08:28,29.3,29300,10,卖盘
1727,11:08:34,29.31,32241,11,买盘
1728,11:08:40,29.31,114309,39,卖盘
1729,11:08:43,29.31,580144,198,中性盘
1730,11:08:49,29.31,23447,8,买盘
1731,11:09:01,29.3,67390,23,卖盘
1732,11:09:04,29.29,14645,5,卖盘
1733,11:09:07,29.3,254900,87,买盘
1734,11:09:10,29.29,1004966,343,卖盘
1735,11:09:13,29.29,26368,9,卖盘
1736,11:09:16,29.3,41020,14,买盘
1737,11:09:25,29.31,5861,2,买盘
1738,11:09:28,29.3,2930,1,卖盘
1739,11:09:37,29.29,61528,21,卖盘
1740,11:09:40,29.31,20516,7,买盘
1741,11:09:43,29.29,52734,18,卖盘
1742,11:09:46,29.26,1027202,351,卖盘
1743,11:09:52,29.31,41034,14,买盘
1744,11:09:58,29.27,20489,7,卖盘
1745,11:10:01,29.27,49769,17,卖盘
1746,11:10:04,29.25,84853,29,卖盘
1747,11:10:07,29.26,5852,2,买盘
1748,11:10:10,29.25,146250,50,卖盘
1749,11:10:16,29.25,669835,229,卖盘
1750,11:10:19,29.25,29250,10,卖盘
1751,11:10:25,29.25,5850,2,卖盘
1752,11:10:28,29.26,58520,20,买盘
1753,11:10:40,29.26,11704,4,买盘
1754,11:10:43,29.26,35112,12,买盘
1755,11:10:46,29.26,8778,3,买盘
1756,11:10:52,29.26,2926,1,买盘
1757,11:10:55,29.25,58500,20,卖盘
1758,11:11:01,29.25,17550,6,买盘
1759,11:11:04,29.25,8775,3,买盘
1760,11:11:13,29.25,17550,6,买盘
1761,11:11:25,29.25,2925,1,中性盘
1762,11:11:31,29.25,5850,2,买盘
1763,11:11:34,29.24,58480,20,卖盘
1764,11:11:37,29.24,2924,1,卖盘
1765,11:11:40,29.24,29242,10,卖盘
1766,11:11:43,29.24,17544,6,卖盘
1767,11:11:46,29.24,81872,28,卖盘
1768,11:11:49,29.24,14620,5,卖盘
1769,11:11:52,29.25,14625,5,买盘
1770,11:11:58,29.24,64337,22,卖盘
1771,11:12:07,29.24,210538,72,卖盘
1772,11:12:10,29.25,8775,3,买盘
1773,11:12:13,29.25,5850,2,买盘
1774,11:12:16,29.24,20468,7,卖盘
1775,11:12:19,29.25,32175,11,买盘
1776,11:12:22,29.25,55572,19,买盘
1777,11:12:25,29.24,43865,15,卖盘
1778,11:12:28,29.25,5850,2,买盘
1779,11:12:31,29.25,2925,1,买盘
1780,11:12:34,29.25,17550,6,买盘
1781,11:12:40,29.25,175500,60,买盘
1782,11:12:43,29.25,96516,33,买盘
1783,11:12:46,29.24,52646,18,卖盘
1784,11:12:49,29.24,70176,24,卖盘
1785,11:12:52,29.25,58500,20,买盘
1786,11:12:55,29.26,61446,21,买盘
1787,11:12:58,29.27,5854,2,买盘
1788,11:13:01,29.25,193057,66,卖盘
1789,11:13:04,29.26,11704,4,买盘
1790,11:13:07,29.27,11707,4,买盘
1791,11:13:10,29.24,1354392,463,卖盘
1792,11:13:13,29.26,61446,21,中性盘
1793,11:13:16,29.26,2926,1,卖盘
1794,11:13:22,29.26,49744,17,卖盘
1795,11:13:25,29.26,15215,5,卖盘
1796,11:13:28,29.26,93635,32,卖盘
1797,11:13:31,29.27,14635,5,买盘
1798,11:13:37,29.26,81928,28,卖盘
1799,11:13:46,29.26,81952,28,卖盘
1800,11:13:49,29.28,5856,2,买盘
1801,11:13:58,29.29,2929,1,买盘
1802,11:14:10,29.3,29300,10,买盘
1803,11:14:22,29.3,96662,33,买盘
1804,11:14:25,29.3,14650,5,买盘
1805,11:14:28,29.29,586,0,卖盘
1806,11:14:31,29.3,5860,2,买盘
1807,11:14:37,29.3,2930,1,买盘
1808,11:14:49,29.3,2930,1,买盘
1809,11:14:52,29.29,11716,4,卖盘
1810,11:15:04,29.29,23436,8,卖盘
1811,11:15:13,29.29,26369,9,卖盘
1812,11:15:16,29.3,38090,13,买盘
1813,11:15:19,29.29,23432,8,卖盘
1814,11:15:25,29.3,43936,15,买盘
1815,11:15:28,29.3,2930,1,买盘
1816,11:15:34,29.28,67362,23,卖盘
1817,11:15:40,29.3,161150,55,买盘
1818,11:15:43,29.3,11721,4,卖盘
1819,11:15:49,29.31,29310,10,买盘
1820,11:16:01,29.31,8793,3,买盘
1821,11:16:04,29.33,170061,58,买盘
1822,11:16:07,29.33,14665,5,卖盘
1823,11:16:10,29.31,29330,10,卖盘
1824,11:16:16,29.31,14658,5,卖盘
1825,11:16:25,29.32,2932,1,中性盘
1826,11:16:28,29.33,2933,1,买盘
1827,11:16:37,29.32,43994,15,卖盘
1828,11:16:40,29.33,46922,16,买盘
1829,11:16:43,29.33,29330,10,买盘
1830,11:16:46,29.31,5862,2,卖盘
1831,11:16:58,29.3,5860,2,卖盘
1832,11:17:04,29.31,2931,1,卖盘
1833,11:17:07,29.33,26396,9,买盘
1834,11:17:10,29.32,8794,3,买盘
1835,11:17:19,29.31,5862,2,卖盘
1836,11:17:22,29.27,699982,239,卖盘
1837,11:17:28,29.31,61571,21,中性盘
1838,11:17:31,29.32,8796,3,卖盘
1839,11:17:34,29.31,26386,9,卖盘
1840,11:17:40,29.33,779239,266,买盘
1841,11:17:43,29.32,52790,18,中性盘
1842,11:17:46,29.33,11732,4,买盘
1843,11:17:49,29.29,269478,92,卖盘
1844,11:17:52,29.29,55651,19,买盘
1845,11:17:55,29.29,2929,1,买盘
1846,11:17:58,29.29,11716,4,买盘
1847,11:18:01,29.29,5858,2,买盘
1848,11:18:07,29.29,14645,5,买盘
1849,11:18:10,29.29,20503,7,买盘
1850,11:18:13,29.29,11716,4,买盘
1851,11:18:19,29.29,14645,5,买盘
1852,11:18:25,29.28,2928,1,卖盘
1853,11:18:34,29.3,137674,47,买盘
1854,11:18:40,29.3,93764,32,卖盘
1855,11:18:46,29.31,8795,3,卖盘
1856,11:18:52,29.3,456564,156,卖盘
1857,11:18:58,29.3,20510,7,买盘
1858,11:19:01,29.3,23440,8,卖盘
1859,11:19:04,29.3,82058,28,卖盘
1860,11:19:10,29.3,70320,24,卖盘
1861,11:19:13,29.3,5860,2,卖盘
1862,11:19:25,29.28,20496,7,卖盘
1863,11:19:28,29.28,2928,1,买盘
1864,11:19:34,29.32,134804,46,买盘
1865,11:19:37,29.32,11728,4,卖盘
1866,11:19:43,29.3,64460,22,卖盘
1867,11:19:49,29.3,5860,2,卖盘
1868,11:19:52,29.3,5860,2,卖盘
1869,11:19:55,29.31,20517,7,买盘
1870,11:19:58,29.3,11723,4,卖盘
1871,11:20:01,29.31,43965,15,买盘
1872,11:20:04,29.31,26379,9,卖盘
1873,11:20:07,29.31,20517,7,卖盘
1874,11:20:10,29.32,120188,41,买盘
1875,11:20:13,29.32,17592,6,卖盘
1876,11:20:16,29.32,14660,5,卖盘
1877,11:20:19,29.32,2932,1,卖盘
1878,11:20:22,29.32,2932,1,卖盘
1879,11:20:25,29.32,8796,3,卖盘
1880,11:20:28,29.32,5864,2,卖盘
1881,11:20:31,29.32,29320,10,卖盘
1882,11:20:34,29.32,2932,1,卖盘
1883,11:20:40,29.33,2933,1,买盘
1884,11:20:46,29.32,23456,8,卖盘
1885,11:20:49,29.32,8796,3,卖盘
1886,11:20:52,29.33,17598,6,买盘
1887,11:20:55,29.33,5866,2,买盘
1888,11:20:58,29.33,46927,16,买盘
1889,11:21:04,29.32,61572,21,卖盘
1890,11:21:07,29.32,38123,13,卖盘
1891,11:21:10,29.32,14662,5,卖盘
1892,11:21:13,29.33,8799,3,买盘
1893,11:21:22,29.33,26397,9,买盘
1894,11:21:28,29.33,29330,10,买盘
1895,11:21:31,29.33,17598,6,买盘
1896,11:21:34,29.33,49848,17,买盘
1897,11:21:37,29.33,11732,4,买盘
1898,11:21:40,29.33,8799,3,买盘
1899,11:21:43,29.33,5866,2,买盘
1900,11:21:46,29.33,14665,5,买盘
1901,11:21:52,29.33,61593,21,买盘
1902,11:21:55,29.33,20531,7,买盘
1903,11:21:58,29.33,8799,3,买盘
1904,11:22:01,29.33,32263,11,买盘
1905,11:22:07,29.33,5866,2,买盘
1906,11:22:16,29.33,2933,1,买盘
1907,11:22:19,29.33,2933,1,买盘
1908,11:22:22,29.32,58640,20,卖盘
1909,11:22:25,29.33,211166,72,买盘
1910,11:22:28,29.33,52794,18,买盘
1911,11:22:37,29.33,8799,3,买盘
1912,11:22:40,29.33,5866,2,买盘
1913,11:22:43,29.33,5866,2,买盘
1914,11:22:49,29.33,32263,11,买盘
1915,11:22:52,29.33,67459,23,买盘
1916,11:23:04,29.33,26398,9,卖盘
1917,11:23:07,29.33,99725,34,卖盘
1918,11:23:10,29.33,11732,4,卖盘
1919,11:23:16,29.33,14665,5,卖盘
1920,11:23:25,29.32,149532,51,卖盘
1921,11:23:28,29.33,5865,2,买盘
1922,11:23:31,29.32,190581,65,卖盘
1923,11:23:34,29.31,5862,2,卖盘
1924,11:23:37,29.31,41034,14,卖盘
1925,11:23:46,29.3,375167,128,卖盘
1926,11:23:49,29.3,2930,1,卖盘
1927,11:23:52,29.3,5860,2,卖盘
1928,11:23:55,29.3,111383,38,卖盘
1929,11:24:13,29.3,8792,3,卖盘
1930,11:24:19,29.31,20513,7,买盘
1931,11:24:22,29.31,26379,9,买盘
1932,11:24:25,29.31,38103,13,买盘
1933,11:24:28,29.32,5864,2,买盘
1934,11:24:40,29.32,8796,3,买盘
1935,11:24:43,29.31,35172,12,卖盘
1936,11:24:49,29.31,14653,5,买盘
1937,11:24:52,29.31,29310,10,买盘
1938,11:24:55,29.31,26379,9,买盘
1939,11:25:04,29.31,199308,68,买盘
1940,11:25:07,29.31,64480,22,买盘
1941,11:25:10,29.31,38103,13,买盘
1942,11:25:13,29.31,17586,6,买盘
1943,11:25:16,29.31,84999,29,买盘
1944,11:25:19,29.32,17592,6,买盘
1945,11:25:22,29.34,389979,133,买盘
1946,11:25:25,29.35,14675,5,买盘
1947,11:25:28,29.34,14672,5,卖盘
1948,11:25:31,29.35,2935,1,买盘
1949,11:25:34,29.35,5870,2,买盘
1950,11:25:49,29.35,5870,2,买盘
1951,11:25:52,29.35,8805,3,买盘
1952,11:25:55,29.35,20545,7,买盘
1953,11:25:58,29.34,64556,22,卖盘
1954,11:26:01,29.34,8803,3,卖盘
1955,11:26:04,29.34,26406,9,卖盘
1956,11:26:07,29.34,11737,4,卖盘
1957,11:26:10,29.34,146700,50,卖盘
1958,11:26:13,29.34,8802,3,买盘
1959,11:26:19,29.34,11736,4,买盘
1960,11:26:25,29.34,14670,5,买盘
1961,11:26:31,29.35,498843,170,买盘
1962,11:26:37,29.37,2937,1,买盘
1963,11:26:40,29.35,35220,12,卖盘
1964,11:26:43,29.37,11748,4,买盘
1965,11:26:52,29.37,32307,11,卖盘
1966,11:26:55,29.37,14682,5,买盘
1967,11:27:01,29.37,55803,19,买盘
1968,11:27:04,29.37,32307,11,买盘
1969,11:27:13,29.32,730770,249,卖盘
1970,11:27:16,29.33,178913,61,买盘
1971,11:27:19,29.33,419419,143,买盘
1972,11:27:31,29.33,14665,5,卖盘
1973,11:27:40,29.33,2933,1,卖盘
1974,11:27:43,29.35,11740,4,买盘
1975,11:27:46,29.35,2935,1,买盘
1976,11:27:52,29.35,20545,7,买盘
1977,11:27:55,29.3,527601,180,卖盘
1978,11:27:58,29.34,2934,1,买盘
1979,11:28:10,29.3,29300,10,卖盘
1980,11:28:16,29.31,52761,18,卖盘
1981,11:28:19,29.34,2934,1,买盘
1982,11:28:25,29.34,126094,43,买盘
1983,11:28:34,29.34,32275,11,卖盘
1984,11:28:37,29.34,49878,17,卖盘
1985,11:28:46,29.34,76284,26,买盘
1986,11:28:52,29.34,316868,108,买盘
1987,11:28:55,29.34,14670,5,卖盘
1988,11:28:58,29.34,14670,5,卖盘
1989,11:29:01,29.34,35210,12,卖盘
1990,11:29:07,29.35,5870,2,买盘
1991,11:29:13,29.35,2935,1,买盘
1992,11:29:16,29.35,5870,2,买盘
1993,11:29:25,29.35,11740,4,买盘
1994,11:29:28,29.34,23477,8,卖盘
1995,11:29:31,29.35,38155,13,买盘
1996,11:29:37,29.35,5870,2,买盘
1997,11:29:40,29.35,29350,10,买盘
1998,11:29:46,29.35,58700,20,买盘
1999,11:29:49,29.35,2935,1,买盘
2000,11:29:52,29.35,8805,3,买盘
2001,11:29:55,29.34,29343,10,卖盘
2002,11:29:58,29.36,2936,1,买盘
2003,13:00:01,29.35,67513,23,中性盘
2004,13:00:04,29.34,933386,318,卖盘
2005,13:00:07,29.32,1041882,355,卖盘
2006,13:00:10,29.36,728719,248,卖盘
2007,13:00:13,29.4,311637,106,买盘
2008,13:00:16,29.41,64702,22,买盘
2009,13:00:19,29.43,241246,82,买盘
2010,13:00:22,29.43,479528,163,买盘
2011,13:00:25,29.42,58819,20,中性盘
2012,13:00:28,29.38,11754,4,卖盘
2013,13:00:31,29.36,111583,38,卖盘
2014,13:00:34,29.37,8810,3,中性盘
2015,13:00:37,29.38,23504,8,买盘
2016,13:00:40,29.4,293990,100,买盘
2017,13:00:43,29.38,32318,11,中性盘
2018,13:00:46,29.38,20566,7,中性盘
2019,13:00:49,29.38,346729,118,卖盘
2020,13:00:52,29.39,61719,21,买盘
2021,13:00:55,29.38,255661,87,卖盘
2022,13:00:58,29.38,61698,21,买盘
2023,13:01:01,29.38,20566,7,买盘
2024,13:01:04,29.36,454574,155,卖盘
2025,13:01:10,29.34,2934,1,中性盘
2026,13:01:13,29.34,2934,1,买盘
2027,13:01:19,29.32,134898,46,卖盘
2028,13:01:22,29.32,35184,12,买盘
2029,13:01:28,29.32,29320,10,买盘
2030,13:01:31,29.31,820697,280,卖盘
2031,13:01:34,29.26,503790,172,卖盘
2032,13:01:37,29.26,125237,43,卖盘
2033,13:01:40,29.25,248625,85,卖盘
2034,13:01:43,29.25,52650,18,卖盘
2035,13:01:49,29.25,40959,14,买盘
2036,13:01:52,29.24,99448,34,卖盘
2037,13:01:55,29.24,87720,30,卖盘
2038,13:01:58,29.24,140352,48,卖盘
2039,13:02:01,29.24,5848,2,卖盘
2040,13:02:04,29.24,5848,2,卖盘
2041,13:02:07,29.24,84820,29,卖盘
2042,13:02:10,29.25,17550,6,买盘
2043,13:02:19,29.26,5852,2,卖盘
2044,13:02:22,29.26,5852,2,卖盘
2045,13:02:25,29.26,2926,1,买盘
2046,13:02:28,29.25,29251,10,卖盘
2047,13:02:31,29.24,210577,72,卖盘
2048,13:02:34,29.25,128669,44,买盘
2049,13:02:37,29.25,29250,10,买盘
2050,13:02:40,29.25,17548,6,买盘
2051,13:02:43,29.25,38025,13,卖盘
2052,13:02:49,29.25,2925,1,卖盘
2053,13:02:52,29.25,55575,19,卖盘
2054,13:02:55,29.25,11700,4,买盘
2055,13:02:58,29.25,14625,5,买盘
2056,13:03:01,29.25,23400,8,买盘
2057,13:03:04,29.25,14624,5,买盘
2058,13:03:07,29.25,619732,212,买盘
2059,13:03:10,29.25,20475,7,卖盘
2060,13:03:13,29.23,368176,126,买盘
2061,13:03:22,29.24,64309,22,买盘
2062,13:03:25,29.23,35072,12,中性盘
2063,13:03:31,29.23,37999,13,买盘
2064,13:03:34,29.21,496601,170,卖盘
2065,13:03:37,29.23,8769,3,买盘
2066,13:03:40,29.21,73025,25,卖盘
2067,13:03:43,29.21,2085153,714,卖盘
2068,13:03:46,29.19,40869,14,卖盘
2069,13:03:49,29.2,58391,20,买盘
2070,13:03:55,29.18,3083431,1057,卖盘
2071,13:03:58,29.16,1621856,556,卖盘
2072,13:04:01,29.18,29170,10,买盘
2073,13:04:04,29.16,419812,144,卖盘
2074,13:04:07,29.17,81642,28,买盘
2075,13:04:10,29.16,52492,18,买盘
2076,13:04:16,29.14,8742,3,卖盘
2077,13:04:19,29.14,40796,14,卖盘
2078,13:04:22,29.13,375777,129,卖盘
2079,13:04:25,29.12,23296,8,卖盘
2080,13:04:28,29.13,90278,31,买盘
2081,13:04:31,29.12,241696,83,卖盘
2082,13:04:34,29.12,157251,54,卖盘
2083,13:04:37,29.12,276718,95,卖盘
2084,13:04:40,29.13,81563,28,买盘
2085,13:04:43,29.12,26212,9,卖盘
2086,13:04:46,29.12,17473,6,卖盘
2087,13:04:49,29.12,43685,15,卖盘
2088,13:04:52,29.12,29125,10,卖盘
2089,13:04:55,29.13,101955,35,买盘
2090,13:04:58,29.13,72825,25,卖盘
2091,13:05:01,29.13,23307,8,中性盘
2092,13:05:07,29.14,14570,5,买盘
2093,13:05:10,29.14,154421,53,买盘
2094,13:05:13,29.14,29140,10,卖盘
2095,13:05:16,29.17,11668,4,买盘
2096,13:05:19,29.17,5834,2,买盘
2097,13:05:22,29.15,5831,2,卖盘
2098,13:05:25,29.15,11660,4,买盘
2099,13:05:28,29.15,5831,2,卖盘
2100,13:05:31,29.16,2916,1,买盘
2101,13:05:34,29.15,78705,27,卖盘
2102,13:05:37,29.17,20414,7,买盘
2103,13:05:40,29.16,29160,10,卖盘
2104,13:05:43,29.16,5832,2,卖盘
2105,13:05:46,29.16,40828,14,卖盘
2106,13:05:49,29.16,40824,14,卖盘
2107,13:05:52,29.17,87510,30,买盘
2108,13:05:55,29.16,20412,7,卖盘
2109,13:05:58,29.17,46672,16,买盘
2110,13:06:01,29.17,265422,91,卖盘
2111,13:06:04,29.17,67099,23,买盘
2112,13:06:07,29.17,49589,17,卖盘
2113,13:06:10,29.17,5834,2,卖盘
2114,13:06:13,29.17,61266,21,卖盘
2115,13:06:16,29.16,99159,34,卖盘
2116,13:06:19,29.16,160374,55,卖盘
2117,13:06:22,29.16,29159,10,中性盘
2118,13:06:25,29.14,565460,194,卖盘
2119,13:06:28,29.14,2914,1,卖盘
2120,13:06:31,29.15,17490,6,买盘
2121,13:06:34,29.15,32065,11,买盘
2122,13:06:37,29.14,96162,33,卖盘
2123,13:06:40,29.14,58279,20,买盘
2124,13:06:43,29.14,26222,9,买盘
2125,13:06:46,29.14,29140,10,卖盘
2126,13:06:49,29.14,2914,1,卖盘
2127,13:06:52,29.15,20399,7,买盘
2128,13:06:55,29.13,244705,84,卖盘
2129,13:06:58,29.14,326356,112,买盘
2130,13:07:01,29.14,20393,7,买盘
2131,13:07:04,29.14,46624,16,买盘
2132,13:07:07,29.14,90334,31,买盘
2133,13:07:10,29.13,276745,95,卖盘
2134,13:07:13,29.14,101961,35,买盘
2135,13:07:16,29.13,34956,12,买盘
2136,13:07:19,29.12,131078,45,卖盘
2137,13:07:22,29.12,11648,4,卖盘
2138,13:07:25,29.14,8740,3,买盘
2139,13:07:28,29.13,20392,7,卖盘
2140,13:07:31,29.13,5826,2,卖盘
2141,13:07:34,29.12,64064,22,卖盘
2142,13:07:37,29.12,78630,27,卖盘
2143,13:07:40,29.13,14565,5,买盘
2144,13:07:43,29.12,20384,7,卖盘
2145,13:07:46,29.13,99042,34,买盘
2146,13:07:49,29.13,14565,5,卖盘
2147,13:07:52,29.14,131090,45,买盘
2148,13:07:55,29.13,8739,3,卖盘
2149,13:07:58,29.13,81564,28,卖盘
2150,13:08:01,29.13,14565,5,卖盘
2151,13:08:04,29.13,5827,2,卖盘
2152,13:08:07,29.13,145650,50,卖盘
2153,13:08:13,29.13,17478,6,卖盘
2154,13:08:16,29.14,8742,3,买盘
2155,13:08:19,29.13,1365806,469,卖盘
2156,13:08:22,29.13,157302,54,卖盘
2157,13:08:25,29.11,8733,3,卖盘
2158,13:08:28,29.11,2911,1,卖盘
2159,13:08:37,29.11,110618,38,卖盘
2160,13:08:40,29.11,116440,40,卖盘
2161,13:08:43,29.11,247435,85,卖盘
2162,13:08:46,29.11,32021,11,卖盘
2163,13:08:49,29.11,14551,5,买盘
2164,13:08:52,29.1,84390,29,卖盘
2165,13:08:55,29.1,273608,94,卖盘
2166,13:08:58,29.08,1964166,675,卖盘
2167,13:09:01,29.1,168772,58,买盘
2168,13:09:04,29.1,139662,48,买盘
2169,13:09:07,29.11,125147,43,买盘
2170,13:09:10,29.11,648531,223,买盘
2171,13:09:13,29.1,52349,18,中性盘
2172,13:09:16,29.1,43650,15,买盘
2173,13:09:19,29.17,2103652,722,买盘
2174,13:09:22,29.18,64196,22,买盘
2175,13:09:25,29.18,11672,4,卖盘
2176,13:09:28,29.18,128383,44,买盘
2177,13:09:31,29.18,43770,15,中性盘
2178,13:09:34,29.17,11668,4,中性盘
2179,13:09:43,29.18,29180,10,中性盘
2180,13:09:46,29.19,87525,30,买盘
2181,13:09:49,29.2,105109,36,买盘
2182,13:09:52,29.18,5837,2,卖盘
2183,13:09:55,29.19,37937,13,买盘
2184,13:09:58,29.2,145999,50,买盘
2185,13:10:07,29.18,32098,11,卖盘
2186,13:10:13,29.18,2918,1,卖盘
2187,13:10:16,29.19,23345,8,买盘
2188,13:10:19,29.18,5837,2,卖盘
2189,13:10:22,29.18,29186,10,卖盘
2190,13:10:25,29.18,8754,3,买盘
2191,13:10:28,29.21,183929,63,买盘
2192,13:10:31,29.2,29200,10,卖盘
2193,13:10:34,29.2,52593,18,卖盘
2194,13:10:40,29.2,17526,6,卖盘
2195,13:10:46,29.22,78879,27,中性盘
2196,13:10:49,29.24,2924,1,买盘
2197,13:10:52,29.23,58450,20,买盘
2198,13:10:55,29.24,52615,18,买盘
2199,13:10:58,29.24,11696,4,买盘
2200,13:11:01,29.21,2921,1,卖盘
2201,13:11:04,29.22,303988,104,中性盘
2202,13:11:07,29.22,2922,1,买盘
2203,13:11:10,29.22,2922,1,卖盘
2204,13:11:19,29.2,300806,103,卖盘
2205,13:11:22,29.19,5838,2,卖盘
2206,13:11:25,29.19,14595,5,卖盘
2207,13:11:28,29.19,26272,9,卖盘
2208,13:11:31,29.19,5838,2,卖盘
2209,13:11:34,29.19,2919,1,卖盘
2210,13:11:40,29.18,8754,3,卖盘
2211,13:11:43,29.18,256713,88,卖盘
2212,13:11:49,29.18,14590,5,买盘
2213,13:11:52,29.16,58320,20,卖盘
2214,13:11:55,29.15,2915,1,卖盘
2215,13:12:01,29.15,5830,2,卖盘
2216,13:12:04,29.15,195306,67,卖盘
2217,13:12:07,29.15,11655,4,买盘
2218,13:12:10,29.16,524795,180,买盘
2219,13:12:13,29.17,61277,21,中性盘
2220,13:12:16,29.18,43770,15,买盘
2221,13:12:19,29.18,20429,7,卖盘
2222,13:12:22,29.18,125475,43,卖盘
2223,13:12:25,29.2,169335,58,买盘
2224,13:12:28,29.22,578174,198,买盘
2225,13:12:31,29.22,14610,5,买盘
2226,13:12:34,29.22,99348,34,买盘
2227,13:12:37,29.25,2925,1,中性盘
2228,13:12:40,29.25,5850,2,中性盘
2229,13:12:43,29.25,333456,114,卖盘
2230,13:12:49,29.25,32175,11,买盘
2231,13:12:52,29.24,43860,15,卖盘
2232,13:12:58,29.24,2924,1,买盘
2233,13:13:01,29.23,14615,5,卖盘
2234,13:13:04,29.24,362364,124,买盘
2235,13:13:07,29.22,35064,12,中性盘
2236,13:13:10,29.23,43831,15,买盘
2237,13:13:13,29.24,2924,1,买盘
2238,13:13:16,29.23,14615,5,卖盘
2239,13:13:22,29.23,8769,3,卖盘
2240,13:13:31,29.23,172457,59,卖盘
2241,13:13:34,29.22,2922,1,卖盘
2242,13:13:40,29.23,2923,1,买盘
2243,13:13:49,29.23,14615,5,买盘
2244,13:13:52,29.21,327252,112,卖盘
2245,13:13:55,29.24,70166,24,买盘
2246,13:13:58,29.25,111150,38,买盘
2247,13:14:01,29.27,8781,3,买盘
2248,13:14:04,29.25,61425,21,卖盘
2249,13:14:16,29.25,8775,3,卖盘
2250,13:14:19,29.23,14617,5,卖盘
2251,13:14:25,29.21,78867,27,卖盘
2252,13:14:28,29.21,20447,7,卖盘
2253,13:14:31,29.22,20454,7,卖盘
2254,13:14:34,29.22,32153,11,卖盘
2255,13:14:37,29.22,11691,4,卖盘
2256,13:14:40,29.24,5847,2,买盘
2257,13:14:43,29.23,2923,1,中性盘
2258,13:14:46,29.21,46751,16,卖盘
2259,13:15:01,29.21,23368,8,卖盘
2260,13:15:04,29.18,1404385,481,卖盘
2261,13:15:07,29.18,35024,12,卖盘
2262,13:15:10,29.17,26260,9,卖盘
2263,13:15:13,29.18,2918,1,买盘
2264,13:15:19,29.16,2916,1,卖盘
2265,13:15:22,29.17,5834,2,卖盘
2266,13:15:25,29.18,40844,14,买盘
2267,13:15:28,29.18,186678,64,中性盘
2268,13:15:31,29.19,32109,11,买盘
2269,13:15:34,29.2,490171,168,买盘
2270,13:15:37,29.19,2919,1,卖盘
2271,13:15:46,29.18,113804,39,中性盘
2272,13:15:49,29.17,37921,13,卖盘
2273,13:15:55,29.17,35004,12,买盘
2274,13:15:58,29.17,2917,1,买盘
2275,13:16:01,29.16,186745,64,卖盘
2276,13:16:07,29.16,23329,8,卖盘
2277,13:16:13,29.16,102081,35,卖盘
2278,13:16:19,29.16,5832,2,卖盘
2279,13:16:22,29.16,17498,6,卖盘
2280,13:16:25,29.17,320870,110,卖盘
2281,13:16:31,29.16,2916,1,卖盘
2282,13:16:34,29.16,52488,18,卖盘
2283,13:16:37,29.17,8751,3,买盘
2284,13:16:40,29.16,78732,27,卖盘
2285,13:16:43,29.16,798984,274,卖盘
2286,13:16:46,29.15,14578,5,卖盘
2287,13:16:49,29.15,26243,9,卖盘
2288,13:16:52,29.15,218690,75,卖盘
2289,13:16:55,29.16,34989,12,买盘
2290,13:16:58,29.15,37898,13,卖盘
2291,13:17:01,29.16,49572,17,买盘
2292,13:17:07,29.16,163296,56,卖盘
2293,13:17:10,29.18,64186,22,买盘
2294,13:17:13,29.16,5832,2,卖盘
2295,13:17:34,29.18,35016,12,买盘
2296,13:17:37,29.18,26262,9,买盘
2297,13:17:40,29.19,8755,3,买盘
2298,13:17:43,29.19,2919,1,买盘
2299,13:17:52,29.19,14595,5,买盘
2300,13:17:55,29.19,2919,1,买盘
2301,13:17:58,29.19,78813,27,买盘
2302,13:18:01,29.2,180969,62,买盘
2303,13:18:04,29.19,70060,24,卖盘
2304,13:18:07,29.2,11678,4,买盘
2305,13:18:10,29.18,253873,87,卖盘
2306,13:18:13,29.15,2169666,744,卖盘
2307,13:18:16,29.14,134043,46,买盘
2308,13:18:19,29.14,69936,24,卖盘
2309,13:18:22,29.14,67022,23,卖盘
2310,13:18:31,29.13,332084,114,卖盘
2311,13:18:34,29.13,43694,15,卖盘
2312,13:18:37,29.12,37856,13,卖盘
2313,13:18:40,29.12,5824,2,卖盘
2314,13:18:43,29.12,17472,6,卖盘
2315,13:18:46,29.12,46592,16,卖盘
2316,13:18:49,29.12,69888,24,卖盘
2317,13:18:52,29.12,128128,44,卖盘
2318,13:18:55,29.12,17472,6,卖盘
2319,13:18:58,29.12,72815,25,卖盘
2320,13:19:01,29.12,64064,22,卖盘
2321,13:19:04,29.11,148461,51,卖盘
2322,13:19:07,29.09,747949,257,卖盘
2323,13:19:10,29.08,351986,121,卖盘
2324,13:19:13,29.09,11635,4,买盘
2325,13:19:16,29.07,66871,23,卖盘
2326,13:19:19,29.07,46512,16,卖盘
2327,13:19:22,29.07,31977,11,卖盘
2328,13:19:25,29.07,621927,214,买盘
2329,13:19:28,29.07,95924,33,买盘
2330,13:19:31,29.06,66850,23,卖盘
2331,13:19:34,29.07,5814,2,买盘
2332,13:19:37,29.06,14530,5,卖盘
2333,13:19:40,29.06,31966,11,卖盘
2334,13:19:43,29.07,276085,95,买盘
2335,13:19:46,29.03,2253587,776,卖盘
2336,13:19:49,29.04,55179,19,中性盘
2337,13:19:52,29.05,307707,106,买盘
2338,13:19:55,29.03,40646,14,卖盘
2339,13:19:58,29.03,46447,16,买盘
2340,13:20:01,29.01,191460,66,卖盘
2341,13:20:04,29.02,63832,22,买盘
2342,13:20:07,29.01,75426,26,卖盘
2343,13:20:10,29.0,292982,101,卖盘
2344,13:20:13,29.0,205940,71,卖盘
2345,13:20:16,29.0,504735,174,卖盘
2346,13:20:19,29.01,217553,75,卖盘
2347,13:20:22,29.0,2627368,906,卖盘
2348,13:20:25,28.97,330517,114,卖盘
2349,13:20:28,28.96,112996,39,卖盘
2350,13:20:31,29.0,8698,3,买盘
2351,13:20:34,29.0,23200,8,买盘
2352,13:20:37,28.98,28980,10,卖盘
2353,13:20:40,28.99,60853,21,买盘
2354,13:20:43,28.97,168028,58,卖盘
2355,13:20:46,28.98,20287,7,买盘
2356,13:20:49,28.97,23178,8,卖盘
2357,13:20:52,28.97,1193923,412,卖盘
2358,13:20:55,28.97,28970,10,买盘
2359,13:20:58,28.98,17386,6,中性盘
2360,13:21:01,28.99,5798,2,买盘
2361,13:21:04,28.99,26092,9,中性盘
2362,13:21:07,29.0,55094,19,买盘
2363,13:21:10,29.0,52198,18,买盘
2364,13:21:13,29.01,226173,78,买盘
2365,13:21:16,29.01,46409,16,买盘
2366,13:21:19,29.0,72526,25,卖盘
2367,13:21:22,29.0,205919,71,卖盘
2368,13:21:25,29.03,150851,52,买盘
2369,13:21:28,29.01,11606,4,中性盘
2370,13:21:31,29.01,29010,10,卖盘
2371,13:21:34,29.02,55123,19,买盘
2372,13:21:37,29.02,34824,12,卖盘
2373,13:21:40,29.01,14505,5,卖盘
2374,13:21:43,29.03,63854,22,买盘
2375,13:21:46,29.02,17411,6,买盘
2376,13:21:49,29.02,168266,58,中性盘
2377,13:21:52,29.02,8706,3,卖盘
2378,13:21:55,29.02,20316,7,卖盘
2379,13:21:58,29.02,293105,101,卖盘
2380,13:22:04,29.02,11608,4,买盘
2381,13:22:07,29.02,11608,4,买盘
2382,13:22:10,29.02,11607,4,买盘
2383,13:22:13,29.01,191506,66,卖盘
2384,13:22:16,29.02,92864,32,买盘
2385,13:22:19,29.02,43507,15,买盘
2386,13:22:22,29.0,29001,10,卖盘
2387,13:22:25,29.03,171239,59,买盘
2388,13:22:28,29.03,110314,38,卖盘
2389,13:22:31,29.03,60966,21,卖盘
2390,13:22:34,29.04,49368,17,买盘
2391,13:22:37,29.03,63875,22,卖盘
2392,13:22:40,29.06,95879,33,买盘
2393,13:22:43,29.04,232352,80,卖盘
2394,13:22:46,29.05,12201,4,卖盘
2395,13:22:49,29.05,2905,1,卖盘
2396,13:22:55,29.06,8718,3,卖盘
2397,13:22:58,29.06,55200,19,买盘
2398,13:23:01,29.05,75549,26,卖盘
2399,13:23:04,29.04,92404,32,卖盘
2400,13:23:10,29.06,84226,29,买盘
2401,13:23:13,29.06,2906,1,买盘
2402,13:23:16,29.04,72600,25,卖盘
2403,13:23:19,29.04,5808,2,卖盘
2404,13:23:22,29.04,14520,5,买盘
2405,13:23:25,29.04,2904,1,买盘
2406,13:23:28,29.04,29040,10,买盘
2407,13:23:34,29.04,2904,1,卖盘
2408,13:23:37,29.05,29050,10,买盘
2409,13:23:40,29.05,20335,7,买盘
2410,13:23:43,29.05,2905,1,卖盘
2411,13:23:46,29.05,2905,1,卖盘
2412,13:23:52,29.06,29060,10,买盘
2413,13:23:55,29.05,46480,16,卖盘
2414,13:24:01,29.06,20342,7,买盘
2415,13:24:04,29.06,2906,1,买盘
2416,13:24:07,29.06,49402,17,买盘
2417,13:24:13,29.06,189471,65,买盘
2418,13:24:22,29.06,29060,10,卖盘
2419,13:24:28,29.06,11624,4,卖盘
2420,13:24:31,29.07,34878,12,买盘
2421,13:24:34,29.07,2907,1,买盘
2422,13:24:37,29.06,8720,3,卖盘
2423,13:24:40,29.06,8718,3,卖盘
2424,13:24:43,29.06,58120,20,卖盘
2425,13:24:46,29.07,17440,6,买盘
2426,13:24:49,29.06,31966,11,卖盘
2427,13:24:52,29.07,23249,8,买盘
2428,13:24:55,29.06,23255,8,卖盘
2429,13:25:07,29.07,58140,20,卖盘
2430,13:25:10,29.06,8718,3,卖盘
2431,13:25:16,29.06,55224,19,卖盘
2432,13:25:19,29.07,11628,4,买盘
2433,13:25:25,29.06,269686,93,卖盘
2434,13:25:28,29.07,75568,26,买盘
2435,13:25:31,29.06,5812,2,买盘
2436,13:25:34,29.06,8718,3,买盘
2437,13:25:37,29.06,46496,16,买盘
2438,13:25:40,29.06,145300,50,卖盘
2439,13:25:43,29.07,29070,10,买盘
2440,13:25:46,29.07,70349,24,买盘
2441,13:25:52,29.08,11632,4,买盘
2442,13:25:55,29.08,31988,11,买盘
2443,13:26:01,29.08,58160,20,卖盘
2444,13:26:04,29.07,168625,58,卖盘
2445,13:26:07,29.07,90124,31,卖盘
2446,13:26:10,29.07,496992,171,卖盘
2447,13:26:13,29.07,90117,31,卖盘
2448,13:26:16,29.05,999085,344,卖盘
2449,13:26:19,29.05,615603,212,买盘
2450,13:26:22,29.02,496906,171,卖盘
2451,13:26:25,29.04,5808,2,买盘
2452,13:26:28,29.01,49318,17,卖盘
2453,13:26:31,29.01,23215,8,卖盘
2454,13:26:34,29.01,29013,10,卖盘
2455,13:26:37,29.0,290017,100,卖盘
2456,13:26:40,29.0,43500,15,卖盘
2457,13:26:46,28.99,118318,41,卖盘
2458,13:26:49,29.0,104400,36,买盘
2459,13:26:52,28.99,40596,14,卖盘
2460,13:26:55,28.99,60879,21,卖盘
2461,13:27:04,28.99,98566,34,卖盘
2462,13:27:07,29.0,168193,58,买盘
2463,13:27:10,29.0,247087,85,买盘
2464,13:27:13,29.02,11604,4,买盘
2465,13:27:16,29.02,2902,1,买盘
2466,13:27:19,29.0,20300,7,卖盘
2467,13:27:22,29.0,29000,10,卖盘
2468,13:27:25,29.02,66727,23,买盘
2469,13:27:31,29.02,5804,2,买盘
2470,13:27:34,29.01,8703,3,卖盘
2471,13:27:37,29.02,78354,27,买盘
2472,13:27:40,29.02,23216,8,买盘
2473,13:27:43,29.01,121870,42,卖盘
2474,13:27:49,29.02,11609,4,卖盘
2475,13:27:52,29.02,34824,12,买盘
2476,13:27:55,29.01,2901,1,卖盘
2477,13:27:58,29.01,20307,7,卖盘
2478,13:28:01,29.01,17409,6,卖盘
2479,13:28:05,29.01,20307,7,卖盘
2480,13:28:10,29.01,5802,2,卖盘
2481,13:28:13,29.01,232080,80,卖盘
2482,13:28:16,29.01,8703,3,买盘
2483,13:28:19,29.0,304502,105,卖盘
2484,13:28:25,29.01,69622,24,买盘
2485,13:28:31,29.01,2901,1,买盘
2486,13:28:37,29.01,34804,12,买盘
2487,13:28:40,29.0,8702,3,卖盘
2488,13:28:43,29.0,144420,50,卖盘
2489,13:28:46,29.0,580,0,买盘
2490,13:28:49,29.0,2900,1,卖盘
2491,13:28:52,29.0,14500,5,卖盘
2492,13:28:55,29.01,8703,3,买盘
2493,13:29:01,29.01,84102,29,买盘
2494,13:29:04,29.01,78306,27,买盘
2495,13:29:07,29.01,336516,116,买盘
2496,13:29:10,28.99,664248,229,卖盘
2497,13:29:13,29.02,43529,15,买盘
2498,13:29:16,29.01,49317,17,卖盘
2499,13:29:19,28.99,475599,164,卖盘
2500,13:29:22,29.0,2900,1,买盘
2501,13:29:25,29.0,8700,3,买盘
2502,13:29:28,28.99,31889,11,卖盘
2503,13:29:31,29.0,101490,35,买盘
2504,13:29:34,28.99,5798,2,卖盘
2505,13:29:37,28.99,2899,1,卖盘
2506,13:29:40,28.99,124660,43,卖盘
2507,13:29:43,28.99,118859,41,卖盘
2508,13:29:46,29.0,58000,20,买盘
2509,13:29:52,28.99,188468,65,卖盘
2510,13:29:58,28.99,81172,28,卖盘
2511,13:30:01,29.0,28995,10,买盘
2512,13:30:04,29.0,5800,2,买盘
2513,13:30:07,29.02,37702,13,买盘
2514,13:30:10,29.02,11608,4,买盘
2515,13:30:13,29.01,23210,8,卖盘
2516,13:30:16,29.02,8706,3,买盘
2517,13:30:19,29.01,8703,3,卖盘
2518,13:30:22,29.02,8706,3,买盘
2519,13:30:28,29.01,23208,8,卖盘
2520,13:30:31,29.01,23213,8,卖盘
2521,13:30:34,29.01,17406,6,卖盘
2522,13:30:40,29.0,14503,5,卖盘
2523,13:30:43,29.01,174016,60,买盘
2524,13:30:46,29.0,2900,1,中性盘
2525,13:30:49,29.0,66700,23,卖盘
2526,13:30:52,29.01,142103,49,买盘
2527,13:30:55,29.0,89900,31,卖盘
2528,13:30:58,29.0,49300,17,卖盘
2529,13:31:01,29.0,26100,9,买盘
2530,13:31:04,28.99,278308,96,卖盘
2531,13:31:07,28.99,57995,20,卖盘
2532,13:31:10,28.99,75374,26,卖盘
2533,13:31:13,28.99,11017,4,卖盘
2534,13:31:16,28.99,2899,1,买盘
2535,13:31:19,28.99,3478,1,买盘
2536,13:31:25,28.98,57968,20,卖盘
2537,13:31:28,28.98,26082,9,卖盘
2538,13:31:31,28.98,298497,103,卖盘
2539,13:31:37,28.98,8694,3,卖盘
2540,13:31:40,28.98,37674,13,卖盘
2541,13:31:46,28.98,304290,105,卖盘
2542,13:31:49,28.98,8694,3,卖盘
2543,13:31:52,28.98,20286,7,卖盘
2544,13:31:55,28.98,34776,12,买盘
2545,13:31:58,28.99,57972,20,买盘
2546,13:32:01,28.98,2898,1,中性盘
2547,13:32:04,28.98,34776,12,卖盘
2548,13:32:07,28.98,34776,12,卖盘
2549,13:32:10,28.99,110158,38,买盘
2550,13:32:13,29.0,11600,4,买盘
2551,13:32:16,29.01,629451,217,买盘
2552,13:32:19,29.02,356943,123,买盘
2553,13:32:22,29.02,8706,3,卖盘
2554,13:32:25,29.02,495993,171,卖盘
2555,13:32:28,29.01,2901,1,买盘
2556,13:32:31,29.02,72524,25,买盘
2557,13:32:34,29.02,66746,23,买盘
2558,13:32:40,29.01,87024,30,卖盘
2559,13:32:43,29.01,46415,16,买盘
2560,13:32:46,29.01,23208,8,买盘
2561,13:32:49,29.03,304712,105,买盘
2562,13:32:52,29.03,2903,1,买盘
2563,13:32:55,29.02,14510,5,卖盘
2564,13:33:04,29.01,324985,112,卖盘
2565,13:33:07,29.03,84131,29,买盘
2566,13:33:10,29.03,20321,7,买盘
2567,13:33:13,29.03,14515,5,买盘
2568,13:33:16,29.03,43545,15,买盘
2569,13:33:19,29.03,17418,6,买盘
2570,13:33:22,29.03,31933,11,买盘
2571,13:33:25,29.01,11604,4,卖盘
2572,13:33:28,29.01,365564,126,卖盘
2573,13:33:31,29.01,26115,9,中性盘
2574,13:33:34,29.01,20307,7,中性盘
2575,13:33:37,29.02,23215,8,买盘
2576,13:33:40,29.02,2902,1,买盘
2577,13:33:43,29.0,411800,142,卖盘
2578,13:33:46,29.0,455173,157,中性盘
2579,13:33:49,28.98,211565,73,卖盘
2580,13:33:52,28.98,5798,2,卖盘
2581,13:33:55,28.99,49294,17,卖盘
2582,13:34:01,29.02,2902,1,买盘
2583,13:34:04,28.99,130455,45,卖盘
2584,13:34:10,28.99,11596,4,卖盘
2585,13:34:13,28.99,34788,12,卖盘
2586,13:34:16,29.02,150799,52,买盘
2587,13:34:25,28.98,301392,104,卖盘
2588,13:34:28,28.99,20285,7,买盘
2589,13:34:31,28.98,26085,9,卖盘
2590,13:34:34,29.01,40581,14,买盘
2591,13:34:37,28.97,26079,9,卖盘
2592,13:34:40,28.97,162235,56,卖盘
2593,13:34:43,28.98,34776,12,买盘
2594,13:34:46,28.98,11592,4,卖盘
2595,13:34:49,28.98,23186,8,卖盘
2596,13:34:55,28.98,66641,23,买盘
2597,13:34:58,28.98,55057,19,买盘
2598,13:35:01,28.98,312879,108,买盘
2599,13:35:04,28.98,8694,3,买盘
2600,13:35:07,28.98,52156,18,买盘
2601,13:35:10,28.98,127498,44,买盘
2602,13:35:13,28.97,14485,5,卖盘
2603,13:35:19,28.97,11591,4,卖盘
2604,13:35:22,28.98,31868,11,买盘
2605,13:35:25,28.97,338949,117,卖盘
2606,13:35:28,28.96,20275,7,卖盘
2607,13:35:31,28.96,124550,43,卖盘
2608,13:35:34,28.96,81106,28,卖盘
2609,13:35:37,28.96,547346,189,卖盘
2610,13:35:43,28.95,92640,32,卖盘
2611,13:35:46,28.96,60796,21,买盘
2612,13:35:49,28.95,28951,10,卖盘
2613,13:35:52,28.95,5790,2,卖盘
2614,13:35:55,28.95,66585,23,卖盘
2615,13:35:58,28.95,20265,7,卖盘
2616,13:36:01,28.94,63669,22,卖盘
2617,13:36:04,28.94,31834,11,买盘
2618,13:36:13,28.94,66557,23,买盘
2619,13:36:16,28.93,60753,21,卖盘
2620,13:36:19,28.93,101255,35,卖盘
2621,13:36:22,28.93,2893,1,买盘
2622,13:36:25,28.93,196663,68,买盘
2623,13:36:28,28.91,459711,159,卖盘
2624,13:36:31,28.93,14465,5,买盘
2625,13:36:34,28.91,5782,2,卖盘
2626,13:36:37,28.91,130095,45,卖盘
2627,13:36:40,28.91,46255,16,买盘
2628,13:36:43,28.9,436452,151,卖盘
2629,13:36:46,28.9,395944,137,卖盘
2630,13:36:49,28.9,213890,74,卖盘
2631,13:36:52,28.89,78008,27,卖盘
2632,13:36:55,28.89,5778,2,卖盘
2633,13:36:58,28.89,11556,4,买盘
2634,13:37:01,28.89,361078,125,买盘
2635,13:37:04,28.9,40450,14,买盘
2636,13:37:07,28.9,132902,46,买盘
2637,13:37:10,28.9,612325,212,买盘
2638,13:37:13,28.89,323570,112,卖盘
2639,13:37:16,28.89,8667,3,卖盘
2640,13:37:19,28.9,167618,58,买盘
2641,13:37:22,28.9,11560,4,卖盘
2642,13:37:25,28.91,222604,77,买盘
2643,13:37:28,28.9,173432,60,卖盘
2644,13:37:31,28.91,106962,37,中性盘
2645,13:37:34,28.91,14455,5,卖盘
2646,13:37:37,28.91,20237,7,中性盘
2647,13:37:40,28.9,40460,14,卖盘
2648,13:37:43,28.9,26012,9,卖盘
2649,13:37:46,28.9,89610,31,卖盘
2650,13:37:49,28.9,274550,95,卖盘
2651,13:37:52,28.9,28900,10,买盘
2652,13:37:55,28.9,80923,28,卖盘
2653,13:37:58,28.9,98258,34,买盘
2654,13:38:01,28.9,202227,70,买盘
2655,13:38:04,28.9,11560,4,卖盘
2656,13:38:10,28.9,69382,24,卖盘
2657,13:38:13,28.9,5780,2,卖盘
2658,13:38:16,28.91,476951,165,买盘
2659,13:38:22,28.89,176277,61,卖盘
2660,13:38:25,28.9,34680,12,买盘
2661,13:38:28,28.9,5780,2,卖盘
2662,13:38:34,28.9,80920,28,卖盘
2663,13:38:37,28.91,49136,17,买盘
2664,13:38:40,28.91,89591,31,买盘
2665,13:38:43,28.9,8670,3,卖盘
2666,13:38:46,28.91,5782,2,买盘
2667,13:38:49,28.91,26019,9,买盘
2668,13:38:52,28.89,60682,21,卖盘
2669,13:39:01,28.89,75118,26,卖盘
2670,13:39:04,28.9,101126,35,买盘
2671,13:39:07,28.89,23112,8,卖盘
2672,13:39:10,28.89,375412,130,买盘
2673,13:39:13,28.87,66429,23,卖盘
2674,13:39:16,28.87,121254,42,卖盘
2675,13:39:19,28.88,8664,3,买盘
2676,13:39:22,28.87,109706,38,卖盘
2677,13:39:25,28.87,918069,318,卖盘
2678,13:39:28,28.87,135689,47,卖盘
2679,13:39:31,28.86,155844,54,卖盘
2680,13:39:34,28.85,8655,3,卖盘
2681,13:39:37,28.85,31737,11,卖盘
2682,13:39:40,28.85,181757,63,卖盘
2683,13:39:43,28.84,95192,33,卖盘
2684,13:39:46,28.82,311314,108,卖盘
2685,13:39:49,28.8,406369,141,卖盘
2686,13:39:52,28.85,297072,103,买盘
2687,13:39:55,28.81,282407,98,卖盘
2688,13:39:58,28.8,77789,27,卖盘
2689,13:40:01,28.82,14410,5,中性盘
2690,13:40:04,28.83,135441,47,买盘
2691,13:40:07,28.82,190277,66,卖盘
2692,13:40:10,28.83,80704,28,中性盘
2693,13:40:13,28.85,190256,66,买盘
2694,13:40:16,28.84,25964,9,中性盘
2695,13:40:19,28.85,242289,84,买盘
2696,13:40:22,28.85,253770,88,买盘
2697,13:40:25,28.85,95205,33,买盘
2698,13:40:28,28.86,164441,57,买盘
2699,13:40:31,28.85,285624,99,卖盘
2700,13:40:34,28.85,193301,67,卖盘
2701,13:40:37,28.86,34637,12,卖盘
2702,13:40:40,28.87,11548,4,买盘
2703,13:40:43,28.87,80072,28,买盘
2704,13:40:46,28.87,5774,2,卖盘
2705,13:40:49,28.87,23096,8,买盘
2706,13:40:52,28.87,8662,3,卖盘
2707,13:40:55,28.87,138581,48,卖盘
2708,13:40:58,28.87,46192,16,买盘
2709,13:41:01,28.88,121295,42,买盘
2710,13:41:04,28.88,2888,1,卖盘
2711,13:41:07,28.86,404174,140,卖盘
2712,13:41:10,28.89,40445,14,买盘
2713,13:41:13,28.88,60648,21,中性盘
2714,13:41:19,28.87,109729,38,卖盘
2715,13:41:22,28.87,14436,5,卖盘
2716,13:41:25,28.89,5778,2,买盘
2717,13:41:28,28.89,40446,14,买盘
2718,13:41:31,28.88,31774,11,卖盘
2719,13:41:34,28.89,11556,4,买盘
2720,13:41:37,28.88,121301,42,卖盘
2721,13:41:40,28.89,1094002,379,买盘
2722,13:41:43,28.88,66429,23,卖盘
2723,13:41:46,28.87,248286,86,卖盘
2724,13:41:49,28.87,40418,14,买盘
2725,13:41:52,28.88,23098,8,买盘
2726,13:41:55,28.87,49080,17,卖盘
2727,13:42:01,28.87,86610,30,买盘
2728,13:42:04,28.86,66378,23,卖盘
2729,13:42:07,28.86,54849,19,卖盘
2730,13:42:10,28.87,5774,2,买盘
2731,13:42:13,28.87,25983,9,买盘
2732,13:42:16,28.86,80808,28,卖盘
2733,13:42:19,28.86,14430,5,卖盘
2734,13:42:22,28.86,49062,17,买盘
2735,13:42:25,28.85,242490,84,卖盘
2736,13:42:31,28.87,57724,20,买盘
2737,13:42:34,28.85,288504,100,卖盘
2738,13:42:40,28.86,132761,46,卖盘
2739,13:42:43,28.87,66392,23,买盘
2740,13:42:46,28.87,43302,15,卖盘
2741,13:42:49,28.87,66385,23,中性盘
2742,13:42:52,28.86,2886,1,卖盘
2743,13:42:55,28.87,11548,4,买盘
2744,13:42:58,28.87,20204,7,买盘
2745,13:43:01,28.88,11552,4,买盘
2746,13:43:10,28.87,5774,2,中性盘
2747,13:43:13,28.87,51980,18,卖盘
2748,13:43:16,28.88,5776,2,买盘
2749,13:43:19,28.86,132770,46,卖盘
2750,13:43:22,28.86,86618,30,卖盘
2751,13:43:25,28.85,672249,233,卖盘
2752,13:43:28,28.83,338078,117,卖盘
2753,13:43:31,28.83,2883,1,买盘
2754,13:43:34,28.83,40357,14,买盘
2755,13:43:37,28.83,178727,62,买盘
2756,13:43:40,28.82,213272,74,卖盘
2757,13:43:43,28.82,72051,25,卖盘
2758,13:43:46,28.82,34584,12,卖盘
2759,13:43:49,28.82,2882,1,买盘
2760,13:43:52,28.81,95078,33,卖盘
2761,13:43:55,28.81,57620,20,中性盘
2762,13:43:58,28.8,397440,138,卖盘
2763,13:44:04,28.8,290890,101,卖盘
2764,13:44:10,28.8,31680,11,卖盘
2765,13:44:13,28.8,5760,2,买盘
2766,13:44:16,28.79,48943,17,卖盘
2767,13:44:19,28.79,2879,1,买盘
2768,13:44:22,28.78,43173,15,卖盘
2769,13:44:25,28.78,276339,96,卖盘
2770,13:44:28,28.78,14390,5,买盘
2771,13:44:31,28.76,146718,51,卖盘
2772,13:44:34,28.75,83383,29,卖盘
2773,13:44:37,28.77,63287,22,买盘
2774,13:44:40,28.78,765433,266,买盘
2775,13:44:43,28.78,319447,111,买盘
2776,13:44:46,28.8,209965,73,买盘
2777,13:44:49,28.8,28794,10,买盘
2778,13:44:55,28.8,95026,33,买盘
2779,13:44:58,28.79,34547,12,买盘
2780,13:45:01,28.79,95007,33,中性盘
2781,13:45:04,28.79,322391,112,卖盘
2782,13:45:07,28.79,48953,17,卖盘
2783,13:45:10,28.79,23032,8,卖盘
2784,13:45:13,28.79,66217,23,买盘
2785,13:45:16,28.78,103611,36,卖盘
2786,13:45:19,28.78,14390,5,买盘
2787,13:45:22,28.77,94910,33,卖盘
2788,13:45:25,28.77,112171,39,买盘
2789,13:45:28,28.77,169729,59,买盘
2790,13:45:31,28.76,267471,93,卖盘
2791,13:45:34,28.76,14381,5,卖盘
2792,13:45:37,28.76,204197,71,卖盘
2793,13:45:40,28.77,57537,20,买盘
2794,13:45:43,28.76,43140,15,卖盘
2795,13:45:46,28.75,126557,44,卖盘
2796,13:45:49,28.78,209993,73,买盘
2797,13:45:52,28.77,25889,9,卖盘
2798,13:45:55,28.83,1736662,603,买盘
2799,13:45:58,28.83,325787,113,卖盘
2800,13:46:01,28.83,34596,12,卖盘
2801,13:46:04,28.83,132618,46,卖盘
2802,13:46:10,28.83,273884,95,买盘
2803,13:46:13,28.83,224878,78,买盘
2804,13:46:16,28.83,25948,9,卖盘
2805,13:46:19,28.84,5768,2,买盘
2806,13:46:22,28.83,54782,19,卖盘
2807,13:46:25,28.83,302720,105,卖盘
2808,13:46:28,28.83,51902,18,卖盘
2809,13:46:34,28.83,394975,137,卖盘
2810,13:46:37,28.84,8652,3,中性盘
2811,13:46:40,28.84,5767,2,买盘
2812,13:46:43,28.83,17303,6,卖盘
2813,13:46:46,28.83,95139,33,卖盘
2814,13:46:49,28.83,23070,8,卖盘
2815,13:46:52,28.83,23069,8,卖盘
2816,13:46:55,28.82,167202,58,卖盘
2817,13:46:58,28.84,5768,2,买盘
2818,13:47:01,28.84,25955,9,买盘
2819,13:47:04,28.84,28840,10,卖盘
2820,13:47:13,28.83,5765,2,买盘
2821,13:47:22,28.82,5764,2,卖盘
2822,13:47:25,28.83,34596,12,买盘
2823,13:47:28,28.81,54757,19,卖盘
2824,13:47:31,28.82,5764,2,买盘
2825,13:47:40,28.82,23056,8,买盘
2826,13:47:43,28.8,77771,27,卖盘
2827,13:47:46,28.8,86400,30,卖盘
2828,13:47:55,28.8,8641,3,卖盘
2829,13:47:58,28.8,31680,11,卖盘
2830,13:48:01,28.8,28800,10,买盘
2831,13:48:07,28.79,152588,53,卖盘
2832,13:48:10,28.79,14395,5,买盘
2833,13:48:13,28.79,115160,40,买盘
2834,13:48:16,28.78,48926,17,卖盘
2835,13:48:19,28.78,103579,36,卖盘
2836,13:48:22,28.78,28780,10,买盘
2837,13:48:25,28.78,20146,7,买盘
2838,13:48:28,28.78,43170,15,卖盘
2839,13:48:31,28.76,86286,30,卖盘
2840,13:48:34,28.77,8631,3,卖盘
2841,13:48:37,28.76,14380,5,卖盘
2842,13:48:40,28.78,276197,96,买盘
2843,13:48:43,28.77,342343,119,卖盘
2844,13:48:46,28.77,80556,28,中性盘
2845,13:48:49,28.76,215725,75,卖盘
2846,13:48:52,28.76,284724,99,买盘
2847,13:48:55,28.76,11505,4,卖盘
2848,13:48:58,28.79,342253,119,买盘
2849,13:49:01,28.79,23030,8,买盘
2850,13:49:04,28.79,31669,11,买盘
2851,13:49:07,28.79,25911,9,买盘
2852,13:49:10,28.79,115159,40,买盘
2853,13:49:13,28.79,2879,1,买盘
2854,13:49:16,28.78,37421,13,卖盘
2855,13:49:19,28.8,498402,173,买盘
2856,13:49:22,28.8,138281,48,卖盘
2857,13:49:28,28.8,57600,20,卖盘
2858,13:49:31,28.8,120960,42,卖盘
2859,13:49:37,28.8,172800,60,卖盘
2860,13:49:40,28.8,28800,10,卖盘
2861,13:49:49,28.8,11520,4,卖盘
2862,13:49:52,28.83,43245,15,买盘
2863,13:49:58,28.83,8649,3,卖盘
2864,13:50:01,28.8,2880,1,卖盘
2865,13:50:13,28.81,144050,50,卖盘
2866,13:50:16,28.82,2882,1,买盘
2867,13:50:22,28.82,11528,4,买盘
2868,13:50:28,28.82,115280,40,买盘
2869,13:50:31,28.81,204569,71,卖盘
2870,13:50:37,28.83,5766,2,买盘
2871,13:50:40,28.81,40337,14,卖盘
2872,13:50:43,28.82,2882,1,中性盘
2873,13:50:52,28.8,233330,81,卖盘
2874,13:50:55,28.81,8643,3,中性盘
2875,13:50:58,28.82,25930,9,买盘
2876,13:51:01,28.8,259224,90,卖盘
2877,13:51:07,28.8,14400,5,卖盘
2878,13:51:10,28.81,43203,15,买盘
2879,13:51:13,28.81,14404,5,买盘
2880,13:51:16,28.81,126764,44,买盘
2881,13:51:19,28.81,8643,3,买盘
2882,13:51:22,28.81,25926,9,买盘
2883,13:51:25,28.81,46090,16,买盘
2884,13:51:28,28.8,23040,8,卖盘
2885,13:51:31,28.8,48962,17,卖盘
2886,13:51:34,28.8,20160,7,卖盘
2887,13:51:37,28.8,20160,7,卖盘
2888,13:51:43,28.81,57608,20,买盘
2889,13:51:46,28.81,34572,12,卖盘
2890,13:51:52,28.81,14405,5,卖盘
2891,13:51:55,28.81,28810,10,卖盘
2892,13:52:01,28.81,31693,11,卖盘
2893,13:52:04,28.81,17286,6,卖盘
2894,13:52:07,28.82,5764,2,买盘
2895,13:52:10,28.81,28810,10,卖盘
2896,13:52:13,28.8,5760,2,卖盘
2897,13:52:16,28.8,2880,1,卖盘
2898,13:52:19,28.81,437859,152,买盘
2899,13:52:25,28.8,60480,21,卖盘
2900,13:52:28,28.8,60480,21,卖盘
2901,13:52:31,28.81,92192,32,买盘
2902,13:52:34,28.8,20161,7,卖盘
2903,13:52:37,28.8,92180,32,卖盘
2904,13:52:40,28.81,11524,4,买盘
2905,13:52:43,28.8,371529,129,卖盘
2906,13:52:46,28.79,17274,6,卖盘
2907,13:52:49,28.8,43200,15,买盘
2908,13:52:52,28.79,135319,47,卖盘
2909,13:52:55,28.8,1218198,423,买盘
2910,13:53:01,28.8,92160,32,卖盘
2911,13:53:10,28.81,28810,10,买盘
2912,13:53:13,28.81,204503,71,买盘
2913,13:53:16,28.79,688312,239,卖盘
2914,13:53:19,28.8,25919,9,买盘
2915,13:53:22,28.78,57560,20,卖盘
2916,13:53:25,28.78,331170,115,卖盘
2917,13:53:28,28.77,126622,44,卖盘
2918,13:53:31,28.78,17268,6,买盘
2919,13:53:34,28.75,1719447,598,卖盘
2920,13:53:43,28.73,1879264,654,卖盘
2921,13:53:46,28.75,8625,3,中性盘
2922,13:53:49,28.73,293080,102,卖盘
2923,13:53:52,28.74,189686,66,卖盘
2924,13:53:55,28.78,2883535,1004,买盘
2925,13:53:58,28.78,11512,4,卖盘
2926,13:54:01,28.76,51787,18,卖盘
2927,13:54:04,28.76,112200,39,卖盘
2928,13:54:10,28.79,48926,17,买盘
2929,13:54:13,28.8,1624355,566,买盘
2930,13:54:16,28.78,14390,5,中性盘
2931,13:54:19,28.78,11512,4,卖盘
2932,13:54:22,28.79,20150,7,买盘
2933,13:54:25,28.78,17268,6,卖盘
2934,13:54:28,28.78,25907,9,卖盘
2935,13:54:31,28.78,11512,4,买盘
2936,13:54:34,28.78,34530,12,买盘
2937,13:54:37,28.78,63313,22,买盘
2938,13:54:40,28.78,117986,41,卖盘
2939,13:54:43,28.77,8631,3,卖盘
2940,13:54:46,28.76,77678,27,卖盘
2941,13:54:49,28.78,5756,2,买盘
2942,13:54:58,28.77,2877,1,中性盘
2943,13:55:04,28.77,40266,14,买盘
2944,13:55:07,28.76,20132,7,卖盘
2945,13:55:10,28.76,14380,5,卖盘
2946,13:55:13,28.76,34512,12,买盘
2947,13:55:16,28.75,69027,24,卖盘
2948,13:55:19,28.76,5751,2,买盘
2949,13:55:22,28.75,71875,25,卖盘
2950,13:55:25,28.76,192654,67,买盘
2951,13:55:28,28.75,57500,20,中性盘
2952,13:55:31,28.75,37387,13,中性盘
2953,13:55:37,28.74,91982,32,卖盘
2954,13:55:40,28.75,2875,1,中性盘
2955,13:55:43,28.74,2874,1,卖盘
2956,13:55:46,28.74,74724,26,卖盘
2957,13:55:49,28.73,8621,3,卖盘
2958,13:55:52,28.73,31603,11,买盘
2959,13:55:55,28.73,8619,3,卖盘
2960,13:55:58,28.71,57434,20,卖盘
2961,13:56:01,28.72,554351,193,买盘
2962,13:56:04,28.72,28720,10,卖盘
2963,13:56:07,28.71,1257526,438,卖盘
2964,13:56:10,28.71,1108206,386,买盘
2965,13:56:13,28.71,307232,107,买盘
2966,13:56:16,28.73,706274,246,买盘
2967,13:56:19,28.72,226889,79,中性盘
2968,13:56:22,28.73,89062,31,买盘
2969,13:56:25,28.75,2875,1,买盘
2970,13:56:28,28.73,106336,37,卖盘
2971,13:56:31,28.74,31604,11,中性盘
2972,13:56:34,28.75,350725,122,买盘
2973,13:56:37,28.76,5751,2,买盘
2974,13:56:40,28.76,17256,6,买盘
2975,13:56:43,28.76,23008,8,买盘
2976,13:56:46,28.76,132289,46,买盘
2977,13:56:52,28.75,31625,11,中性盘
2978,13:56:55,28.75,23000,8,卖盘
2979,13:56:58,28.75,51740,18,卖盘
2980,13:57:07,28.75,31615,11,买盘
2981,13:57:13,28.74,91980,32,卖盘
2982,13:57:16,28.75,143750,50,买盘
2983,13:57:19,28.74,51734,18,卖盘
2984,13:57:22,28.75,8625,3,买盘
2985,13:57:28,28.73,8619,3,卖盘
2986,13:57:31,28.75,336353,117,买盘
2987,13:57:34,28.75,557865,194,卖盘
2988,13:57:37,28.75,34500,12,买盘
2989,13:57:40,28.75,14375,5,买盘
2990,13:57:43,28.75,17247,6,买盘
2991,13:57:46,28.74,112094,39,卖盘
2992,13:57:49,28.74,94842,33,卖盘
2993,13:57:52,28.73,28730,10,卖盘
2994,13:57:58,28.74,146572,51,买盘
2995,13:58:01,28.74,114960,40,卖盘
2996,13:58:04,28.75,152359,53,买盘
2997,13:58:07,28.74,146574,51,卖盘
2998,13:58:10,28.74,158085,55,卖盘
2999,13:58:13,28.74,63228,22,卖盘
3000,13:58:16,28.73,43107,15,卖盘
3001,13:58:19,28.73,57471,20,卖盘
3002,13:58:22,28.74,241333,84,买盘
3003,13:58:25,28.75,793312,276,买盘
3004,13:58:28,28.75,232858,81,买盘
3005,13:58:31,28.73,120729,42,卖盘
3006,13:58:34,28.75,14375,5,卖盘
3007,13:58:40,28.75,14377,5,卖盘
3008,13:58:43,28.73,298804,104,卖盘
3009,13:58:46,28.75,31621,11,买盘
3010,13:58:49,28.75,8625,3,买盘
3011,13:58:52,28.75,155199,54,买盘
3012,13:58:55,28.76,721867,251,买盘
3013,13:59:01,28.77,2877,1,买盘
3014,13:59:07,28.77,28770,10,买盘
3015,13:59:10,28.77,5754,2,卖盘
3016,13:59:13,28.77,14385,5,卖盘
3017,13:59:16,28.77,23016,8,卖盘
3018,13:59:19,28.77,17262,6,卖盘
3019,13:59:22,28.77,40278,14,卖盘
3020,13:59:25,28.77,8631,3,买盘
3021,13:59:31,28.79,466251,162,买盘
3022,13:59:37,28.78,155425,54,卖盘
3023,13:59:40,28.78,14390,5,卖盘
3024,13:59:43,28.79,8637,3,中性盘
3025,13:59:46,28.8,483833,168,买盘
3026,13:59:49,28.81,66263,23,买盘
3027,13:59:52,28.8,100809,35,卖盘
3028,13:59:55,28.8,175744,61,卖盘
3029,13:59:58,28.82,5764,2,买盘
3030,14:00:07,28.83,69192,24,买盘
3031,14:00:10,28.84,43260,15,买盘
3032,14:00:13,28.85,565460,196,买盘
3033,14:00:16,28.85,233676,81,买盘
3034,14:00:19,28.85,207720,72,买盘
3035,14:00:22,28.85,121170,42,买盘
3036,14:00:25,28.85,562575,195,买盘
3037,14:00:28,28.89,531259,184,买盘
3038,14:00:31,28.9,265879,92,买盘
3039,14:00:34,28.88,57797,20,卖盘
3040,14:00:37,28.91,127192,44,买盘
3041,14:00:43,28.89,8667,3,卖盘
3042,14:00:46,28.9,216746,75,买盘
3043,14:00:49,28.9,17339,6,买盘
3044,14:00:52,28.91,49134,17,买盘
3045,14:00:55,28.9,26012,9,中性盘
3046,14:00:58,28.89,271565,94,卖盘
3047,14:01:01,28.89,37557,13,买盘
3048,14:01:04,28.88,190611,66,卖盘
3049,14:01:07,28.88,467799,162,卖盘
3050,14:01:10,28.88,2888,1,买盘
3051,14:01:13,28.86,14430,5,卖盘
3052,14:01:19,28.88,23107,8,卖盘
3053,14:01:25,28.89,196390,68,买盘
3054,14:01:28,28.88,106884,37,卖盘
3055,14:01:34,28.88,17328,6,卖盘
3056,14:01:37,28.88,63536,22,卖盘
3057,14:01:40,28.88,43320,15,卖盘
3058,14:01:43,28.87,2887,1,卖盘
3059,14:01:46,28.87,337914,117,卖盘
3060,14:01:49,28.89,63558,22,买盘
3061,14:01:52,28.9,57800,20,买盘
3062,14:01:55,28.9,52021,18,卖盘
3063,14:01:58,28.9,14450,5,卖盘
3064,14:02:01,28.93,260278,90,买盘
3065,14:02:04,28.92,31819,11,卖盘
3066,14:02:10,28.93,5786,2,卖盘
3067,14:02:13,28.95,31843,11,买盘
3068,14:02:16,28.95,28950,10,买盘
3069,14:02:19,28.92,23138,8,卖盘
3070,14:02:22,28.95,101329,35,买盘
3071,14:02:25,28.95,214066,74,买盘
3072,14:02:28,28.95,115800,40,卖盘
3073,14:02:31,28.96,20264,7,买盘
3074,14:02:34,28.95,2895,1,卖盘
3075,14:02:37,28.96,26068,9,买盘
3076,14:02:40,28.96,11584,4,卖盘
3077,14:02:43,28.97,14485,5,买盘
3078,14:02:46,28.97,37661,13,买盘
3079,14:02:52,28.97,11587,4,买盘
3080,14:02:55,28.96,98465,34,卖盘
3081,14:02:58,28.97,20273,7,买盘
3082,14:03:01,28.96,78200,27,买盘
3083,14:03:04,28.92,107071,37,卖盘
3084,14:03:07,28.92,14466,5,卖盘
3085,14:03:10,28.96,52102,18,买盘
3086,14:03:13,28.92,11576,4,卖盘
3087,14:03:16,28.93,98358,34,买盘
3088,14:03:19,28.94,601945,208,买盘
3089,14:03:22,28.96,14479,5,买盘
3090,14:03:25,28.97,60809,21,买盘
3091,14:03:31,28.96,5792,2,卖盘
3092,14:03:34,28.96,46349,16,卖盘
3093,14:03:37,28.96,2896,1,买盘
3094,14:03:40,28.96,8687,3,中性盘
3095,14:03:43,28.96,11584,4,买盘
3096,14:03:46,28.97,37649,13,买盘
3097,14:03:52,28.95,37645,13,卖盘
3098,14:03:55,28.97,2897,1,买盘
3099,14:03:58,28.96,136112,47,卖盘
3100,14:04:01,28.95,78165,27,卖盘
3101,14:04:04,28.93,141684,49,卖盘
3102,14:04:07,28.94,14466,5,买盘
3103,14:04:10,28.94,5788,2,买盘
3104,14:04:13,28.93,5786,2,买盘
3105,14:04:19,28.91,20237,7,卖盘
3106,14:04:25,28.94,5788,2,买盘
3107,14:04:28,28.91,5782,2,卖盘
3108,14:04:31,28.93,228325,79,中性盘
3109,14:04:34,28.91,234171,81,中性盘
3110,14:04:40,28.93,2893,1,买盘
3111,14:04:43,28.91,14456,5,卖盘
3112,14:04:46,28.92,8676,3,买盘
3113,14:04:52,28.93,11572,4,卖盘
3114,14:04:55,28.94,127354,44,买盘
3115,14:04:58,28.92,37601,13,卖盘
3116,14:05:01,28.92,2892,1,卖盘
3117,14:05:04,28.92,78084,27,卖盘
3118,14:05:10,28.91,225509,78,卖盘
3119,14:05:13,28.92,28920,10,卖盘
3120,14:05:22,28.94,23152,8,买盘
3121,14:05:25,28.94,14469,5,卖盘
3122,14:05:31,28.95,17366,6,买盘
3123,14:05:40,28.93,2893,1,卖盘
3124,14:05:49,28.94,8682,3,买盘
3125,14:05:52,28.95,52094,18,买盘
3126,14:05:55,28.94,89669,31,中性盘
3127,14:05:58,28.93,2893,1,卖盘
3128,14:06:01,28.93,309745,107,中性盘
3129,14:06:04,28.92,144649,50,卖盘
3130,14:06:07,28.92,23142,8,卖盘
3131,14:06:10,28.96,14472,5,买盘
3132,14:06:13,28.96,11584,4,买盘
3133,14:06:19,28.93,14466,5,卖盘
3134,14:06:22,28.95,170782,59,买盘
3135,14:06:25,28.93,188045,65,卖盘
3136,14:06:28,28.94,272036,94,买盘
3137,14:06:31,28.95,63690,22,买盘
3138,14:06:34,28.95,5790,2,买盘
3139,14:06:40,28.95,37635,13,买盘
3140,14:06:43,28.95,34729,12,买盘
3141,14:06:49,28.95,37635,13,买盘
3142,14:06:52,28.95,28950,10,卖盘
3143,14:06:55,28.96,2896,1,买盘
3144,14:06:58,28.95,5790,2,买盘
3145,14:07:01,28.94,2894,1,卖盘
3146,14:07:04,28.95,260447,90,买盘
3147,14:07:07,28.95,8685,3,买盘
3148,14:07:10,28.93,112829,39,卖盘
3149,14:07:13,28.94,14469,5,买盘
3150,14:07:19,28.92,14466,5,卖盘
3151,14:07:22,28.92,11568,4,卖盘
3152,14:07:25,28.94,292291,101,买盘
3153,14:07:28,28.95,28941,10,买盘
3154,14:07:31,28.92,17353,6,卖盘
3155,14:07:34,28.93,147548,51,卖盘
