,成交时间,成交价格,成交金额,成交量,性质
0,09:25:04,30.19,187178,62,卖盘
1,09:30:01,30.17,60343,20,卖盘
2,09:30:04,30.19,6038,2,中性盘
3,09:30:07,30.17,244516,81,卖盘
4,09:30:10,30.15,6030,2,卖盘
5,09:30:13,30.19,18108,6,买盘
6,09:30:16,30.19,15095,5,买盘
7,09:30:19,30.2,93553,31,买盘
8,09:30:22,30.15,48231,16,卖盘
9,09:30:25,30.12,132528,44,卖盘
10,09:30:28,30.1,33145,11,卖盘
11,09:30:31,30.15,132660,44,买盘
12,09:30:34,30.15,51249,17,买盘
13,09:30:37,30.15,60235,20,买盘
14,09:30:40,30.1,39143,13,卖盘
15,09:30:43,30.15,262211,87,买盘
16,09:30:46,30.1,72240,24,买盘
17,09:30:49,30.1,168456,56,买盘
18,09:30:52,30.04,108384,36,卖盘
19,09:30:55,30.05,117492,39,中性盘
20,09:30:58,30.1,396773,132,中性盘
21,09:31:01,30.1,63256,21,中性盘
22,09:31:04,30.17,33173,11,中性盘
23,09:31:07,30.16,376542,125,中性盘
24,09:31:10,30.15,138700,46,卖盘
25,09:31:13,30.15,171816,57,买盘
26,09:31:16,30.09,24109,8,卖盘
27,09:31:19,30.15,21087,7,买盘
28,09:31:25,30.1,3010,1,卖盘
29,09:31:28,30.07,111355,37,卖盘
30,09:31:31,30.13,90322,30,买盘
31,09:31:34,30.14,24101,8,中性盘
32,09:31:37,30.14,36174,12,卖盘
33,09:31:40,30.11,96425,32,卖盘
34,09:31:43,30.18,213976,71,买盘
35,09:31:46,30.12,27108,9,买盘
36,09:31:49,30.14,27126,9,买盘
37,09:31:52,30.15,6030,2,卖盘
38,09:31:55,30.18,6035,2,买盘
39,09:31:58,30.15,54286,18,卖盘
40,09:32:01,30.17,21109,7,买盘
41,09:32:04,30.16,12064,4,中性盘
42,09:32:07,30.14,3014,1,卖盘
43,09:32:10,30.09,273935,91,卖盘
44,09:32:13,30.05,54119,18,卖盘
45,09:32:16,30.03,48073,16,卖盘
46,09:32:19,30.03,21020,7,买盘
47,09:32:22,30.06,51072,17,买盘
48,09:32:25,30.11,15055,5,买盘
49,09:32:28,30.11,33101,11,买盘
50,09:32:31,30.11,84331,28,中性盘
51,09:32:37,30.13,18074,6,买盘
52,09:32:40,30.08,24067,8,卖盘
53,09:32:43,30.09,27080,9,中性盘
54,09:32:46,30.09,156707,52,中性盘
55,09:32:49,30.15,21095,7,买盘
56,09:32:52,30.09,3009,1,卖盘
57,09:32:55,30.09,6018,2,卖盘
58,09:32:58,30.08,30093,10,卖盘
59,09:33:01,30.09,51164,17,卖盘
60,09:33:04,30.06,72190,24,卖盘
61,09:33:07,30.08,78189,26,买盘
62,09:33:10,30.12,102326,34,买盘
63,09:33:16,30.09,66219,22,卖盘
64,09:33:19,30.09,72220,24,卖盘
65,09:33:22,30.08,33090,11,卖盘
66,09:33:25,30.09,12033,4,买盘
67,09:33:28,30.07,51127,17,卖盘
68,09:33:31,30.09,6018,2,买盘
69,09:33:34,30.08,138143,46,中性盘
70,09:33:37,30.08,24064,8,买盘
71,09:33:40,30.12,96361,32,买盘
72,09:33:43,30.12,21084,7,买盘
73,09:33:46,30.1,6022,2,卖盘
74,09:33:49,30.1,21070,7,卖盘
75,09:33:52,30.1,12038,4,买盘
76,09:33:55,30.09,6018,2,卖盘
77,09:33:58,30.09,57171,19,卖盘
78,09:34:04,30.08,12032,4,买盘
79,09:34:10,30.06,33089,11,卖盘
80,09:34:13,30.1,126398,42,买盘
81,09:34:19,30.13,243981,81,买盘
82,09:34:22,30.14,27128,9,中性盘
83,09:34:25,30.15,66300,22,买盘
84,09:34:31,30.18,120708,40,买盘
85,09:34:34,30.12,51206,17,卖盘
86,09:34:37,30.12,30120,10,买盘
87,09:34:40,30.12,48192,16,卖盘
88,09:34:43,30.16,18092,6,买盘
89,09:34:46,30.15,3015,1,卖盘
90,09:34:49,30.16,6031,2,买盘
91,09:34:52,30.15,9042,3,中性盘
92,09:34:55,30.11,30129,10,卖盘
93,09:34:58,30.15,6030,2,买盘
94,09:35:01,30.16,21107,7,买盘
95,09:35:04,30.15,6030,2,中性盘
96,09:35:07,30.12,15061,5,卖盘
97,09:35:10,30.11,36133,12,卖盘
98,09:35:13,30.12,36131,12,买盘
99,09:35:16,30.12,18072,6,买盘
100,09:35:19,30.12,57224,19,买盘
101,09:35:22,30.11,9033,3,中性盘
102,09:35:25,30.11,3011,1,买盘
103,09:35:28,30.12,6024,2,买盘
104,09:35:31,30.1,15050,5,卖盘
105,09:35:37,30.1,15056,5,卖盘
106,09:35:40,30.1,21070,7,卖盘
107,09:35:43,30.06,421133,140,卖盘
108,09:35:46,30.06,138282,46,买盘
109,09:35:49,30.04,78151,26,卖盘
110,09:35:52,30.08,9024,3,买盘
111,09:35:55,30.08,21056,7,买盘
112,09:36:01,30.1,12038,4,买盘
113,09:36:04,30.1,9029,3,买盘
114,09:36:10,30.11,36132,12,买盘
115,09:36:13,30.15,114508,38,买盘
116,09:36:16,30.19,18110,6,买盘
117,09:36:19,30.19,30185,10,买盘
118,09:36:22,30.19,6038,2,买盘
119,09:36:25,30.19,39200,13,买盘
120,09:36:31,30.15,45214,15,中性盘
121,09:36:34,30.12,3012,1,卖盘
122,09:36:37,30.12,6024,2,卖盘
123,09:36:40,30.14,9042,3,中性盘
124,09:36:43,30.12,3012,1,卖盘
125,09:36:49,30.12,6024,2,卖盘
126,09:36:52,30.12,27108,9,卖盘
127,09:36:55,30.11,90433,30,卖盘
128,09:36:58,30.12,3012,1,卖盘
129,09:37:04,30.12,9036,3,买盘
130,09:37:07,30.12,30120,10,买盘
131,09:37:10,30.12,111444,37,买盘
132,09:37:13,30.16,6032,2,买盘
133,09:37:19,30.16,6032,2,买盘
134,09:37:31,30.13,27117,9,卖盘
135,09:37:34,30.13,72312,24,买盘
136,09:37:43,30.14,21104,7,卖盘
137,09:37:46,30.14,15070,5,买盘
138,09:37:49,30.14,30140,10,买盘
139,09:37:52,30.14,12056,4,卖盘
140,09:38:01,30.13,15075,5,卖盘
141,09:38:07,30.16,27128,9,买盘
142,09:38:10,30.18,39233,13,买盘
143,09:38:16,30.17,3017,1,中性盘
144,09:38:19,30.18,51306,17,买盘
145,09:38:22,30.18,48276,16,买盘
146,09:38:25,30.18,39234,13,买盘
147,09:38:28,30.18,27162,9,买盘
148,09:38:31,30.17,15087,5,中性盘
149,09:38:34,30.19,36214,12,买盘
150,09:38:37,30.19,15095,5,买盘
151,09:38:40,30.2,12078,4,买盘
152,09:38:49,30.17,81450,27,卖盘
153,09:38:55,30.17,6034,2,买盘
154,09:38:58,30.17,15085,5,买盘
155,09:39:01,30.17,6034,2,买盘
156,09:39:07,30.13,105468,35,卖盘
157,09:39:10,30.12,24106,8,卖盘
158,09:39:19,30.12,114456,38,卖盘
159,09:39:22,30.11,207834,69,卖盘
160,09:39:25,30.14,42191,14,买盘
161,09:39:28,30.14,12056,4,买盘
162,09:39:34,30.17,271464,90,买盘
163,09:39:37,30.18,63359,21,买盘
164,09:39:43,30.18,9054,3,卖盘
165,09:39:46,30.18,6036,2,卖盘
166,09:39:52,30.18,54324,18,卖盘
167,09:39:55,30.18,39240,13,卖盘
168,09:40:01,30.2,18116,6,买盘
169,09:40:04,30.18,9058,3,卖盘
170,09:40:10,30.18,117703,39,卖盘
171,09:40:13,30.19,214283,71,买盘
172,09:40:16,30.19,12076,4,买盘
173,09:40:19,30.2,202235,67,买盘
174,09:40:22,30.19,30196,10,卖盘
175,09:40:25,30.19,6038,2,中性盘
176,09:40:28,30.17,21138,7,卖盘
177,09:40:40,30.17,78468,26,卖盘
178,09:40:43,30.18,9054,3,买盘
179,09:40:46,30.18,21122,7,买盘
180,09:40:55,30.18,24144,8,卖盘
181,09:41:01,30.18,3018,1,卖盘
182,09:41:04,30.18,12072,4,卖盘
183,09:41:07,30.18,42252,14,卖盘
184,09:41:10,30.17,93555,31,卖盘
185,09:41:13,30.18,18099,6,买盘
186,09:41:22,30.15,6030,2,卖盘
187,09:41:31,30.16,12064,4,卖盘
188,09:41:34,30.14,33164,11,卖盘
189,09:41:37,30.12,3012,1,卖盘
190,09:41:40,30.12,9036,3,卖盘
191,09:41:46,30.12,15060,5,卖盘
192,09:41:49,30.12,12048,4,卖盘
193,09:41:52,30.12,15060,5,卖盘
194,09:41:55,30.11,21079,7,卖盘
195,09:41:58,30.12,12048,4,买盘
196,09:42:04,30.11,18067,6,卖盘
197,09:42:10,30.12,6024,2,买盘
198,09:42:16,30.12,30112,10,买盘
199,09:42:19,30.1,15053,5,卖盘
200,09:42:22,30.1,3010,1,卖盘
201,09:42:25,30.08,12036,4,卖盘
202,09:42:43,30.08,3008,1,卖盘
203,09:42:46,30.08,42112,14,卖盘
204,09:42:49,30.08,15040,5,买盘
205,09:42:52,30.08,63176,21,买盘
206,09:42:55,30.09,6018,2,买盘
207,09:42:58,30.08,3008,1,卖盘
208,09:43:07,30.08,3008,1,卖盘
209,09:43:10,30.08,3008,1,卖盘
210,09:43:16,30.08,15040,5,卖盘
211,09:43:19,30.08,18048,6,卖盘
212,09:43:22,30.09,165457,55,买盘
213,09:43:25,30.09,48140,16,买盘
214,09:43:28,30.09,87261,29,买盘
215,09:43:31,30.1,6020,2,买盘
216,09:43:34,30.09,6018,2,卖盘
217,09:43:40,30.09,3009,1,卖盘
218,09:43:46,30.09,12036,4,卖盘
219,09:43:49,30.09,6018,2,卖盘
220,09:43:55,30.14,36158,12,买盘
221,09:44:01,30.11,33121,11,卖盘
222,09:44:04,30.11,15055,5,卖盘
223,09:44:07,30.11,51187,17,卖盘
224,09:44:10,30.1,21070,7,卖盘
225,09:44:19,30.09,39123,13,卖盘
226,09:44:22,30.11,9030,3,买盘
227,09:44:25,30.09,18054,6,卖盘
228,09:44:28,30.08,15040,5,卖盘
229,09:44:31,30.1,24084,8,卖盘
230,09:44:34,30.09,18044,6,买盘
231,09:44:37,30.09,24070,8,买盘
232,09:44:40,30.09,3009,1,买盘
233,09:44:46,30.08,3008,1,卖盘
234,09:44:52,30.07,12028,4,卖盘
235,09:45:01,30.1,6020,2,买盘
236,09:45:04,30.1,9030,3,买盘
237,09:45:13,30.12,6024,2,买盘
238,09:45:16,30.08,27072,9,卖盘
239,09:45:19,30.07,87204,29,卖盘
240,09:45:22,30.07,3007,1,卖盘
241,09:45:31,30.07,15035,5,卖盘
242,09:45:37,30.07,6014,2,卖盘
243,09:45:40,30.07,6014,2,卖盘
244,09:45:43,30.07,15035,5,卖盘
245,09:45:49,30.07,3007,1,卖盘
246,09:45:52,30.07,15033,5,买盘
247,09:45:58,30.06,42086,14,卖盘
248,09:46:01,30.06,30060,10,卖盘
249,09:46:04,30.05,210421,70,卖盘
250,09:46:07,30.05,39065,13,卖盘
251,09:46:10,30.07,312624,104,买盘
252,09:46:13,30.07,39091,13,买盘
253,09:46:16,30.05,102182,34,卖盘
254,09:46:19,30.05,51079,17,买盘
255,09:46:25,30.04,21028,7,卖盘
256,09:46:37,30.03,9009,3,卖盘
257,09:46:43,30.02,6004,2,卖盘
258,09:46:52,30.02,9006,3,卖盘
259,09:46:55,30.01,138066,46,卖盘
260,09:46:58,30.0,105000,35,卖盘
261,09:47:01,30.0,54000,18,卖盘
262,09:47:04,30.0,69017,23,卖盘
263,09:47:07,30.01,147049,49,买盘
264,09:47:13,30.01,3001,1,卖盘
265,09:47:16,30.02,9006,3,买盘
266,09:47:19,30.02,9006,3,买盘
267,09:47:22,30.01,24013,8,卖盘
268,09:47:25,30.02,6003,2,买盘
269,09:47:28,30.02,69046,23,买盘
270,09:47:31,30.03,21021,7,买盘
271,09:47:37,30.05,3005,1,买盘
272,09:47:40,30.03,3003,1,中性盘
273,09:47:46,30.05,6010,2,买盘
274,09:47:49,30.05,12020,4,买盘
275,09:47:52,30.05,12020,4,买盘
276,09:48:01,30.03,6006,2,卖盘
277,09:48:04,30.05,9015,3,买盘
278,09:48:07,30.05,6010,2,买盘
279,09:48:10,30.03,42042,14,卖盘
280,09:48:13,30.02,195130,65,卖盘
281,09:48:16,30.0,84014,28,卖盘
282,09:48:19,30.01,3001,1,中性盘
283,09:48:31,30.01,6002,2,买盘
284,09:48:40,30.01,3001,1,卖盘
285,09:48:46,30.01,6002,2,卖盘
286,09:48:49,30.02,27016,9,买盘
287,09:48:58,30.03,3003,1,买盘
288,09:49:07,30.02,3002,1,卖盘
289,09:49:10,30.02,84064,28,卖盘
290,09:49:13,30.01,144086,48,卖盘
291,09:49:16,30.01,99025,33,卖盘
292,09:49:19,30.0,54000,18,卖盘
293,09:49:22,30.0,6000,2,卖盘
294,09:49:34,30.01,3001,1,买盘
295,09:49:37,30.01,6002,2,买盘
296,09:49:40,30.01,78004,26,买盘
297,09:49:43,30.0,159006,53,卖盘
298,09:49:46,30.01,3001,1,卖盘
299,09:49:49,30.01,3001,1,卖盘
300,09:49:52,30.01,9003,3,卖盘
301,09:49:58,30.0,48000,16,卖盘
302,09:50:01,30.0,96000,32,卖盘
303,09:50:04,30.0,45000,15,卖盘
304,09:50:13,29.99,17994,6,卖盘
305,09:50:16,29.99,71976,24,卖盘
306,09:50:19,29.99,17994,6,卖盘
307,09:50:22,29.99,44985,15,卖盘
308,09:50:25,29.97,62965,21,卖盘
309,09:50:31,29.96,14983,5,卖盘
310,09:50:46,29.97,8991,3,买盘
311,09:50:49,29.98,26982,9,买盘
312,09:50:52,30.05,30002,10,买盘
313,09:50:55,29.98,23986,8,卖盘
314,09:50:58,29.98,110926,37,卖盘
315,09:51:10,29.96,5993,2,卖盘
316,09:51:13,29.96,2996,1,卖盘
317,09:51:16,29.97,41960,14,卖盘
318,09:51:19,29.96,23969,8,卖盘
319,09:51:22,29.96,8989,3,卖盘
320,09:51:25,29.95,131797,44,卖盘
321,09:51:31,29.95,338441,113,卖盘
322,09:51:34,29.93,122739,41,卖盘
323,09:51:37,29.95,14989,5,中性盘
324,09:51:40,29.95,53902,18,卖盘
325,09:51:49,29.98,86862,29,买盘
326,09:51:52,29.96,26964,9,卖盘
327,09:51:55,29.98,20986,7,买盘
328,09:51:58,29.96,50938,17,卖盘
329,09:52:01,29.98,5996,2,买盘
330,09:52:04,29.98,2998,1,买盘
331,09:52:07,29.98,11992,4,买盘
332,09:52:10,29.98,8994,3,买盘
333,09:52:13,29.98,5996,2,买盘
334,09:52:19,29.99,8997,3,买盘
335,09:52:31,30.0,15000,5,买盘
336,09:52:37,29.99,41996,14,卖盘
337,09:52:40,30.0,6000,2,中性盘
338,09:52:43,30.01,21006,7,买盘
339,09:52:46,30.02,6004,2,买盘
340,09:52:49,30.01,27009,9,卖盘
341,09:52:52,29.99,29994,10,卖盘
342,09:52:55,29.98,23984,8,卖盘
343,09:53:04,29.98,2998,1,卖盘
344,09:53:10,29.99,2999,1,买盘
345,09:53:13,30.0,11996,4,买盘
346,09:53:25,30.01,24004,8,买盘
347,09:53:28,30.01,18006,6,买盘
348,09:53:31,30.02,36024,12,买盘
349,09:53:34,30.02,24022,8,卖盘
350,09:53:37,30.02,9006,3,卖盘
351,09:53:43,30.05,57082,19,买盘
352,09:53:46,30.02,141158,47,卖盘
353,09:53:49,30.02,48037,16,买盘
354,09:53:52,30.02,30020,10,买盘
355,09:53:55,30.02,33025,11,卖盘
356,09:53:58,30.02,54019,18,买盘
357,09:54:01,30.02,81014,27,买盘
358,09:54:04,30.01,12004,4,中性盘
359,09:54:07,30.02,69044,23,买盘
360,09:54:16,30.02,18012,6,买盘
361,09:54:19,30.02,78052,26,买盘
362,09:54:22,30.03,48038,16,买盘
363,09:54:25,30.03,12012,4,买盘
364,09:54:28,30.03,9009,3,买盘
365,09:54:31,30.03,36045,12,卖盘
366,09:54:34,30.02,3002,1,卖盘
367,09:54:37,30.02,36024,12,卖盘
368,09:54:40,30.03,21021,7,买盘
369,09:54:43,30.03,36036,12,买盘
370,09:54:46,30.01,21011,7,卖盘
371,09:54:49,30.03,9009,3,买盘
372,09:54:52,30.04,3004,1,买盘
373,09:54:55,30.04,18015,6,买盘
374,09:54:58,30.04,84027,28,买盘
375,09:55:01,30.02,6005,2,卖盘
376,09:55:04,30.02,33040,11,卖盘
377,09:55:07,30.04,12016,4,买盘
378,09:55:10,30.02,27022,9,卖盘
379,09:55:19,29.99,14999,5,卖盘
380,09:55:28,29.99,5999,2,卖盘
381,09:55:31,29.99,2999,1,卖盘
382,09:55:34,29.99,149951,50,卖盘
383,09:55:46,30.0,3000,1,买盘
384,09:55:49,30.0,107953,36,买盘
385,09:55:55,30.01,9003,3,买盘
386,09:55:58,30.02,3002,1,买盘
387,09:56:01,30.01,69015,23,卖盘
388,09:56:04,30.0,3000,1,买盘
389,09:56:16,30.01,9003,3,买盘
390,09:56:19,30.01,15005,5,买盘
391,09:56:22,30.02,212793,71,买盘
392,09:56:40,30.02,3002,1,买盘
393,09:56:46,30.02,6004,2,买盘
394,09:56:58,30.02,75050,25,买盘
395,09:57:01,30.04,12014,4,买盘
396,09:57:04,30.04,39044,13,买盘
397,09:57:07,30.05,6010,2,买盘
398,09:57:25,30.07,96208,32,买盘
399,09:57:28,30.07,21049,7,买盘
400,09:57:31,30.07,15037,5,卖盘
401,09:57:37,30.06,6012,2,卖盘
402,09:57:40,30.07,21047,7,买盘
403,09:57:43,30.07,9021,3,买盘
404,09:57:46,30.08,9024,3,买盘
405,09:57:49,30.01,240329,80,卖盘
406,09:57:52,30.03,15015,5,卖盘
407,09:57:55,30.09,27077,9,买盘
408,09:58:04,30.08,6016,2,买盘
409,09:58:07,30.09,15045,5,买盘
410,09:58:10,30.1,18057,6,买盘
411,09:58:13,30.1,3010,1,买盘
412,09:58:16,30.11,27092,9,买盘
413,09:58:19,30.1,33113,11,中性盘
414,09:58:22,30.1,27090,9,买盘
415,09:58:25,30.11,15051,5,买盘
416,09:58:28,30.11,9033,3,卖盘
417,09:58:34,30.11,405529,135,中性盘
418,09:58:37,30.1,93339,31,卖盘
419,09:58:40,30.12,105382,35,买盘
420,09:58:43,30.12,114456,38,买盘
421,09:58:46,30.12,45180,15,买盘
422,09:58:49,30.15,9041,3,买盘
423,09:58:55,30.15,6030,2,买盘
424,09:58:58,30.14,12056,4,卖盘
425,09:59:01,30.14,66294,22,卖盘
426,09:59:04,30.14,24112,8,买盘
427,09:59:07,30.16,15079,5,买盘
428,09:59:10,30.14,87446,29,卖盘
429,09:59:13,30.14,12056,4,买盘
430,09:59:16,30.19,75421,25,买盘
431,09:59:19,30.16,6032,2,中性盘
432,09:59:22,30.12,45204,15,卖盘
433,09:59:25,30.12,304628,101,卖盘
434,09:59:46,30.12,27108,9,卖盘
435,10:00:01,30.12,3012,1,卖盘
436,10:00:04,30.12,66264,22,卖盘
437,10:00:10,30.11,9031,3,中性盘
438,10:00:13,30.12,9032,3,买盘
439,10:00:16,30.11,9031,3,中性盘
440,10:00:19,30.09,33110,11,卖盘
441,10:00:25,30.09,66198,22,卖盘
442,10:00:28,30.09,6018,2,买盘
443,10:00:31,30.08,15040,5,卖盘
444,10:00:34,30.08,21056,7,买盘
445,10:00:37,30.08,18052,6,卖盘
446,10:00:40,30.11,6022,2,买盘
447,10:00:46,30.08,27072,9,卖盘
448,10:00:49,30.05,33059,11,卖盘
449,10:00:52,30.05,6010,2,卖盘
450,10:00:55,30.07,3007,1,买盘
451,10:00:58,30.07,6014,2,买盘
452,10:01:07,30.07,6014,2,买盘
453,10:01:10,30.08,9024,3,买盘
454,10:01:13,30.1,36110,12,买盘
455,10:01:16,30.08,36113,12,卖盘
456,10:01:19,30.07,36107,12,卖盘
457,10:01:22,30.08,15040,5,中性盘
458,10:01:28,30.07,33081,11,中性盘
459,10:01:31,30.08,3008,1,买盘
460,10:01:37,30.08,3008,1,买盘
461,10:01:49,30.05,18030,6,卖盘
462,10:01:52,30.05,27042,9,卖盘
463,10:01:55,30.04,45060,15,卖盘
464,10:02:01,30.05,33047,11,买盘
465,10:02:04,30.05,12020,4,中性盘
466,10:02:07,30.06,81137,27,买盘
467,10:02:10,30.06,18036,6,买盘
468,10:02:13,30.06,15030,5,买盘
469,10:02:16,30.06,15030,5,买盘
470,10:02:19,30.08,9024,3,买盘
471,10:02:22,30.08,3008,1,买盘
472,10:02:25,30.08,12032,4,买盘
473,10:02:31,30.07,18042,6,卖盘
474,10:02:34,30.08,21056,7,买盘
475,10:02:37,30.08,36094,12,卖盘
476,10:02:40,30.06,30060,10,卖盘
477,10:02:43,30.08,48126,16,买盘
478,10:02:46,30.08,60160,20,卖盘
479,10:03:07,30.06,9016,3,买盘
480,10:03:10,30.06,24046,8,买盘
481,10:03:19,30.06,9018,3,买盘
482,10:03:25,30.08,3008,1,买盘
483,10:03:28,30.08,3008,1,买盘
484,10:03:31,30.08,3008,1,买盘
485,10:03:40,30.08,48116,16,买盘
486,10:03:52,30.09,3009,1,买盘
487,10:04:04,30.09,3009,1,买盘
488,10:04:07,30.1,129383,43,买盘
489,10:04:10,30.12,21084,7,买盘
490,10:04:16,30.1,6020,2,卖盘
491,10:04:22,30.12,18072,6,买盘
492,10:04:25,30.12,6024,2,买盘
493,10:04:31,30.12,18072,6,买盘
494,10:04:37,30.13,21086,7,买盘
495,10:04:40,30.1,3010,1,卖盘
496,10:04:46,30.08,48140,16,卖盘
497,10:04:52,30.12,51171,17,买盘
498,10:05:01,30.12,3012,1,买盘
499,10:05:04,30.13,144603,48,买盘
500,10:05:07,30.13,48208,16,卖盘
501,10:05:10,30.14,6028,2,买盘
502,10:05:16,30.14,6028,2,买盘
503,10:05:22,30.14,9042,3,买盘
504,10:05:31,30.14,27126,9,买盘
505,10:05:34,30.14,3014,1,买盘
506,10:05:40,30.13,6027,2,卖盘
507,10:05:49,30.13,39169,13,卖盘
508,10:05:52,30.13,18078,6,买盘
509,10:05:55,30.04,361020,120,卖盘
510,10:06:04,30.08,3008,1,卖盘
511,10:06:07,30.13,18075,6,买盘
512,10:06:16,30.03,150313,50,卖盘
513,10:06:19,30.03,30018,10,卖盘
514,10:06:22,29.98,1058477,353,卖盘
515,10:06:25,29.99,35972,12,买盘
516,10:06:28,29.99,101922,34,买盘
517,10:06:31,29.99,2999,1,买盘
518,10:06:34,29.99,5998,2,买盘
519,10:06:37,29.96,68920,23,卖盘
520,10:06:40,29.96,56935,19,卖盘
521,10:06:49,29.94,71860,24,卖盘
522,10:06:58,29.93,26940,9,卖盘
523,10:07:01,29.95,2995,1,买盘
524,10:07:04,29.92,23940,8,卖盘
525,10:07:07,29.96,395429,132,买盘
526,10:07:13,29.93,59860,20,买盘
527,10:07:16,29.95,5990,2,中性盘
528,10:07:19,29.95,11980,4,买盘
529,10:07:25,29.95,11980,4,买盘
530,10:07:28,29.95,26955,9,买盘
531,10:07:31,29.93,23950,8,卖盘
532,10:07:37,29.94,11975,4,买盘
533,10:07:43,29.93,56867,19,卖盘
534,10:07:46,29.93,2993,1,卖盘
535,10:07:55,29.93,128699,43,卖盘
536,10:08:01,29.92,182513,61,卖盘
537,10:08:04,29.92,29920,10,卖盘
538,10:08:07,29.92,59840,20,买盘
539,10:08:13,29.91,89730,30,卖盘
540,10:08:16,29.92,8976,3,买盘
541,10:08:19,29.92,2992,1,卖盘
542,10:08:31,29.92,2992,1,卖盘
543,10:08:34,29.93,17958,6,买盘
544,10:08:37,29.93,14965,5,买盘
545,10:08:43,29.93,8979,3,买盘
546,10:08:49,29.92,50864,17,卖盘
547,10:08:52,29.92,11968,4,买盘
548,10:08:55,29.91,26923,9,卖盘
549,10:09:01,29.93,44895,15,买盘
550,10:09:07,29.93,5986,2,买盘
551,10:09:10,29.93,2993,1,买盘
552,10:09:13,29.92,5984,2,卖盘
553,10:09:19,29.93,119686,40,买盘
554,10:09:22,29.91,26929,9,卖盘
555,10:09:25,29.92,14960,5,卖盘
556,10:09:28,29.92,2992,1,买盘
557,10:09:31,29.92,2992,1,买盘
558,10:09:34,29.92,41881,14,买盘
559,10:09:37,29.91,2991,1,卖盘
560,10:09:40,29.91,176469,59,卖盘
561,10:09:43,29.91,14955,5,卖盘
562,10:09:46,29.91,92704,31,卖盘
563,10:09:52,29.9,284060,95,卖盘
564,10:09:55,29.9,26915,9,卖盘
565,10:10:07,29.9,14950,5,卖盘
566,10:10:13,29.91,20937,7,买盘
567,10:10:16,29.91,53833,18,买盘
568,10:10:19,29.91,62811,21,买盘
569,10:10:22,29.9,80735,27,卖盘
570,10:10:28,29.91,2991,1,买盘
571,10:10:31,29.9,14950,5,卖盘
572,10:10:34,29.87,2009131,672,卖盘
573,10:10:37,29.87,161298,54,卖盘
574,10:10:40,29.87,2987,1,卖盘
575,10:10:43,29.86,5972,2,卖盘
576,10:10:49,29.86,77636,26,卖盘
577,10:10:52,29.85,17915,6,卖盘
578,10:10:55,29.87,5974,2,买盘
579,10:11:04,29.86,53748,18,卖盘
580,10:11:07,29.85,155236,52,卖盘
581,10:11:10,29.86,8959,3,中性盘
582,10:11:16,29.85,5971,2,卖盘
583,10:11:19,29.85,116415,39,卖盘
584,10:11:22,29.85,59700,20,卖盘
585,10:11:25,29.85,2985,1,卖盘
586,10:11:28,29.85,131340,44,卖盘
587,10:11:31,29.85,2985,1,卖盘
588,10:11:34,29.85,68655,23,卖盘
589,10:11:37,29.85,74626,25,卖盘
590,10:11:40,29.85,74635,25,卖盘
591,10:11:43,29.85,5970,2,卖盘
592,10:11:46,29.85,14925,5,卖盘
593,10:11:49,29.86,143323,48,买盘
594,10:11:58,29.87,26883,9,买盘
595,10:12:01,29.88,74658,25,买盘
596,10:12:04,29.86,5972,2,卖盘
597,10:12:10,29.87,5973,2,中性盘
598,10:12:19,29.86,107506,36,卖盘
599,10:12:25,29.86,2986,1,卖盘
600,10:12:31,29.87,29870,10,买盘
601,10:12:34,29.87,113505,38,买盘
602,10:12:37,29.87,38831,13,卖盘
603,10:12:40,29.87,8960,3,卖盘
604,10:12:43,29.86,11946,4,卖盘
605,10:12:46,29.87,56753,19,买盘
606,10:12:58,29.87,44805,15,买盘
607,10:13:01,29.86,2986,1,卖盘
608,10:13:07,29.87,5974,2,卖盘
609,10:13:34,29.88,2988,1,买盘
610,10:13:37,29.89,80700,27,买盘
611,10:13:40,29.9,5980,2,买盘
612,10:13:43,29.93,14955,5,买盘
613,10:13:49,29.93,11972,4,买盘
614,10:13:52,29.93,5986,2,买盘
615,10:13:55,29.93,8979,3,买盘
616,10:13:58,29.93,5986,2,买盘
617,10:14:01,29.92,2992,1,买盘
618,10:14:04,29.92,101721,34,买盘
619,10:14:13,29.93,23941,8,买盘
620,10:14:19,29.91,359022,120,卖盘
621,10:14:22,29.91,26919,9,买盘
622,10:14:40,29.91,20937,7,买盘
623,10:14:46,29.9,59807,20,卖盘
624,10:14:49,29.9,11960,4,卖盘
625,10:14:55,29.9,2990,1,买盘
626,10:14:58,29.9,2990,1,买盘
627,10:15:04,29.9,8970,3,买盘
628,10:15:07,29.9,128549,43,买盘
629,10:15:10,29.9,32890,11,买盘
630,10:15:13,29.9,20930,7,买盘
631,10:15:16,29.9,11960,4,买盘
632,10:15:19,29.9,2990,1,买盘
633,10:15:22,29.93,14963,5,买盘
634,10:15:28,29.9,17940,6,卖盘
635,10:15:31,29.9,56810,19,卖盘
636,10:15:37,29.9,8970,3,卖盘
637,10:15:40,29.9,8970,3,买盘
638,10:15:43,29.9,74750,25,买盘
639,10:15:49,29.9,71760,24,卖盘
640,10:15:52,29.93,2993,1,买盘
641,10:15:55,29.93,8979,3,买盘
642,10:15:58,29.93,35910,12,买盘
643,10:16:01,29.93,26937,9,买盘
644,10:16:04,29.93,2993,1,买盘
645,10:16:13,29.92,17952,6,卖盘
646,10:16:16,29.92,11968,4,买盘
647,10:16:19,29.92,17952,6,买盘
648,10:16:22,29.92,170451,57,买盘
649,10:16:25,29.92,2992,1,买盘
650,10:16:28,29.92,32912,11,买盘
651,10:16:31,29.91,80770,27,卖盘
652,10:16:37,29.93,5986,2,买盘
653,10:16:40,29.92,5984,2,卖盘
654,10:16:46,29.92,41888,14,卖盘
655,10:16:49,29.91,14955,5,卖盘
656,10:16:55,29.91,2991,1,买盘
657,10:16:58,29.9,32891,11,卖盘
658,10:17:01,29.9,50832,17,卖盘
659,10:17:07,29.9,5980,2,买盘
660,10:17:16,29.89,35868,12,卖盘
661,10:17:19,29.89,2989,1,卖盘
662,10:17:22,29.89,62769,21,卖盘
663,10:17:25,29.89,35868,12,买盘
664,10:17:31,29.89,5978,2,买盘
665,10:17:34,29.89,5978,2,买盘
666,10:17:37,29.89,5978,2,买盘
667,10:17:40,29.88,68724,23,卖盘
668,10:17:46,29.88,59760,20,卖盘
669,10:17:52,29.88,8964,3,卖盘
670,10:17:58,29.87,92597,31,卖盘
671,10:18:01,29.87,23896,8,卖盘
672,10:18:04,29.87,53766,18,卖盘
673,10:18:10,29.87,20913,7,卖盘
674,10:18:13,29.89,41844,14,买盘
675,10:18:16,29.86,71674,24,卖盘
676,10:18:22,29.89,2989,1,买盘
677,10:18:28,29.9,143497,48,买盘
678,10:18:34,29.9,74752,25,卖盘
679,10:18:37,29.89,14945,5,卖盘
680,10:18:43,29.87,20911,7,卖盘
681,10:18:58,29.87,2987,1,卖盘
682,10:19:01,29.87,14935,5,卖盘
683,10:19:07,29.87,5974,2,卖盘
684,10:19:19,29.87,80649,27,卖盘
685,10:19:22,29.87,44816,15,卖盘
686,10:19:25,29.87,8961,3,卖盘
687,10:19:28,29.88,2988,1,买盘
688,10:19:31,29.87,17922,6,卖盘
689,10:19:34,29.87,5974,2,卖盘
690,10:19:37,29.87,5974,2,卖盘
691,10:19:40,29.87,29870,10,卖盘
692,10:19:43,29.87,74675,25,卖盘
693,10:19:46,29.87,11948,4,买盘
694,10:19:49,29.87,11948,4,买盘
695,10:19:52,29.88,14940,5,买盘
696,10:19:55,29.89,53789,18,买盘
697,10:19:58,29.89,5978,2,买盘
698,10:20:01,29.89,8967,3,买盘
699,10:20:04,29.91,41850,14,买盘
700,10:20:07,29.92,23930,8,买盘
701,10:20:10,29.91,2991,1,卖盘
702,10:20:13,29.92,14960,5,买盘
703,10:20:16,29.91,26933,9,卖盘
704,10:20:19,29.93,26937,9,买盘
705,10:20:31,29.93,35908,12,买盘
706,10:20:40,29.9,23920,8,卖盘
707,10:20:49,29.89,17935,6,卖盘
708,10:20:58,29.89,11956,4,中性盘
709,10:21:04,29.9,2990,1,买盘
710,10:21:07,29.89,11956,4,卖盘
711,10:21:10,29.9,2990,1,买盘
712,10:21:16,29.89,2989,1,买盘
713,10:21:22,29.88,107597,36,卖盘
714,10:21:31,29.89,5978,2,卖盘
715,10:21:34,29.9,2990,1,买盘
716,10:21:37,29.89,23913,8,卖盘
717,10:21:46,29.89,11956,4,买盘
718,10:21:49,29.88,8964,3,卖盘
719,10:21:52,29.88,65754,22,中性盘
720,10:21:55,29.88,41832,14,卖盘
721,10:21:58,29.89,5978,2,买盘
722,10:22:01,29.88,56772,19,卖盘
723,10:22:04,29.87,26884,9,卖盘
724,10:22:07,29.88,11952,4,买盘
725,10:22:13,29.88,2988,1,买盘
726,10:22:19,29.88,2988,1,买盘
727,10:22:22,29.87,14939,5,卖盘
728,10:22:25,29.87,5974,2,卖盘
729,10:22:34,29.88,5976,2,买盘
730,10:22:37,29.88,35856,12,买盘
731,10:22:40,29.88,14940,5,买盘
732,10:22:49,29.88,104556,35,买盘
733,10:22:52,29.88,5976,2,买盘
734,10:22:55,29.88,23904,8,买盘
735,10:22:58,29.88,8964,3,买盘
736,10:23:01,29.88,65746,22,买盘
737,10:23:04,29.88,44810,15,买盘
738,10:23:07,29.87,29889,10,卖盘
739,10:23:10,29.9,14950,5,买盘
740,10:23:13,29.9,8970,3,买盘
741,10:23:22,29.88,56772,19,卖盘
742,10:23:25,29.88,8964,3,买盘
743,10:23:31,29.87,206103,69,卖盘
744,10:23:34,29.88,11952,4,买盘
745,10:23:40,29.88,137388,46,买盘
746,10:23:49,29.86,71664,24,卖盘
747,10:23:52,29.86,26874,9,卖盘
748,10:24:04,29.86,119440,40,卖盘
749,10:24:07,29.86,176174,59,卖盘
750,10:24:10,29.86,191104,64,卖盘
751,10:24:13,29.86,38820,13,卖盘
752,10:24:16,29.86,5972,2,卖盘
753,10:24:19,29.86,403110,135,卖盘
754,10:24:22,29.86,87490,29,卖盘
755,10:24:25,29.85,65677,22,卖盘
756,10:24:28,29.87,5973,2,买盘
757,10:24:40,29.85,5970,2,卖盘
758,10:24:43,29.86,20907,7,中性盘
759,10:24:49,29.85,53730,18,卖盘
760,10:24:55,29.85,110445,37,卖盘
761,10:24:58,29.85,29850,10,卖盘
762,10:25:01,29.85,35825,12,卖盘
763,10:25:04,29.85,14029,5,卖盘
764,10:25:13,29.84,29840,10,卖盘
765,10:25:22,29.84,29840,10,卖盘
766,10:25:28,29.84,62664,21,卖盘
767,10:25:34,29.85,2985,1,买盘
768,10:25:43,29.85,2985,1,买盘
769,10:25:46,29.84,50728,17,卖盘
770,10:25:49,29.84,50738,17,卖盘
771,10:25:52,29.84,2984,1,卖盘
772,10:25:55,29.84,14920,5,卖盘
773,10:25:58,29.85,35820,12,买盘
774,10:26:07,29.84,47744,16,卖盘
775,10:26:10,29.84,20890,7,卖盘
776,10:26:16,29.84,17905,6,卖盘
777,10:26:19,29.85,17910,6,买盘
778,10:26:25,29.85,2985,1,买盘
779,10:26:37,29.85,77594,26,买盘
780,10:26:43,29.85,20895,7,买盘
781,10:26:46,29.85,11940,4,买盘
782,10:26:52,29.85,29850,10,买盘
783,10:27:01,29.85,2985,1,买盘
784,10:27:04,29.85,2985,1,买盘
785,10:27:07,29.82,1008465,338,卖盘
786,10:27:10,29.82,41757,14,卖盘
787,10:27:13,29.81,298190,100,卖盘
788,10:27:16,29.82,20869,7,买盘
789,10:27:22,29.82,2982,1,买盘
790,10:27:25,29.82,41742,14,买盘
791,10:27:28,29.82,17892,6,买盘
792,10:27:34,29.82,11928,4,买盘
793,10:27:37,29.81,178860,60,卖盘
794,10:27:40,29.81,17886,6,卖盘
795,10:27:43,29.81,83469,28,卖盘
796,10:27:46,29.81,14905,5,买盘
797,10:27:52,29.81,14905,5,买盘
798,10:27:55,29.81,2981,1,买盘
799,10:28:01,29.8,95360,32,卖盘
800,10:28:07,29.8,26820,9,卖盘
801,10:28:13,29.81,8943,3,买盘
802,10:28:16,29.8,62580,21,卖盘
803,10:28:22,29.8,20860,7,卖盘
804,10:28:25,29.8,50660,17,卖盘
805,10:28:28,29.81,11923,4,买盘
806,10:28:31,29.8,32780,11,卖盘
807,10:28:34,29.8,32780,11,卖盘
808,10:28:37,29.8,74500,25,卖盘
809,10:28:46,29.8,363560,122,卖盘
810,10:28:49,29.79,658594,221,卖盘
811,10:28:52,29.79,122139,41,卖盘
812,10:28:55,29.8,59593,20,买盘
813,10:29:01,29.79,2979,1,买盘
814,10:29:04,29.78,26809,9,卖盘
815,10:29:07,29.79,11916,4,买盘
816,10:29:10,29.78,14890,5,卖盘
817,10:29:13,29.78,169746,57,卖盘
818,10:29:16,29.77,5954,2,卖盘
819,10:29:19,29.77,26793,9,卖盘
820,10:29:22,29.78,5955,2,买盘
821,10:29:25,29.78,2978,1,买盘
822,10:29:28,29.76,59521,20,卖盘
823,10:29:37,29.78,26802,9,买盘
824,10:29:40,29.76,35724,12,卖盘
825,10:29:46,29.78,44650,15,买盘
826,10:29:49,29.76,89280,30,卖盘
827,10:29:52,29.76,11908,4,卖盘
828,10:29:55,29.78,11912,4,买盘
829,10:30:01,29.76,2976,1,卖盘
830,10:30:04,29.78,11912,4,买盘
831,10:30:07,29.78,11912,4,买盘
832,10:30:10,29.78,14890,5,买盘
833,10:30:13,29.78,38709,13,买盘
834,10:30:16,29.76,80376,27,卖盘
835,10:30:19,29.78,41692,14,买盘
836,10:30:22,29.77,35729,12,卖盘
837,10:30:25,29.78,11912,4,买盘
838,10:30:28,29.77,26793,9,卖盘
839,10:30:31,29.78,2978,1,买盘
840,10:30:34,29.78,5956,2,买盘
841,10:30:37,29.77,29772,10,卖盘
842,10:30:40,29.77,5954,2,买盘
843,10:30:43,29.77,20837,7,买盘
844,10:30:46,29.77,5954,2,买盘
845,10:30:52,29.76,65472,22,卖盘
846,10:31:01,29.77,2977,1,买盘
847,10:31:04,29.77,8931,3,买盘
848,10:31:13,29.77,127973,43,买盘
849,10:31:19,29.77,2977,1,买盘
850,10:31:22,29.76,56546,19,卖盘
851,10:31:31,29.76,11904,4,卖盘
852,10:31:34,29.77,14882,5,买盘
853,10:31:37,29.76,23808,8,卖盘
854,10:31:40,29.77,56548,19,买盘
855,10:31:43,29.76,2976,1,卖盘
856,10:31:52,29.76,41664,14,卖盘
857,10:31:55,29.76,104160,35,卖盘
858,10:31:58,29.76,59520,20,卖盘
859,10:32:01,29.76,2976,1,买盘
860,10:32:04,29.76,139872,47,买盘
861,10:32:07,29.77,238013,80,买盘
862,10:32:16,29.76,145784,49,买盘
863,10:32:19,29.76,5952,2,买盘
864,10:32:22,29.76,23806,8,买盘
865,10:32:25,29.75,101152,34,卖盘
866,10:32:31,29.75,2975,1,卖盘
867,10:32:34,29.74,556220,187,卖盘
868,10:32:37,29.7,588347,198,卖盘
869,10:32:40,29.68,876142,295,卖盘
870,10:32:43,29.68,71244,24,卖盘
871,10:32:46,29.7,2970,1,买盘
872,10:32:49,29.68,100926,34,卖盘
873,10:32:52,29.68,5936,2,买盘
874,10:32:55,29.68,32648,11,买盘
875,10:32:58,29.68,5936,2,买盘
876,10:33:01,29.66,56357,19,卖盘
877,10:33:04,29.66,8898,3,卖盘
878,10:33:10,29.66,88957,30,买盘
879,10:33:13,29.62,124436,42,卖盘
880,10:33:16,29.66,148300,50,买盘
881,10:33:19,29.68,47480,16,买盘
882,10:33:22,29.67,163136,55,中性盘
883,10:33:25,29.67,5934,2,买盘
884,10:33:28,29.67,5934,2,买盘
885,10:33:31,29.66,14830,5,卖盘
886,10:33:34,29.66,14830,5,买盘
887,10:33:40,29.66,8898,3,买盘
888,10:33:46,29.65,74130,25,卖盘
889,10:33:49,29.66,17795,6,买盘
890,10:33:55,29.66,2966,1,卖盘
891,10:33:58,29.66,32627,11,卖盘
892,10:34:07,29.69,26705,9,买盘
893,10:34:13,29.7,14838,5,买盘
894,10:34:16,29.69,8907,3,买盘
895,10:34:19,29.69,2969,1,买盘
896,10:34:22,29.69,47504,16,买盘
897,10:34:25,29.69,11876,4,买盘
898,10:34:28,29.69,2969,1,买盘
899,10:34:31,29.69,5938,2,买盘
900,10:34:34,29.69,2969,1,买盘
901,10:34:37,29.69,8907,3,买盘
902,10:34:40,29.68,26712,9,卖盘
903,10:34:52,29.6,915456,309,卖盘
904,10:34:55,29.67,420337,142,买盘
905,10:34:58,29.68,29668,10,买盘
906,10:35:01,29.63,11858,4,卖盘
907,10:35:07,29.65,29650,10,卖盘
908,10:35:10,29.68,500927,169,买盘
909,10:35:13,29.64,20759,7,卖盘
910,10:35:16,29.66,2966,1,中性盘
911,10:35:22,29.68,5936,2,买盘
912,10:35:25,29.65,2965,1,卖盘
913,10:35:34,29.63,80032,27,卖盘
914,10:35:37,29.63,142261,48,卖盘
915,10:35:40,29.65,5930,2,卖盘
916,10:35:43,29.65,44475,15,卖盘
917,10:35:46,29.65,358765,121,买盘
918,10:35:52,29.67,14835,5,买盘
919,10:35:55,29.65,74121,25,卖盘
920,10:36:07,29.65,11864,4,卖盘
921,10:36:10,29.65,38545,13,卖盘
922,10:36:13,29.65,17788,6,买盘
923,10:36:16,29.64,23716,8,卖盘
924,10:36:22,29.65,62239,21,买盘
925,10:36:28,29.65,38541,13,买盘
926,10:36:31,29.64,50388,17,卖盘
927,10:36:37,29.64,11856,4,买盘
928,10:36:40,29.63,8889,3,卖盘
929,10:36:43,29.64,23712,8,买盘
930,10:36:46,29.64,2964,1,卖盘
931,10:36:49,29.64,2964,1,卖盘
932,10:37:01,29.64,47424,16,卖盘
933,10:37:04,29.64,5928,2,买盘
934,10:37:07,29.63,20745,7,卖盘
935,10:37:10,29.64,82969,28,买盘
936,10:37:13,29.63,5926,2,卖盘
937,10:37:16,29.63,115557,39,卖盘
938,10:37:22,29.63,35556,12,卖盘
939,10:37:25,29.63,71118,24,卖盘
940,10:37:28,29.64,11856,4,买盘
941,10:37:31,29.63,11852,4,卖盘
942,10:37:34,29.64,2964,1,买盘
943,10:37:37,29.64,14820,5,买盘
944,10:37:40,29.63,88897,30,卖盘
945,10:37:43,29.61,583675,197,卖盘
946,10:37:46,29.63,14814,5,买盘
947,10:37:49,29.61,225016,76,卖盘
948,10:37:52,29.57,512005,173,卖盘
949,10:37:55,29.57,118243,40,买盘
950,10:37:58,29.57,29570,10,买盘
951,10:38:01,29.6,144859,49,买盘
952,10:38:04,29.55,230502,78,卖盘
953,10:38:07,29.6,260477,88,买盘
954,10:38:10,29.59,59199,20,卖盘
955,10:38:13,29.57,26613,9,卖盘
956,10:38:16,29.59,29584,10,买盘
957,10:38:19,29.57,68031,23,卖盘
958,10:38:22,29.59,17746,6,买盘
959,10:38:25,29.57,204072,69,卖盘
960,10:38:28,29.61,23688,8,买盘
961,10:38:31,29.61,2961,1,买盘
962,10:38:37,29.6,14800,5,买盘
963,10:38:40,29.59,53262,18,卖盘
964,10:38:43,29.6,29600,10,买盘
965,10:38:46,29.59,20717,7,中性盘
966,10:38:49,29.58,68046,23,卖盘
967,10:38:52,29.58,2958,1,买盘
968,10:38:55,29.58,5916,2,买盘
969,10:38:58,29.57,23657,8,卖盘
970,10:39:01,29.58,41412,14,买盘
971,10:39:10,29.63,861455,291,买盘
972,10:39:13,29.61,71065,24,卖盘
973,10:39:16,29.63,103705,35,买盘
974,10:39:19,29.63,71078,24,买盘
975,10:39:22,29.61,171840,58,卖盘
976,10:39:25,29.59,17765,6,卖盘
977,10:39:31,29.59,162778,55,卖盘
978,10:39:37,29.63,343682,116,买盘
979,10:39:43,29.6,85852,29,卖盘
980,10:39:46,29.61,44415,15,中性盘
981,10:39:52,29.63,2963,1,买盘
982,10:39:55,29.63,5926,2,买盘
983,10:39:58,29.65,334871,113,买盘
984,10:40:01,29.66,32602,11,买盘
985,10:40:04,29.66,32599,11,买盘
986,10:40:07,29.66,8898,3,买盘
987,10:40:10,29.66,112693,38,买盘
988,10:40:13,29.66,44490,15,买盘
989,10:40:16,29.63,20749,7,卖盘
990,10:40:22,29.63,11852,4,卖盘
991,10:40:28,29.66,53388,18,买盘
992,10:40:31,29.66,47435,16,卖盘
993,10:40:37,29.64,35573,12,卖盘
994,10:40:46,29.65,32606,11,买盘
995,10:40:49,29.65,11860,4,买盘
996,10:40:52,29.64,47426,16,卖盘
997,10:40:58,29.64,14820,5,买盘
998,10:41:01,29.64,26669,9,买盘
999,10:41:04,29.64,20743,7,买盘
1000,10:41:10,29.64,5928,2,买盘
1001,10:41:13,29.64,23712,8,买盘
1002,10:41:16,29.64,8892,3,买盘
1003,10:41:19,29.64,65208,22,买盘
1004,10:41:25,29.64,5928,2,买盘
1005,10:41:31,29.64,29636,10,买盘
1006,10:41:34,29.63,38519,13,卖盘
1007,10:41:37,29.63,20741,7,买盘
1008,10:41:40,29.63,29637,10,卖盘
1009,10:41:43,29.62,32584,11,卖盘
1010,10:41:46,29.63,47393,16,买盘
1011,10:41:52,29.62,94784,32,卖盘
1012,10:41:55,29.62,88860,30,卖盘
1013,10:42:01,29.61,269451,91,卖盘
1014,10:42:04,29.57,1160277,392,卖盘
1015,10:42:07,29.57,26613,9,卖盘
1016,10:42:13,29.57,8871,3,卖盘
1017,10:42:16,29.58,177415,60,买盘
1018,10:42:19,29.56,165578,56,卖盘
1019,10:42:22,29.57,115307,39,中性盘
1020,10:42:25,29.59,5918,2,买盘
1021,10:42:28,29.56,153701,52,卖盘
1022,10:42:31,29.56,2956,1,买盘
1023,10:42:37,29.56,29560,10,卖盘
1024,10:42:40,29.59,423173,143,买盘
1025,10:42:43,29.56,245500,83,卖盘
1026,10:42:49,29.57,73908,25,卖盘
1027,10:42:52,29.58,73910,25,买盘
1028,10:42:58,29.56,17736,6,卖盘
1029,10:43:01,29.57,14785,5,买盘
1030,10:43:04,29.57,100538,34,买盘
1031,10:43:07,29.56,239436,81,卖盘
1032,10:43:10,29.57,29565,10,买盘
1033,10:43:19,29.55,50237,17,卖盘
1034,10:43:22,29.58,198113,67,买盘
1035,10:43:25,29.58,17748,6,买盘
1036,10:43:28,29.56,91665,31,卖盘
1037,10:43:31,29.57,26612,9,中性盘
1038,10:43:34,29.57,2957,1,买盘
1039,10:43:37,29.57,17741,6,买盘
1040,10:43:40,29.56,82772,28,卖盘
1041,10:43:43,29.6,76891,26,买盘
1042,10:43:46,29.56,38445,13,卖盘
1043,10:43:49,29.56,29560,10,卖盘
1044,10:43:52,29.6,56184,19,买盘
1045,10:43:55,29.6,26640,9,买盘
1046,10:43:58,29.57,65066,22,卖盘
1047,10:44:01,29.57,17742,6,买盘
1048,10:44:07,29.56,35472,12,卖盘
1049,10:44:10,29.57,14785,5,中性盘
1050,10:44:13,29.59,20710,7,买盘
1051,10:44:22,29.57,5914,2,中性盘
1052,10:44:28,29.57,100521,34,中性盘
1053,10:44:31,29.58,44361,15,买盘
1054,10:44:37,29.59,106486,36,买盘
1055,10:44:40,29.58,8874,3,卖盘
1056,10:44:49,29.59,32549,11,买盘
1057,10:44:55,29.58,100603,34,卖盘
1058,10:45:04,29.58,121298,41,卖盘
1059,10:45:07,29.58,32538,11,卖盘
1060,10:45:10,29.58,65076,22,卖盘
1061,10:45:13,29.57,29570,10,卖盘
1062,10:45:16,29.57,38442,13,卖盘
1063,10:45:19,29.58,5916,2,买盘
1064,10:45:22,29.57,68021,23,卖盘
1065,10:45:25,29.56,209947,71,卖盘
1066,10:45:28,29.56,103460,35,卖盘
1067,10:45:31,29.56,106416,36,卖盘
1068,10:45:34,29.56,56147,19,中性盘
1069,10:45:37,29.56,112328,38,买盘
1070,10:45:40,29.56,59104,20,买盘
1071,10:45:43,29.55,44325,15,卖盘
1072,10:45:46,29.55,354601,120,卖盘
1073,10:45:49,29.56,94563,32,买盘
1074,10:45:52,29.55,8865,3,买盘
1075,10:45:55,29.55,8865,3,买盘
1076,10:45:58,29.54,307210,104,卖盘
1077,10:46:01,29.58,260189,88,买盘
1078,10:46:04,29.58,106483,36,卖盘
1079,10:46:07,29.58,82795,28,中性盘
1080,10:46:10,29.57,17742,6,卖盘
1081,10:46:13,29.56,29562,10,卖盘
1082,10:46:16,29.53,70874,24,卖盘
1083,10:46:19,29.55,2955,1,中性盘
1084,10:46:22,29.52,59040,20,卖盘
1085,10:46:25,29.55,463485,157,买盘
1086,10:46:28,29.52,126944,43,卖盘
1087,10:46:31,29.52,274612,93,卖盘
1088,10:46:34,29.56,32489,11,买盘
1089,10:46:37,29.56,97452,33,买盘
1090,10:46:43,29.53,97434,33,卖盘
1091,10:46:46,29.53,62013,21,买盘
1092,10:46:49,29.51,59048,20,卖盘
1093,10:46:55,29.51,132808,45,卖盘
1094,10:46:58,29.53,50183,17,买盘
1095,10:47:01,29.52,64928,22,买盘
1096,10:47:04,29.51,70857,24,卖盘
1097,10:47:07,29.52,2952,1,买盘
1098,10:47:10,29.51,38363,13,卖盘
1099,10:47:13,29.51,174111,59,卖盘
1100,10:47:16,29.52,150537,51,买盘
1101,10:47:19,29.52,123984,42,卖盘
1102,10:47:25,29.5,35400,12,卖盘
1103,10:47:28,29.52,2952,1,买盘
1104,10:47:31,29.5,97350,33,卖盘
1105,10:47:34,29.52,2952,1,买盘
1106,10:47:37,29.51,23602,8,中性盘
1107,10:47:43,29.51,8853,3,卖盘
1108,10:47:55,29.51,100334,34,卖盘
1109,10:47:58,29.51,41314,14,卖盘
1110,10:48:01,29.51,362868,123,卖盘
1111,10:48:04,29.5,489703,166,卖盘
1112,10:48:10,29.5,351104,119,卖盘
1113,10:48:13,29.52,26564,9,买盘
1114,10:48:16,29.5,289104,98,卖盘
1115,10:48:19,29.5,32451,11,卖盘
1116,10:48:22,29.5,17704,6,卖盘
1117,10:48:25,29.5,97352,33,卖盘
1118,10:48:28,29.51,91461,31,买盘
1119,10:48:31,29.51,14755,5,卖盘
1120,10:48:37,29.52,11808,4,买盘
1121,10:48:40,29.51,38363,13,卖盘
1122,10:48:43,29.51,50167,17,卖盘
1123,10:48:46,29.51,2951,1,卖盘
1124,10:48:49,29.52,17708,6,买盘
1125,10:48:52,29.51,23608,8,卖盘
1126,10:48:55,29.51,11804,4,卖盘
1127,10:49:01,29.52,20660,7,买盘
1128,10:49:04,29.52,20664,7,买盘
1129,10:49:07,29.51,14756,5,卖盘
1130,10:49:10,29.52,5904,2,买盘
1131,10:49:13,29.52,35413,12,买盘
1132,10:49:19,29.52,70848,24,买盘
1133,10:49:22,29.52,5904,2,买盘
1134,10:49:25,29.51,106261,36,卖盘
1135,10:49:28,29.52,5904,2,买盘
1136,10:49:31,29.51,70825,24,卖盘
1137,10:49:34,29.52,5904,2,买盘
1138,10:49:37,29.52,8856,3,买盘
1139,10:49:40,29.52,5904,2,买盘
1140,10:49:43,29.51,5902,2,卖盘
1141,10:49:46,29.52,82649,28,买盘
1142,10:49:49,29.52,20664,7,买盘
1143,10:49:52,29.51,106238,36,卖盘
1144,10:49:55,29.51,56056,19,买盘
1145,10:50:01,29.51,64906,22,买盘
1146,10:50:04,29.5,47205,16,卖盘
1147,10:50:10,29.51,5902,2,买盘
1148,10:50:16,29.51,23608,8,买盘
1149,10:50:19,29.51,8853,3,买盘
1150,10:50:22,29.52,56956,19,买盘
1151,10:50:25,29.52,14760,5,买盘
1152,10:50:28,29.52,56065,19,买盘
1153,10:50:34,29.52,2952,1,买盘
1154,10:50:37,29.51,5902,2,卖盘
1155,10:50:40,29.52,17712,6,买盘
1156,10:50:46,29.52,23616,8,买盘
1157,10:50:49,29.52,17712,6,卖盘
1158,10:50:52,29.52,11808,4,卖盘
1159,10:50:58,29.52,2952,1,卖盘
1160,10:51:01,29.5,236059,80,卖盘
1161,10:51:04,29.5,174050,59,卖盘
1162,10:51:07,29.51,73761,25,买盘
1163,10:51:10,29.49,61939,21,卖盘
1164,10:51:16,29.49,100287,34,卖盘
1165,10:51:25,29.5,47200,16,卖盘
1166,10:51:31,29.51,2951,1,买盘
1167,10:51:34,29.5,64901,22,卖盘
1168,10:51:43,29.5,215332,73,买盘
1169,10:51:46,29.5,2950,1,买盘
1170,10:51:49,29.48,94362,32,卖盘
1171,10:51:52,29.5,14750,5,买盘
1172,10:51:55,29.47,115009,39,卖盘
1173,10:51:58,29.47,64834,22,卖盘
1174,10:52:07,29.47,11788,4,卖盘
1175,10:52:10,29.47,32417,11,卖盘
1176,10:52:16,29.47,38311,13,卖盘
1177,10:52:19,29.46,279886,95,卖盘
1178,10:52:22,29.45,147295,50,卖盘
1179,10:52:25,29.45,11785,4,卖盘
1180,10:52:28,29.44,211989,72,卖盘
1181,10:52:31,29.44,58860,20,买盘
1182,10:52:34,29.41,217615,74,卖盘
1183,10:52:37,29.4,138211,47,卖盘
1184,10:52:40,29.41,50011,17,中性盘
1185,10:52:43,29.41,79446,27,卖盘
1186,10:52:46,29.44,609054,207,买盘
1187,10:52:49,29.45,8833,3,买盘
1188,10:52:52,29.43,173612,59,卖盘
1189,10:52:58,29.44,103011,35,卖盘
1190,10:53:01,29.44,94228,32,买盘
1191,10:53:04,29.45,67755,23,中性盘
1192,10:53:07,29.46,14733,5,中性盘
1193,10:53:13,29.47,23576,8,买盘
1194,10:53:16,29.48,8844,3,买盘
1195,10:53:19,29.47,341760,116,中性盘
1196,10:53:22,29.48,8844,3,卖盘
1197,10:53:25,29.49,185637,63,买盘
1198,10:53:28,29.46,58936,20,卖盘
1199,10:53:31,29.49,47184,16,买盘
1200,10:53:40,29.49,35388,12,卖盘
1201,10:53:43,29.49,14745,5,卖盘
1202,10:53:46,29.49,44209,15,买盘
1203,10:53:49,29.48,17692,6,卖盘
1204,10:53:55,29.47,17682,6,卖盘
1205,10:53:58,29.48,20634,7,买盘
1206,10:54:01,29.48,11792,4,中性盘
1207,10:54:04,29.49,26540,9,买盘
1208,10:54:07,29.48,8844,3,买盘
1209,10:54:13,29.48,47168,16,买盘
1210,10:54:16,29.48,26532,9,卖盘
1211,10:54:19,29.48,38324,13,卖盘
1212,10:54:22,29.48,23585,8,卖盘
1213,10:54:37,29.48,17688,6,买盘
1214,10:54:40,29.49,141500,48,买盘
1215,10:54:46,29.46,64836,22,卖盘
1216,10:54:52,29.47,5893,2,买盘
1217,10:55:01,29.48,2948,1,买盘
1218,10:55:19,29.46,41244,14,卖盘
1219,10:55:22,29.47,14735,5,买盘
1220,10:55:28,29.47,79547,27,买盘
1221,10:55:37,29.48,32418,11,买盘
1222,10:55:40,29.47,14735,5,卖盘
1223,10:55:49,29.47,23576,8,卖盘
1224,10:55:52,29.45,32396,11,卖盘
1225,10:56:01,29.47,5894,2,买盘
1226,10:56:04,29.48,67755,23,买盘
1227,10:56:07,29.52,150390,51,买盘
1228,10:56:10,29.48,41273,14,卖盘
1229,10:56:13,29.48,2948,1,买盘
1230,10:56:16,29.48,5896,2,买盘
1231,10:56:22,29.48,2948,1,卖盘
1232,10:56:25,29.48,5896,2,卖盘
1233,10:57:07,29.5,2950,1,买盘
1234,10:57:10,29.48,11792,4,卖盘
1235,10:57:13,29.48,53064,18,卖盘
1236,10:57:16,29.5,2950,1,买盘
1237,10:57:19,29.48,32430,11,卖盘
1238,10:57:25,29.48,2948,1,卖盘
1239,10:57:28,29.5,2950,1,买盘
1240,10:57:37,29.5,14750,5,买盘
1241,10:57:49,29.49,20643,7,卖盘
1242,10:57:52,29.48,38326,13,卖盘
1243,10:58:01,29.49,2949,1,买盘
1244,10:58:10,29.5,106195,36,买盘
1245,10:58:16,29.49,50133,17,卖盘
1246,10:58:19,29.5,26550,9,买盘
1247,10:58:22,29.5,32450,11,买盘
1248,10:58:31,29.51,17706,6,买盘
1249,10:58:34,29.51,23608,8,买盘
1250,10:58:37,29.52,14757,5,买盘
1251,10:58:40,29.52,2952,1,买盘
1252,10:58:43,29.52,123937,42,买盘
1253,10:58:46,29.5,61954,21,卖盘
1254,10:58:49,29.5,17700,6,卖盘
1255,10:58:52,29.51,5902,2,买盘
1256,10:59:01,29.51,17706,6,买盘
1257,10:59:04,29.52,20658,7,买盘
1258,10:59:07,29.51,8854,3,中性盘
1259,10:59:10,29.52,5904,2,买盘
1260,10:59:13,29.52,2952,1,买盘
1261,10:59:16,29.52,17712,6,买盘
1262,10:59:19,29.51,2951,1,卖盘
1263,10:59:22,29.51,32458,11,中性盘
1264,10:59:25,29.48,536763,182,卖盘
1265,10:59:28,29.47,247491,84,卖盘
1266,10:59:31,29.47,8841,3,买盘
1267,10:59:34,29.46,5892,2,卖盘
1268,10:59:37,29.47,2947,1,买盘
1269,10:59:40,29.47,2947,1,买盘
1270,10:59:43,29.47,32417,11,买盘
1271,10:59:46,29.47,8841,3,卖盘
1272,10:59:52,29.49,17684,6,买盘
1273,10:59:55,29.49,2949,1,买盘
1274,10:59:58,29.51,8849,3,买盘
1275,11:00:01,29.48,8850,3,卖盘
1276,11:00:04,29.58,14762,5,买盘
1277,11:00:07,29.55,17727,6,中性盘
1278,11:00:10,29.55,14777,5,买盘
1279,11:00:13,29.49,35421,12,卖盘
1280,11:00:19,29.55,11820,4,买盘
1281,11:00:31,29.55,2955,1,买盘
1282,11:00:34,29.5,2950,1,卖盘
1283,11:00:37,29.49,35396,12,卖盘
1284,11:00:40,29.49,23238,8,卖盘
1285,11:00:43,29.49,2949,1,卖盘
1286,11:00:52,29.5,2950,1,买盘
1287,11:01:01,29.5,5900,2,买盘
1288,11:01:07,29.51,5902,2,买盘
1289,11:01:16,29.51,2951,1,买盘
1290,11:01:19,29.5,41300,14,卖盘
1291,11:01:25,29.51,56058,19,买盘
1292,11:01:28,29.51,2951,1,卖盘
1293,11:01:31,29.51,2951,1,卖盘
1294,11:01:34,29.51,32461,11,卖盘
1295,11:01:37,29.49,20643,7,卖盘
1296,11:01:43,29.51,2951,1,买盘
1297,11:02:04,29.5,8850,3,卖盘
1298,11:02:10,29.5,14752,5,卖盘
1299,11:02:13,29.5,2950,1,卖盘
1300,11:02:16,29.5,8850,3,卖盘
1301,11:02:19,29.5,2950,1,中性盘
1302,11:02:25,29.5,29500,10,买盘
1303,11:02:28,29.5,11798,4,买盘
1304,11:02:31,29.49,5898,2,卖盘
1305,11:02:34,29.49,2949,1,卖盘
1306,11:02:43,29.48,5896,2,卖盘
1307,11:02:49,29.48,100232,34,卖盘
1308,11:02:52,29.48,2948,1,买盘
1309,11:02:58,29.48,5896,2,买盘
1310,11:03:01,29.48,5896,2,买盘
1311,11:03:04,29.49,221038,75,买盘
1312,11:03:07,29.49,23592,8,中性盘
1313,11:03:10,29.51,221270,75,买盘
1314,11:03:16,29.5,2950,1,卖盘
1315,11:03:28,29.53,17718,6,买盘
1316,11:03:31,29.56,112293,38,买盘
1317,11:03:40,29.58,2958,1,买盘
1318,11:03:55,29.58,17748,6,买盘
1319,11:03:58,29.56,2956,1,卖盘
1320,11:04:01,29.56,20693,7,卖盘
1321,11:04:04,29.58,130142,44,买盘
1322,11:04:07,29.54,127057,43,卖盘
1323,11:04:10,29.54,2954,1,卖盘
1324,11:04:13,29.54,62035,21,卖盘
1325,11:04:16,29.56,2956,1,买盘
1326,11:04:19,29.53,26582,9,卖盘
1327,11:04:22,29.53,17726,6,卖盘
1328,11:04:25,29.56,5912,2,买盘
1329,11:04:31,29.53,56107,19,卖盘
1330,11:04:37,29.53,64967,22,卖盘
1331,11:04:40,29.53,383890,130,卖盘
1332,11:04:43,29.51,118080,40,卖盘
1333,11:04:46,29.51,73767,25,买盘
1334,11:04:49,29.51,32464,11,卖盘
1335,11:04:52,29.51,23608,8,卖盘
1336,11:04:55,29.52,17710,6,买盘
1337,11:04:58,29.49,26545,9,卖盘
1338,11:05:01,29.51,8853,3,中性盘
1339,11:05:25,29.51,2951,1,买盘
1340,11:05:37,29.51,2951,1,买盘
1341,11:05:40,29.51,2951,1,买盘
1342,11:05:49,29.51,8853,3,买盘
1343,11:06:07,29.5,2950,1,卖盘
1344,11:06:16,29.51,5902,2,买盘
1345,11:06:22,29.5,5900,2,卖盘
1346,11:06:25,29.5,2950,1,卖盘
1347,11:06:28,29.51,5902,2,买盘
1348,11:06:37,29.51,23608,8,买盘
1349,11:06:46,29.5,32450,11,卖盘
1350,11:06:52,29.51,2951,1,买盘
1351,11:06:55,29.51,5902,2,买盘
1352,11:06:58,29.51,5902,2,买盘
1353,11:07:01,29.5,17700,6,卖盘
1354,11:07:04,29.51,2951,1,中性盘
1355,11:07:10,29.51,5902,2,卖盘
1356,11:07:19,29.5,23600,8,卖盘
1357,11:07:31,29.49,14748,5,卖盘
1358,11:07:34,29.48,58960,20,卖盘
1359,11:07:37,29.46,141473,48,卖盘
1360,11:07:46,29.46,55974,19,卖盘
1361,11:07:49,29.45,32403,11,卖盘
1362,11:07:52,29.44,359283,122,卖盘
1363,11:07:55,29.42,120668,41,卖盘
1364,11:07:58,29.42,32362,11,卖盘
1365,11:08:04,29.42,26478,9,卖盘
1366,11:08:07,29.42,29420,10,卖盘
1367,11:08:16,29.42,17652,6,卖盘
1368,11:08:19,29.43,52959,18,买盘
1369,11:08:25,29.42,129486,44,卖盘
1370,11:08:28,29.43,5886,2,买盘
1371,11:08:34,29.43,32373,11,卖盘
1372,11:08:37,29.42,29421,10,卖盘
1373,11:08:40,29.42,150042,51,卖盘
1374,11:08:43,29.42,41183,14,中性盘
1375,11:08:46,29.42,8826,3,买盘
1376,11:08:49,29.42,14710,5,卖盘
1377,11:08:52,29.42,29420,10,买盘
1378,11:08:58,29.41,17646,6,卖盘
1379,11:09:01,29.42,108852,37,买盘
1380,11:09:07,29.42,41188,14,卖盘
1381,11:09:13,29.43,17658,6,买盘
1382,11:09:16,29.42,14710,5,卖盘
1383,11:09:19,29.42,32362,11,卖盘
1384,11:09:31,29.43,58843,20,买盘
1385,11:09:37,29.43,70615,24,买盘
1386,11:09:43,29.43,47088,16,买盘
1387,11:09:46,29.42,20594,7,卖盘
1388,11:09:55,29.42,35305,12,卖盘
1389,11:10:04,29.42,11768,4,卖盘
1390,11:10:10,29.42,50032,17,卖盘
1391,11:10:16,29.45,20615,7,买盘
1392,11:10:19,29.42,26478,9,卖盘
1393,11:10:28,29.45,17670,6,买盘
1394,11:10:34,29.45,17670,6,买盘
1395,11:10:37,29.45,8835,3,买盘
1396,11:10:40,29.45,5890,2,买盘
1397,11:10:46,29.45,14725,5,买盘
1398,11:10:52,29.45,5890,2,买盘
1399,11:10:55,29.46,94260,32,买盘
1400,11:10:58,29.45,2945,1,卖盘
1401,11:11:04,29.46,188544,64,买盘
1402,11:11:07,29.5,47198,16,买盘
1403,11:11:13,29.48,2948,1,中性盘
1404,11:11:19,29.48,26532,9,买盘
1405,11:11:22,29.48,2948,1,买盘
1406,11:11:25,29.48,29480,10,买盘
1407,11:11:31,29.48,97268,33,买盘
1408,11:11:34,29.48,11792,4,卖盘
1409,11:11:40,29.49,11793,4,买盘
1410,11:11:43,29.49,164991,56,买盘
1411,11:11:46,29.49,26541,9,买盘
1412,11:12:04,29.5,58977,20,买盘
1413,11:12:07,29.5,41275,14,买盘
1414,11:12:10,29.5,14750,5,买盘
1415,11:12:13,29.5,91450,31,买盘
1416,11:12:19,29.52,2952,1,买盘
1417,11:12:25,29.52,2952,1,买盘
1418,11:12:34,29.52,156456,53,买盘
1419,11:12:40,29.52,2952,1,买盘
1420,11:12:43,29.52,47201,16,卖盘
1421,11:12:49,29.52,2952,1,买盘
1422,11:12:58,29.5,8850,3,买盘
1423,11:13:04,29.49,61929,21,卖盘
1424,11:13:07,29.49,67827,23,卖盘
1425,11:13:10,29.49,17694,6,卖盘
1426,11:13:13,29.49,2949,1,卖盘
1427,11:13:16,29.5,2950,1,买盘
1428,11:13:19,29.5,2950,1,买盘
1429,11:13:22,29.5,5900,2,买盘
1430,11:13:28,29.49,11796,4,卖盘
1431,11:13:52,29.5,8850,3,买盘
1432,11:13:55,29.5,17700,6,买盘
1433,11:14:04,29.5,2950,1,买盘
1434,11:14:07,29.5,47200,16,买盘
1435,11:14:10,29.5,2950,1,买盘
1436,11:14:16,29.51,50151,17,买盘
1437,11:14:19,29.52,5903,2,买盘
1438,11:14:22,29.52,5903,2,买盘
1439,11:14:25,29.52,2952,1,买盘
1440,11:14:37,29.51,2951,1,买盘
1441,11:14:40,29.51,8853,3,买盘
1442,11:14:46,29.51,14755,5,买盘
1443,11:14:49,29.51,2951,1,买盘
1444,11:14:52,29.51,8853,3,买盘
1445,11:14:58,29.51,14755,5,买盘
1446,11:15:13,29.52,2952,1,买盘
1447,11:15:16,29.51,2951,1,卖盘
1448,11:15:19,29.52,5902,2,买盘
1449,11:15:25,29.51,50167,17,买盘
1450,11:15:34,29.52,44280,15,买盘
1451,11:15:37,29.52,2952,1,买盘
1452,11:15:40,29.52,29520,10,买盘
1453,11:15:43,29.52,5904,2,买盘
1454,11:15:49,29.52,2952,1,买盘
1455,11:15:52,29.52,8856,3,买盘
1456,11:15:55,29.52,5904,2,买盘
1457,11:16:04,29.52,5903,2,买盘
1458,11:16:07,29.51,11806,4,卖盘
1459,11:16:10,29.51,8853,3,卖盘
1460,11:16:16,29.51,109187,37,卖盘
1461,11:16:19,29.49,76698,26,卖盘
1462,11:16:22,29.48,106158,36,卖盘
1463,11:16:25,29.48,5896,2,卖盘
1464,11:16:28,29.48,76648,26,卖盘
1465,11:16:31,29.48,17688,6,卖盘
1466,11:16:37,29.48,11792,4,买盘
1467,11:16:43,29.47,29470,10,卖盘
1468,11:16:46,29.48,2948,1,买盘
1469,11:16:52,29.48,8844,3,买盘
1470,11:16:55,29.48,132660,45,买盘
1471,11:16:58,29.48,8844,3,买盘
1472,11:17:07,29.47,32421,11,卖盘
1473,11:17:10,29.48,2948,1,买盘
1474,11:17:19,29.48,8842,3,买盘
1475,11:17:28,29.47,23577,8,卖盘
1476,11:17:31,29.48,2948,1,买盘
1477,11:17:34,29.48,5896,2,买盘
1478,11:17:43,29.47,8841,3,卖盘
1479,11:17:46,29.46,2946,1,卖盘
1480,11:17:49,29.46,2946,1,卖盘
1481,11:17:58,29.44,79508,27,卖盘
1482,11:18:01,29.46,44190,15,买盘
1483,11:18:07,29.46,50084,17,卖盘
1484,11:18:10,29.48,5896,2,买盘
1485,11:18:16,29.45,35340,12,卖盘
1486,11:18:22,29.47,5894,2,买盘
1487,11:18:25,29.47,11788,4,买盘
1488,11:18:28,29.47,5895,2,卖盘
1489,11:18:37,29.47,14735,5,卖盘
1490,11:18:40,29.49,58961,20,买盘
1491,11:18:43,29.5,44242,15,买盘
1492,11:18:46,29.5,8850,3,买盘
1493,11:18:49,29.5,11800,4,买盘
1494,11:18:52,29.51,5902,2,买盘
1495,11:18:55,29.48,85507,29,卖盘
1496,11:19:04,29.5,32440,11,买盘
1497,11:19:07,29.48,61908,21,卖盘
1498,11:19:10,29.47,17684,6,卖盘
1499,11:19:13,29.48,17688,6,买盘
1500,11:19:16,29.48,2948,1,买盘
1501,11:19:25,29.48,5896,2,买盘
1502,11:19:31,29.48,11792,4,买盘
1503,11:19:40,29.48,2948,1,买盘
1504,11:19:52,29.48,5896,2,买盘
1505,11:19:58,29.49,88445,30,买盘
1506,11:20:10,29.48,53071,18,卖盘
1507,11:20:13,29.48,29480,10,卖盘
1508,11:20:16,29.49,2949,1,买盘
1509,11:20:19,29.49,2949,1,买盘
1510,11:20:22,29.49,5898,2,买盘
1511,11:20:25,29.49,29490,10,买盘
1512,11:20:28,29.48,11792,4,卖盘
1513,11:20:31,29.5,20644,7,买盘
1514,11:20:46,29.48,20641,7,卖盘
1515,11:20:49,29.47,38315,13,卖盘
1516,11:20:52,29.47,14735,5,卖盘
1517,11:21:01,29.46,35352,12,卖盘
1518,11:21:04,29.46,5892,2,卖盘
1519,11:21:07,29.46,5892,2,买盘
1520,11:21:13,29.46,61846,21,买盘
1521,11:21:19,29.45,159030,54,卖盘
1522,11:21:22,29.45,2945,1,买盘
1523,11:21:43,29.47,341753,116,买盘
1524,11:21:46,29.48,53064,18,买盘
1525,11:22:04,29.47,38318,13,卖盘
1526,11:22:10,29.46,2946,1,卖盘
1527,11:22:19,29.47,53045,18,买盘
1528,11:22:25,29.45,20617,7,卖盘
1529,11:23:04,29.45,14725,5,卖盘
1530,11:23:07,29.45,17670,6,卖盘
1531,11:23:13,29.45,5890,2,买盘
1532,11:23:37,29.45,2945,1,卖盘
1533,11:23:43,29.45,11780,4,买盘
1534,11:24:04,29.43,132470,45,卖盘
1535,11:24:16,29.44,5888,2,卖盘
1536,11:24:31,29.44,5888,2,买盘
1537,11:24:34,29.44,29440,10,买盘
1538,11:24:37,29.45,2945,1,买盘
1539,11:24:43,29.46,474270,161,买盘
1540,11:24:55,29.48,109076,37,买盘
1541,11:24:58,29.49,5898,2,买盘
1542,11:25:01,29.49,32430,11,买盘
1543,11:25:10,29.49,11796,4,中性盘
1544,11:25:13,29.48,20636,7,卖盘
1545,11:25:19,29.48,35381,12,卖盘
1546,11:25:22,29.48,2948,1,买盘
1547,11:25:28,29.49,29488,10,买盘
1548,11:26:04,29.47,67781,23,卖盘
1549,11:26:07,29.47,8841,3,买盘
1550,11:26:13,29.47,26523,9,买盘
1551,11:26:16,29.48,73700,25,买盘
1552,11:26:19,29.5,2950,1,买盘
1553,11:26:25,29.49,2949,1,卖盘
1554,11:26:49,29.5,5899,2,买盘
1555,11:26:58,29.49,88470,30,买盘
1556,11:27:22,29.49,14745,5,卖盘
1557,11:27:25,29.49,8847,3,卖盘
1558,11:27:37,29.5,103216,35,买盘
1559,11:27:40,29.5,38347,13,买盘
1560,11:27:46,29.49,2949,1,卖盘
1561,11:27:49,29.5,2950,1,买盘
1562,11:28:04,29.5,56050,19,买盘
1563,11:28:10,29.5,20650,7,买盘
1564,11:28:16,29.49,5898,2,卖盘
1565,11:28:25,29.5,2950,1,买盘
1566,11:28:34,29.49,2949,1,卖盘
1567,11:28:37,29.49,32439,11,卖盘
1568,11:28:43,29.5,20649,7,买盘
1569,11:28:46,29.5,109059,37,买盘
1570,11:28:52,29.5,23600,8,买盘
1571,11:28:55,29.49,2949,1,卖盘
1572,11:28:58,29.49,2949,1,买盘
1573,11:29:01,29.49,5898,2,买盘
1574,11:29:04,29.5,11800,4,买盘
1575,11:29:07,29.5,53100,18,卖盘
1576,11:29:10,29.5,14750,5,卖盘
1577,11:29:13,29.48,58943,20,卖盘
1578,11:29:16,29.48,11796,4,卖盘
1579,11:29:28,29.47,32420,11,卖盘
1580,11:29:31,29.47,53043,18,卖盘
1581,11:29:37,29.46,8838,3,卖盘
1582,11:29:40,29.47,47164,16,中性盘
1583,11:29:49,29.49,23591,8,买盘
1584,11:29:55,29.51,8852,3,买盘
1585,13:00:04,29.5,32450,11,买盘
1586,13:00:07,29.48,123879,42,卖盘
1587,13:00:10,29.5,17700,6,中性盘
1588,13:00:13,29.5,56051,19,卖盘
1589,13:00:16,29.51,20654,7,买盘
1590,13:00:19,29.5,2950,1,卖盘
1591,13:00:31,29.51,5902,2,买盘
1592,13:00:34,29.51,17705,6,买盘
1593,13:00:37,29.51,5902,2,买盘
1594,13:00:46,29.51,5902,2,买盘
1595,13:00:52,29.5,29504,10,卖盘
1596,13:00:55,29.5,14750,5,卖盘
1597,13:01:04,29.51,5902,2,买盘
1598,13:01:07,29.51,35412,12,买盘
1599,13:01:10,29.51,5902,2,买盘
1600,13:01:13,29.48,327301,111,卖盘
1601,13:01:16,29.5,50124,17,中性盘
1602,13:01:19,29.48,70757,24,卖盘
1603,13:01:22,29.5,20640,7,买盘
1604,13:01:28,29.5,5900,2,买盘
1605,13:01:31,29.5,8850,3,买盘
1606,13:01:34,29.48,2948,1,卖盘
1607,13:01:37,29.5,8850,3,买盘
1608,13:01:43,29.49,35403,12,卖盘
1609,13:01:52,29.51,8852,3,买盘
1610,13:02:04,29.5,2950,1,卖盘
1611,13:02:07,29.51,35393,12,买盘
1612,13:02:16,29.49,67830,23,卖盘
1613,13:02:19,29.49,29490,10,卖盘
1614,13:02:22,29.49,8847,3,买盘
1615,13:02:25,29.48,44220,15,卖盘
1616,13:02:31,29.47,5894,2,卖盘
1617,13:02:34,29.48,5896,2,买盘
1618,13:02:58,29.48,11792,4,买盘
1619,13:03:04,29.47,50099,17,卖盘
1620,13:03:07,29.48,29479,10,买盘
1621,13:03:16,29.48,67804,23,卖盘
1622,13:03:22,29.47,2947,1,卖盘
1623,13:03:25,29.46,2946,1,卖盘
1624,13:03:28,29.46,2946,1,卖盘
1625,13:03:31,29.46,5893,2,卖盘
1626,13:03:34,29.46,14730,5,卖盘
1627,13:03:40,29.47,5894,2,买盘
1628,13:03:43,29.47,2947,1,买盘
1629,13:03:46,29.46,132570,45,卖盘
1630,13:03:49,29.46,32402,11,买盘
1631,13:03:52,29.46,20618,7,买盘
1632,13:04:04,29.45,17670,6,卖盘
1633,13:04:10,29.45,14728,5,卖盘
1634,13:04:13,29.45,709745,241,卖盘
1635,13:04:16,29.45,141360,48,卖盘
1636,13:04:19,29.45,14725,5,买盘
1637,13:04:22,29.44,52992,18,卖盘
1638,13:04:25,29.44,17669,6,卖盘
1639,13:04:28,29.42,1253999,426,卖盘
1640,13:04:31,29.42,517793,176,卖盘
1641,13:04:34,29.38,3672165,1249,卖盘
1642,13:04:37,29.4,29389,10,买盘
1643,13:04:43,29.39,20574,7,卖盘
1644,13:04:46,29.4,11760,4,买盘
1645,13:04:49,29.4,2940,1,买盘
1646,13:04:52,29.43,82395,28,买盘
1647,13:04:55,29.43,20601,7,买盘
1648,13:05:01,29.39,44094,15,卖盘
1649,13:05:04,29.39,2939,1,卖盘
1650,13:05:16,29.39,67598,23,卖盘
1651,13:05:25,29.4,5881,2,卖盘
1652,13:05:28,29.4,14701,5,卖盘
1653,13:05:31,29.4,11760,4,中性盘
1654,13:05:34,29.4,23520,8,卖盘
1655,13:05:40,29.38,408448,139,卖盘
1656,13:05:49,29.39,2939,1,卖盘
1657,13:05:52,29.39,20573,7,卖盘
1658,13:05:55,29.39,64658,22,中性盘
1659,13:05:58,29.41,241083,82,买盘
1660,13:06:04,29.4,8820,3,卖盘
1661,13:06:07,29.4,8824,3,卖盘
1662,13:06:10,29.4,8820,3,卖盘
1663,13:06:13,29.41,141121,48,买盘
1664,13:06:16,29.42,329498,112,买盘
1665,13:06:19,29.41,323649,110,卖盘
1666,13:06:22,29.44,8832,3,买盘
1667,13:06:25,29.44,2944,1,买盘
1668,13:06:28,29.43,44145,15,卖盘
1669,13:06:31,29.43,5886,2,买盘
1670,13:06:34,29.43,297240,101,买盘
1671,13:06:37,29.43,108891,37,买盘
1672,13:06:52,29.44,2944,1,买盘
1673,13:06:55,29.44,2944,1,买盘
1674,13:07:01,29.43,29430,10,卖盘
1675,13:07:07,29.42,367767,125,卖盘
1676,13:07:10,29.42,61763,21,买盘
1677,13:07:13,29.42,2942,1,买盘
1678,13:07:16,29.42,5884,2,买盘
1679,13:07:19,29.42,11768,4,买盘
1680,13:07:22,29.42,2942,1,买盘
1681,13:07:25,29.42,5884,2,买盘
1682,13:07:28,29.41,2941,1,卖盘
1683,13:07:31,29.42,32362,11,买盘
1684,13:07:34,29.41,11766,4,卖盘
1685,13:07:37,29.42,29420,10,买盘
1686,13:07:40,29.42,41188,14,买盘
1687,13:07:43,29.41,23535,8,卖盘
1688,13:07:46,29.42,8826,3,买盘
1689,13:07:49,29.42,41188,14,买盘
1690,13:07:52,29.42,5884,2,买盘
1691,13:07:55,29.41,88256,30,卖盘
1692,13:07:58,29.41,185341,63,卖盘
1693,13:08:01,29.43,11772,4,买盘
1694,13:08:04,29.42,2942,1,卖盘
1695,13:08:07,29.41,64721,22,卖盘
1696,13:08:10,29.45,8833,3,买盘
1697,13:08:22,29.42,14710,5,卖盘
1698,13:08:34,29.43,5886,2,卖盘
1699,13:08:37,29.43,14715,5,买盘
1700,13:08:40,29.43,5886,2,中性盘
1701,13:08:43,29.42,29420,10,卖盘
1702,13:08:46,29.42,150045,51,卖盘
1703,13:08:52,29.43,8829,3,中性盘
1704,13:09:01,29.42,2942,1,卖盘
1705,13:09:07,29.43,2943,1,买盘
1706,13:09:13,29.43,11772,4,买盘
1707,13:09:22,29.42,29420,10,卖盘
1708,13:09:46,29.42,623403,212,卖盘
1709,13:09:49,29.39,138156,47,卖盘
1710,13:09:58,29.42,2942,1,买盘
1711,13:10:04,29.42,2942,1,买盘
1712,13:10:16,29.4,73504,25,卖盘
1713,13:10:19,29.39,49963,17,卖盘
1714,13:10:22,29.39,88170,30,卖盘
1715,13:10:28,29.39,2939,1,卖盘
1716,13:10:31,29.39,8817,3,卖盘
1717,13:10:37,29.4,67620,23,买盘
1718,13:10:40,29.4,288034,98,买盘
1719,13:10:43,29.4,41160,14,买盘
1720,13:10:46,29.39,14695,5,卖盘
1721,13:10:49,29.4,29400,10,买盘
1722,13:10:52,29.4,8820,3,买盘
1723,13:10:58,29.4,97020,33,买盘
1724,13:11:04,29.4,108781,37,卖盘
1725,13:11:07,29.4,44100,15,买盘
1726,13:11:13,29.39,2939,1,卖盘
1727,13:11:16,29.4,14700,5,买盘
1728,13:11:22,29.4,11760,4,买盘
1729,13:11:31,29.4,8820,3,买盘
1730,13:11:34,29.39,2939,1,卖盘
1731,13:11:37,29.4,5880,2,买盘
1732,13:11:43,29.4,97020,33,买盘
1733,13:11:46,29.4,11760,4,买盘
1734,13:11:49,29.4,2940,1,买盘
1735,13:11:55,29.4,14700,5,买盘
1736,13:12:01,29.39,2939,1,卖盘
1737,13:12:07,29.39,5878,2,卖盘
1738,13:12:10,29.4,5880,2,买盘
1739,13:12:13,29.39,8817,3,卖盘
1740,13:12:19,29.4,8820,3,买盘
1741,13:12:22,29.39,58780,20,卖盘
1742,13:12:40,29.4,2940,1,买盘
1743,13:12:43,29.4,2940,1,买盘
1744,13:12:49,29.4,14700,5,买盘
1745,13:12:52,29.39,8818,3,卖盘
1746,13:12:58,29.4,58800,20,买盘
1747,13:13:01,29.4,5880,2,买盘
1748,13:13:10,29.4,8820,3,买盘
1749,13:13:16,29.4,64680,22,买盘
1750,13:13:28,29.41,2941,1,买盘
1751,13:13:34,29.4,8820,3,卖盘
1752,13:13:37,29.41,117640,40,买盘
1753,13:13:43,29.41,5882,2,买盘
1754,13:13:46,29.41,20587,7,买盘
1755,13:13:52,29.42,41175,14,买盘
1756,13:13:55,29.42,2942,1,买盘
1757,13:13:58,29.42,35304,12,买盘
1758,13:14:01,29.41,5883,2,卖盘
1759,13:14:04,29.43,50016,17,买盘
1760,13:14:07,29.43,73575,25,买盘
1761,13:14:10,29.44,35317,12,买盘
1762,13:14:22,29.45,11780,4,买盘
1763,13:14:25,29.45,5890,2,买盘
1764,13:14:31,29.43,2943,1,中性盘
1765,13:14:34,29.42,17665,6,卖盘
1766,13:14:37,29.45,35340,12,买盘
1767,13:14:55,29.44,2944,1,中性盘
1768,13:15:01,29.44,26496,9,卖盘
1769,13:15:04,29.43,5887,2,卖盘
1770,13:15:10,29.44,14719,5,买盘
1771,13:15:13,29.44,23552,8,卖盘
1772,13:15:16,29.44,17664,6,卖盘
1773,13:15:19,29.45,5890,2,买盘
1774,13:15:22,29.45,11780,4,买盘
1775,13:15:25,29.44,2944,1,中性盘
1776,13:15:28,29.43,8829,3,卖盘
1777,13:15:40,29.43,2943,1,卖盘
1778,13:15:43,29.44,17659,6,中性盘
1779,13:15:49,29.43,79466,27,卖盘
1780,13:16:13,29.44,29440,10,买盘
1781,13:16:16,29.43,2943,1,卖盘
1782,13:16:25,29.44,5888,2,买盘
1783,13:16:28,29.44,55924,19,买盘
1784,13:16:34,29.43,279585,95,卖盘
1785,13:16:37,29.43,8827,3,买盘
1786,13:16:43,29.43,11772,4,买盘
1787,13:16:49,29.43,35315,12,买盘
1788,13:17:04,29.42,2942,1,卖盘
1789,13:17:07,29.43,26487,9,买盘
1790,13:17:16,29.42,58840,20,卖盘
1791,13:17:19,29.43,35316,12,买盘
1792,13:17:22,29.43,32373,11,买盘
1793,13:17:25,29.43,5886,2,买盘
1794,13:17:28,29.42,44130,15,卖盘
1795,13:17:37,29.43,100062,34,买盘
1796,13:17:40,29.43,2943,1,买盘
1797,13:17:55,29.42,55898,19,卖盘
1798,13:17:58,29.41,2941,1,卖盘
1799,13:18:04,29.41,82353,28,卖盘
1800,13:18:07,29.41,67643,23,卖盘
1801,13:18:13,29.41,8823,3,卖盘
1802,13:18:19,29.42,2942,1,买盘
1803,13:18:25,29.42,2942,1,买盘
1804,13:18:28,29.41,32351,11,卖盘
1805,13:18:31,29.42,2942,1,买盘
1806,13:18:34,29.41,47056,16,卖盘
1807,13:18:37,29.41,11766,4,卖盘
1808,13:18:43,29.42,2942,1,买盘
1809,13:18:52,29.42,5884,2,买盘
1810,13:19:01,29.41,2941,1,卖盘
1811,13:19:04,29.41,70584,24,卖盘
1812,13:19:07,29.42,58840,20,买盘
1813,13:19:10,29.41,2941,1,卖盘
1814,13:19:13,29.42,2942,1,买盘
1815,13:19:16,29.41,26472,9,卖盘
1816,13:19:19,29.4,14703,5,卖盘
1817,13:19:25,29.41,14705,5,买盘
1818,13:19:28,29.41,8823,3,买盘
1819,13:19:31,29.42,91188,31,买盘
1820,13:19:34,29.42,299897,102,买盘
1821,13:19:37,29.42,2942,1,买盘
1822,13:19:43,29.42,52945,18,买盘
1823,13:19:46,29.4,49996,17,卖盘
1824,13:19:52,29.4,88200,30,卖盘
1825,13:20:01,29.41,8823,3,买盘
1826,13:20:04,29.41,2941,1,买盘
1827,13:20:07,29.4,5880,2,卖盘
1828,13:20:10,29.41,67622,23,买盘
1829,13:20:16,29.41,2941,1,买盘
1830,13:20:22,29.4,61743,21,卖盘
1831,13:20:25,29.41,2941,1,卖盘
1832,13:20:28,29.41,23528,8,卖盘
1833,13:20:37,29.4,58805,20,卖盘
1834,13:20:43,29.41,5882,2,买盘
1835,13:20:46,29.4,23523,8,卖盘
1836,13:20:49,29.41,20587,7,买盘
1837,13:21:01,29.41,8823,3,买盘
1838,13:21:04,29.41,26469,9,卖盘
1839,13:21:07,29.41,38233,13,卖盘
1840,13:21:13,29.4,41180,14,卖盘
1841,13:21:22,29.41,32348,11,卖盘
1842,13:21:40,29.4,29400,10,卖盘
1843,13:21:46,29.4,2940,1,卖盘
1844,13:21:49,29.41,17646,6,买盘
1845,13:21:52,29.41,17646,6,买盘
1846,13:22:01,29.41,73504,25,买盘
1847,13:22:04,29.41,11763,4,买盘
1848,13:22:13,29.4,47040,16,卖盘
1849,13:22:19,29.41,41171,14,买盘
1850,13:22:22,29.41,5882,2,买盘
1851,13:22:25,29.4,29400,10,卖盘
1852,13:22:31,29.4,61740,21,卖盘
1853,13:22:43,29.4,70565,24,卖盘
1854,13:22:46,29.41,2941,1,买盘
1855,13:22:49,29.41,82348,28,买盘
1856,13:22:52,29.41,155873,53,买盘
1857,13:22:55,29.41,38225,13,买盘
1858,13:22:58,29.41,79381,27,买盘
1859,13:23:04,29.42,191175,65,买盘
1860,13:23:10,29.42,2942,1,买盘
1861,13:23:13,29.42,14710,5,买盘
1862,13:23:16,29.45,285379,97,买盘
1863,13:23:22,29.45,5889,2,买盘
1864,13:23:25,29.45,14725,5,买盘
1865,13:23:31,29.44,61824,21,卖盘
1866,13:23:37,29.45,35342,12,买盘
1867,13:23:40,29.46,8838,3,买盘
1868,13:23:43,29.46,8838,3,买盘
1869,13:23:49,29.46,11784,4,买盘
1870,13:23:55,29.45,2945,1,卖盘
1871,13:24:07,29.46,8838,3,买盘
1872,13:24:19,29.46,2946,1,买盘
1873,13:24:22,29.46,14730,5,买盘
1874,13:24:46,29.46,47136,16,买盘
1875,13:24:49,29.45,26506,9,卖盘
1876,13:24:52,29.46,14730,5,买盘
1877,13:25:04,29.46,2946,1,买盘
1878,13:25:10,29.45,2945,1,卖盘
1879,13:25:16,29.45,58900,20,卖盘
1880,13:25:25,29.45,2945,1,卖盘
1881,13:25:28,29.45,94240,32,卖盘
1882,13:25:31,29.45,11780,4,卖盘
1883,13:25:37,29.46,8838,3,买盘
1884,13:25:46,29.46,2946,1,买盘
1885,13:25:49,29.46,14730,5,买盘
1886,13:25:55,29.45,53010,18,卖盘
1887,13:25:58,29.45,11780,4,买盘
1888,13:26:04,29.46,8838,3,买盘
1889,13:26:07,29.46,11784,4,买盘
1890,13:26:10,29.46,8838,3,买盘
1891,13:26:13,29.46,11784,4,买盘
1892,13:26:16,29.46,5892,2,买盘
1893,13:26:19,29.46,8838,3,买盘
1894,13:26:25,29.46,14730,5,买盘
1895,13:26:28,29.45,2945,1,买盘
1896,13:26:34,29.44,5888,2,卖盘
1897,13:26:37,29.44,2944,1,卖盘
1898,13:26:40,29.43,55918,19,卖盘
1899,13:26:46,29.43,5886,2,卖盘
1900,13:26:52,29.43,67689,23,卖盘
1901,13:27:01,29.45,17670,6,买盘
1902,13:27:04,29.45,8835,3,买盘
1903,13:27:07,29.45,8835,3,买盘
1904,13:27:10,29.44,29440,10,买盘
1905,13:27:19,29.46,200298,68,买盘
1906,13:27:22,29.47,8841,3,买盘
1907,13:27:28,29.47,8841,3,买盘
1908,13:27:31,29.46,73650,25,卖盘
1909,13:27:37,29.47,47152,16,买盘
1910,13:27:40,29.47,2947,1,买盘
1911,13:27:46,29.47,17682,6,买盘
1912,13:27:49,29.47,8841,3,买盘
1913,13:27:52,29.47,11788,4,买盘
1914,13:27:58,29.47,23576,8,买盘
1915,13:28:16,29.47,41258,14,买盘
1916,13:28:19,29.47,371217,126,卖盘
1917,13:28:22,29.47,17682,6,买盘
1918,13:28:25,29.47,123774,42,卖盘
1919,13:28:28,29.47,47152,16,卖盘
1920,13:28:31,29.48,17683,6,买盘
1921,13:28:34,29.47,2947,1,卖盘
1922,13:28:40,29.48,103179,35,买盘
1923,13:28:43,29.48,2948,1,买盘
1924,13:28:49,29.47,88393,30,卖盘
1925,13:29:01,29.47,5894,2,买盘
1926,13:29:04,29.47,14735,5,买盘
1927,13:29:07,29.47,5894,2,买盘
1928,13:29:16,29.45,17670,6,卖盘
1929,13:29:22,29.45,114868,39,买盘
1930,13:29:25,29.44,2944,1,卖盘
1931,13:29:34,29.45,35340,12,买盘
1932,13:29:37,29.45,20615,7,卖盘
1933,13:29:43,29.46,8838,3,买盘
1934,13:29:52,29.45,26505,9,卖盘
1935,13:29:55,29.46,5892,2,买盘
1936,13:29:58,29.45,2945,1,中性盘
1937,13:30:04,29.46,2946,1,买盘
1938,13:30:07,29.46,5892,2,买盘
1939,13:30:10,29.46,8838,3,买盘
1940,13:30:16,29.45,47132,16,卖盘
1941,13:30:28,29.45,14725,5,卖盘
1942,13:30:31,29.45,67738,23,卖盘
1943,13:30:43,29.46,29460,10,买盘
1944,13:30:58,29.45,35340,12,卖盘
1945,13:31:04,29.45,14725,5,卖盘
1946,13:31:19,29.46,329952,112,买盘
1947,13:31:22,29.48,58949,20,买盘
1948,13:31:25,29.46,97218,33,卖盘
1949,13:31:28,29.48,8844,3,买盘
1950,13:31:34,29.48,14740,5,买盘
1951,13:31:37,29.47,8843,3,卖盘
1952,13:31:43,29.48,11792,4,买盘
1953,13:31:49,29.49,20643,7,买盘
1954,13:31:55,29.51,17700,6,买盘
1955,13:32:10,29.51,2951,1,买盘
1956,13:32:16,29.51,5902,2,买盘
1957,13:32:19,29.51,64922,22,买盘
1958,13:32:22,29.5,85569,29,卖盘
1959,13:32:25,29.52,5904,2,买盘
1960,13:32:28,29.52,5904,2,买盘
1961,13:32:31,29.52,2952,1,买盘
1962,13:32:37,29.52,5904,2,买盘
1963,13:32:40,29.51,2951,1,卖盘
1964,13:32:46,29.51,2951,1,卖盘
1965,13:32:49,29.51,23608,8,卖盘
1966,13:32:52,29.51,2951,1,卖盘
1967,13:32:55,29.5,5901,2,卖盘
1968,13:33:07,29.51,11804,4,卖盘
1969,13:33:10,29.52,20664,7,买盘
1970,13:33:13,29.52,70848,24,买盘
1971,13:33:19,29.52,53136,18,买盘
1972,13:33:22,29.52,5904,2,买盘
1973,13:33:25,29.52,61972,21,买盘
1974,13:33:31,29.51,11806,4,卖盘
1975,13:33:34,29.52,88560,30,买盘
1976,13:33:43,29.52,150552,51,买盘
1977,13:33:46,29.52,5904,2,买盘
1978,13:33:49,29.51,67874,23,卖盘
1979,13:33:52,29.52,8856,3,买盘
1980,13:34:04,29.5,814328,276,卖盘
1981,13:34:10,29.5,14750,5,买盘
1982,13:34:13,29.48,117935,40,卖盘
1983,13:34:16,29.47,23579,8,卖盘
1984,13:34:19,29.46,8838,3,卖盘
1985,13:34:25,29.47,50099,17,买盘
1986,13:34:28,29.48,61908,21,买盘
1987,13:34:31,29.47,14735,5,卖盘
1988,13:34:34,29.48,8844,3,买盘
1989,13:34:37,29.48,2948,1,买盘
1990,13:34:43,29.48,53064,18,买盘
1991,13:34:55,29.48,5896,2,买盘
1992,13:34:58,29.47,29470,10,卖盘
1993,13:35:01,29.47,17682,6,卖盘
1994,13:35:04,29.47,5894,2,买盘
1995,13:35:07,29.47,47152,16,买盘
1996,13:35:10,29.46,2946,1,卖盘
1997,13:35:13,29.47,8841,3,买盘
1998,13:35:22,29.48,44220,15,买盘
1999,13:35:28,29.48,29480,10,买盘
2000,13:35:37,29.47,2947,1,卖盘
2001,13:35:49,29.48,5896,2,买盘
2002,13:35:55,29.47,55993,19,卖盘
2003,13:35:58,29.47,67781,23,卖盘
2004,13:36:04,29.46,11787,4,卖盘
2005,13:36:13,29.47,5894,2,买盘
2006,13:36:16,29.47,44205,15,卖盘
2007,13:36:22,29.47,5893,2,买盘
2008,13:36:34,29.47,17682,6,买盘
2009,13:36:43,29.46,2946,1,卖盘
2010,13:36:49,29.47,17682,6,买盘
2011,13:36:52,29.47,38311,13,买盘
2012,13:36:55,29.47,17682,6,买盘
2013,13:36:58,29.47,5894,2,卖盘
2014,13:37:01,29.47,2947,1,买盘
2015,13:37:04,29.47,38311,13,买盘
2016,13:37:10,29.46,14730,5,卖盘
2017,13:37:13,29.47,20629,7,买盘
2018,13:37:19,29.47,2947,1,卖盘
2019,13:37:34,29.47,11788,4,卖盘
2020,13:37:40,29.47,2947,1,卖盘
2021,13:37:46,29.47,8841,3,卖盘
2022,13:37:49,29.47,5894,2,卖盘
2023,13:37:52,29.47,53046,18,卖盘
2024,13:37:55,29.47,11788,4,买盘
2025,13:38:13,29.47,26523,9,买盘
2026,13:38:16,29.48,8844,3,买盘
2027,13:38:28,29.48,44220,15,买盘
2028,13:38:31,29.48,5896,2,买盘
2029,13:38:37,29.48,14740,5,买盘
2030,13:38:43,29.48,8844,3,买盘
2031,13:38:46,29.48,8844,3,买盘
2032,13:38:49,29.48,5896,2,买盘
2033,13:38:55,29.48,2948,1,买盘
2034,13:38:58,29.48,2948,1,买盘
2035,13:39:07,29.48,14740,5,买盘
2036,13:39:19,29.49,17694,6,买盘
2037,13:39:22,29.48,2948,1,卖盘
2038,13:39:31,29.49,8847,3,买盘
2039,13:39:46,29.49,8847,3,买盘
2040,13:40:01,29.49,17694,6,买盘
2041,13:40:07,29.48,2948,1,卖盘
2042,13:40:25,29.49,11796,4,买盘
2043,13:40:28,29.48,2948,1,卖盘
2044,13:40:34,29.49,29490,10,买盘
2045,13:40:37,29.49,14745,5,买盘
2046,13:40:40,29.49,14745,5,买盘
2047,13:40:43,29.48,23589,8,卖盘
2048,13:40:52,29.48,73700,25,卖盘
2049,13:41:04,29.48,14743,5,卖盘
2050,13:41:19,29.49,14745,5,买盘
2051,13:41:22,29.49,14744,5,买盘
2052,13:41:31,29.49,5898,2,买盘
2053,13:41:34,29.49,2949,1,买盘
2054,13:41:37,29.49,2949,1,买盘
2055,13:41:46,29.48,29480,10,卖盘
2056,13:41:49,29.48,5896,2,卖盘
2057,13:41:52,29.49,5898,2,买盘
2058,13:42:01,29.49,2949,1,买盘
2059,13:42:07,29.49,17694,6,卖盘
2060,13:42:13,29.49,5898,2,卖盘
2061,13:42:16,29.49,11796,4,卖盘
2062,13:42:19,29.48,76667,26,卖盘
2063,13:42:22,29.49,38329,13,买盘
2064,13:42:25,29.48,23584,8,卖盘
2065,13:42:28,29.49,26539,9,买盘
2066,13:42:34,29.48,11792,4,卖盘
2067,13:42:37,29.48,11792,4,卖盘
2068,13:42:40,29.48,17688,6,卖盘
2069,13:43:04,29.49,147450,50,买盘
2070,13:43:16,29.5,14748,5,买盘
2071,13:43:19,29.49,41286,14,卖盘
2072,13:43:34,29.49,58980,20,卖盘
2073,13:43:37,29.5,14750,5,买盘
2074,13:43:46,29.49,200528,68,卖盘
2075,13:43:49,29.48,206362,70,卖盘
2076,13:43:52,29.48,100236,34,卖盘
2077,13:43:55,29.48,2948,1,卖盘
2078,13:43:58,29.48,94309,32,卖盘
2079,13:44:01,29.48,35372,12,买盘
2080,13:44:04,29.47,14735,5,卖盘
2081,13:44:07,29.46,88408,30,卖盘
2082,13:44:10,29.46,44190,15,卖盘
2083,13:44:13,29.46,41244,14,卖盘
2084,13:44:16,29.46,61870,21,卖盘
2085,13:44:19,29.46,8838,3,卖盘
2086,13:44:22,29.46,91326,31,卖盘
2087,13:44:25,29.46,8838,3,卖盘
2088,13:44:28,29.45,53010,18,卖盘
2089,13:44:31,29.45,58900,20,卖盘
2090,13:44:34,29.45,5890,2,卖盘
2091,13:44:37,29.45,29450,10,卖盘
2092,13:44:40,29.46,8838,3,买盘
2093,13:44:46,29.45,14725,5,卖盘
2094,13:44:49,29.45,14727,5,卖盘
2095,13:44:55,29.45,2945,1,卖盘
2096,13:44:58,29.46,5892,2,买盘
2097,13:45:01,29.45,32395,11,卖盘
2098,13:45:04,29.45,276816,94,卖盘
2099,13:45:07,29.43,126549,43,卖盘
2100,13:45:10,29.43,8829,3,卖盘
2101,13:45:13,29.43,35316,12,卖盘
2102,13:45:16,29.42,14710,5,卖盘
2103,13:45:22,29.42,52957,18,卖盘
2104,13:45:28,29.42,20594,7,卖盘
2105,13:45:31,29.42,44130,15,卖盘
2106,13:45:34,29.42,50004,17,买盘
2107,13:45:37,29.41,73527,25,卖盘
2108,13:45:40,29.42,8826,3,卖盘
2109,13:45:43,29.41,32354,11,卖盘
2110,13:45:49,29.43,17658,6,买盘
2111,13:45:52,29.42,44130,15,卖盘
2112,13:45:55,29.42,20592,7,卖盘
2113,13:45:58,29.42,2942,1,买盘
2114,13:46:01,29.42,2942,1,买盘
2115,13:46:04,29.42,5884,2,买盘
2116,13:46:16,29.41,2941,1,卖盘
2117,13:46:22,29.42,52939,18,买盘
2118,13:46:25,29.41,49997,17,卖盘
2119,13:46:34,29.42,26478,9,买盘
2120,13:46:37,29.42,20594,7,买盘
2121,13:46:40,29.41,20587,7,卖盘
2122,13:46:43,29.41,67643,23,卖盘
2123,13:46:46,29.41,29410,10,卖盘
2124,13:46:49,29.42,11768,4,买盘
2125,13:46:52,29.42,11768,4,买盘
2126,13:46:55,29.42,20590,7,买盘
2127,13:46:58,29.42,11768,4,买盘
2128,13:47:01,29.42,35296,12,买盘
2129,13:47:07,29.42,8826,3,买盘
2130,13:47:10,29.42,5884,2,买盘
2131,13:47:16,29.42,47068,16,买盘
2132,13:47:19,29.41,11764,4,卖盘
2133,13:47:22,29.41,97053,33,卖盘
2134,13:47:28,29.41,117626,40,卖盘
2135,13:47:34,29.42,5884,2,买盘
2136,13:47:37,29.41,32351,11,卖盘
2137,13:47:40,29.42,11768,4,买盘
2138,13:47:43,29.42,5884,2,买盘
2139,13:47:46,29.42,8826,3,买盘
2140,13:47:49,29.42,73547,25,买盘
2141,13:47:55,29.41,29419,10,卖盘
2142,13:48:07,29.43,11772,4,买盘
2143,13:48:16,29.43,5886,2,买盘
2144,13:48:22,29.42,20594,7,卖盘
2145,13:48:25,29.41,20587,7,卖盘
2146,13:48:28,29.42,29420,10,买盘
2147,13:48:46,29.43,11772,4,买盘
2148,13:48:49,29.42,8826,3,卖盘
2149,13:48:52,29.43,5886,2,买盘
2150,13:48:58,29.44,103008,35,买盘
2151,13:49:01,29.45,17665,6,买盘
2152,13:49:04,29.44,52982,18,卖盘
2153,13:49:07,29.45,20609,7,买盘
2154,13:49:16,29.44,67712,23,卖盘
2155,13:49:19,29.43,41206,14,卖盘
2156,13:49:22,29.42,29420,10,卖盘
2157,13:49:25,29.42,17656,6,卖盘
2158,13:49:46,29.43,2943,1,买盘
2159,13:49:55,29.43,5886,2,买盘
2160,13:50:01,29.42,2942,1,卖盘
2161,13:50:04,29.43,32366,11,中性盘
2162,13:50:07,29.43,8829,3,卖盘
2163,13:50:10,29.42,44136,15,卖盘
2164,13:50:13,29.45,26491,9,买盘
2165,13:50:19,29.42,41190,14,卖盘
2166,13:50:22,29.43,2943,1,中性盘
2167,13:50:25,29.42,23540,8,卖盘
2168,13:50:28,29.42,85318,29,卖盘
2169,13:50:34,29.44,11776,4,买盘
2170,13:50:37,29.44,41216,14,卖盘
2171,13:50:40,29.43,44153,15,卖盘
2172,13:50:43,29.43,20602,7,卖盘
2173,13:50:46,29.43,2943,1,买盘
2174,13:51:04,29.44,35324,12,买盘
2175,13:51:10,29.43,17658,6,卖盘
2176,13:51:16,29.42,38250,13,卖盘
2177,13:51:22,29.42,67667,23,卖盘
2178,13:51:25,29.42,55892,19,卖盘
2179,13:51:28,29.42,8826,3,卖盘
2180,13:51:34,29.45,147181,50,买盘
2181,13:51:40,29.41,117664,40,卖盘
2182,13:51:43,29.41,17646,6,卖盘
2183,13:51:46,29.41,126475,43,卖盘
2184,13:51:49,29.41,20587,7,卖盘
2185,13:51:52,29.42,55881,19,中性盘
2186,13:51:55,29.41,17646,6,卖盘
2187,13:51:58,29.41,20587,7,卖盘
2188,13:52:04,29.41,17646,6,卖盘
2189,13:52:10,29.42,2942,1,买盘
2190,13:52:28,29.41,44115,15,卖盘
2191,13:52:34,29.41,73528,25,卖盘
2192,13:52:37,29.41,47056,16,卖盘
2193,13:52:40,29.4,44100,15,卖盘
2194,13:52:43,29.4,20582,7,卖盘
2195,13:52:46,29.42,8826,3,买盘
2196,13:52:49,29.41,5882,2,中性盘
2197,13:52:55,29.4,35282,12,卖盘
2198,13:52:58,29.4,38224,13,卖盘
2199,13:53:10,29.41,11764,4,卖盘
2200,13:53:13,29.42,32345,11,买盘
2201,13:53:22,29.4,61743,21,卖盘
2202,13:53:25,29.4,44100,15,卖盘
2203,13:53:28,29.41,32342,11,中性盘
2204,13:53:31,29.41,17646,6,卖盘
2205,13:53:40,29.42,8826,3,买盘
2206,13:53:43,29.42,2942,1,买盘
2207,13:53:46,29.42,2942,1,买盘
2208,13:53:49,29.41,23528,8,卖盘
2209,13:53:55,29.42,35297,12,买盘
2210,13:53:58,29.4,23522,8,卖盘
2211,13:54:22,29.42,97086,33,买盘
2212,13:54:25,29.42,44130,15,卖盘
2213,13:54:28,29.41,41178,14,卖盘
2214,13:54:37,29.43,8829,3,买盘
2215,13:54:43,29.43,5886,2,买盘
2216,13:55:01,29.42,11768,4,卖盘
2217,13:55:04,29.42,5884,2,买盘
2218,13:55:10,29.41,17646,6,卖盘
2219,13:55:19,29.42,8826,3,买盘
2220,13:55:22,29.42,5884,2,买盘
2221,13:55:25,29.41,32351,11,卖盘
2222,13:55:28,29.41,47056,16,卖盘
2223,13:55:31,29.41,17646,6,卖盘
2224,13:55:34,29.4,35284,12,卖盘
2225,13:55:37,29.41,11764,4,买盘
2226,13:55:40,29.41,52927,18,买盘
2227,13:55:43,29.4,17640,6,卖盘
2228,13:55:46,29.41,35292,12,买盘
2229,13:55:52,29.4,73500,25,卖盘
2230,13:55:55,29.4,55860,19,卖盘
2231,13:55:58,29.41,5882,2,买盘
2232,13:56:01,29.41,61742,21,买盘
2233,13:56:04,29.4,17640,6,卖盘
2234,13:56:07,29.41,5881,2,买盘
2235,13:56:13,29.41,26469,9,买盘
2236,13:56:16,29.41,41174,14,卖盘
2237,13:56:19,29.41,55874,19,卖盘
2238,13:56:22,29.4,35282,12,卖盘
2239,13:56:25,29.41,35282,12,买盘
2240,13:56:28,29.41,35281,12,买盘
2241,13:56:37,29.4,711480,242,卖盘
2242,13:56:40,29.4,438065,149,卖盘
2243,13:56:43,29.4,79380,27,卖盘
2244,13:56:46,29.4,867308,295,卖盘
2245,13:56:49,29.4,223443,76,卖盘
2246,13:56:52,29.4,147020,50,卖盘
2247,13:56:55,29.4,135241,46,卖盘
2248,13:56:58,29.4,67627,23,卖盘
2249,13:57:01,29.41,23521,8,买盘
2250,13:57:04,29.4,64680,22,卖盘
2251,13:57:10,29.4,26460,9,卖盘
2252,13:57:13,29.41,44115,15,买盘
2253,13:57:16,29.4,38220,13,卖盘
2254,13:57:19,29.41,44104,15,买盘
2255,13:57:22,29.41,8823,3,买盘
2256,13:57:25,29.4,35280,12,卖盘
2257,13:57:28,29.41,5882,2,买盘
2258,13:57:34,29.41,5882,2,买盘
2259,13:57:46,29.41,8823,3,买盘
2260,13:57:49,29.4,8822,3,卖盘
2261,13:57:52,29.4,61740,21,卖盘
2262,13:57:55,29.4,38220,13,卖盘
2263,13:58:01,29.41,11764,4,买盘
2264,13:58:10,29.41,17646,6,买盘
2265,13:58:13,29.4,58800,20,卖盘
2266,13:58:16,29.41,5882,2,买盘
2267,13:58:19,29.4,94080,32,卖盘
2268,13:58:22,29.42,126462,43,买盘
2269,13:58:25,29.41,67647,23,卖盘
2270,13:58:40,29.42,8826,3,买盘
2271,13:58:49,29.42,2942,1,买盘
2272,13:58:55,29.41,2941,1,卖盘
2273,13:59:07,29.42,5884,2,买盘
2274,13:59:10,29.42,2942,1,买盘
2275,13:59:13,29.42,2942,1,买盘
2276,13:59:19,29.42,5884,2,买盘
2277,13:59:31,29.41,2941,1,卖盘
2278,13:59:34,29.42,5884,2,买盘
2279,13:59:40,29.41,35292,12,卖盘
2280,13:59:43,29.41,58820,20,卖盘
2281,13:59:46,29.41,2941,1,买盘
2282,13:59:49,29.41,5882,2,买盘
2283,13:59:52,29.41,2941,1,买盘
2284,13:59:55,29.41,2941,1,卖盘
2285,14:00:04,29.41,2941,1,卖盘
2286,14:00:10,29.42,8826,3,买盘
2287,14:00:13,29.4,44109,15,卖盘
2288,14:00:16,29.41,47056,16,买盘
2289,14:00:19,29.41,52938,18,买盘
2290,14:00:22,29.41,23523,8,买盘
2291,14:00:25,29.4,44100,15,卖盘
2292,14:00:28,29.41,5882,2,买盘
2293,14:00:31,29.4,5880,2,卖盘
2294,14:00:37,29.4,38223,13,卖盘
2295,14:00:43,29.41,14705,5,买盘
2296,14:00:46,29.41,5881,2,买盘
2297,14:00:49,29.4,17640,6,卖盘
2298,14:00:52,29.41,11764,4,买盘
2299,14:01:01,29.42,5884,2,买盘
2300,14:01:19,29.42,8826,3,买盘
2301,14:01:34,29.42,26478,9,买盘
2302,14:01:40,29.42,8826,3,买盘
2303,14:01:43,29.42,29420,10,买盘
2304,14:01:46,29.41,67643,23,卖盘
2305,14:01:49,29.41,35283,12,买盘
2306,14:01:55,29.41,11764,4,买盘
2307,14:01:58,29.4,91142,31,卖盘
2308,14:02:01,29.4,17641,6,卖盘
2309,14:02:04,29.4,185220,63,卖盘
2310,14:02:07,29.4,11760,4,卖盘
2311,14:02:10,29.41,38222,13,买盘
2312,14:02:13,29.41,5882,2,买盘
2313,14:02:16,29.4,97020,33,卖盘
2314,14:02:19,29.4,20580,7,卖盘
2315,14:02:25,29.4,105840,36,卖盘
2316,14:02:28,29.4,32340,11,卖盘
2317,14:02:31,29.4,38220,13,卖盘
2318,14:02:34,29.4,8820,3,卖盘
2319,14:02:43,29.41,35292,12,买盘
2320,14:02:49,29.4,32345,11,卖盘
2321,14:02:52,29.4,70560,24,卖盘
2322,14:02:55,29.4,23522,8,卖盘
2323,14:03:01,29.4,17640,6,卖盘
2324,14:03:10,29.41,2941,1,买盘
2325,14:03:13,29.4,32340,11,卖盘
2326,14:03:34,29.41,5882,2,买盘
2327,14:03:37,29.4,8820,3,卖盘
2328,14:03:40,29.4,11763,4,卖盘
2329,14:03:43,29.41,29410,10,买盘
2330,14:03:46,29.41,8823,3,买盘
2331,14:03:49,29.41,38226,13,买盘
2332,14:03:55,29.41,8823,3,买盘
2333,14:03:58,29.4,73502,25,卖盘
2334,14:04:01,29.4,17640,6,卖盘
2335,14:04:04,29.4,20580,7,卖盘
2336,14:04:07,29.4,2940,1,卖盘
2337,14:04:10,29.41,5882,2,买盘
2338,14:04:16,29.41,2941,1,买盘
2339,14:04:22,29.41,11764,4,买盘
2340,14:04:34,29.41,14705,5,买盘
2341,14:04:37,29.41,38233,13,买盘
2342,14:04:40,29.41,1500,1,买盘
2343,14:04:49,29.42,5883,2,买盘
2344,14:04:55,29.41,8823,3,卖盘
2345,14:04:58,29.4,17640,6,卖盘
2346,14:05:01,29.4,26460,9,卖盘
2347,14:05:10,29.41,11764,4,买盘
2348,14:05:16,29.4,8820,3,卖盘
2349,14:05:19,29.41,5882,2,买盘
2350,14:05:25,29.4,44100,15,卖盘
2351,14:05:28,29.4,70560,24,卖盘
2352,14:05:31,29.4,76440,26,卖盘
2353,14:05:34,29.4,191100,65,卖盘
2354,14:05:37,29.4,26460,9,卖盘
2355,14:05:40,29.39,111702,38,卖盘
2356,14:05:43,29.39,88170,30,卖盘
2357,14:05:46,29.39,23512,8,卖盘
2358,14:05:49,29.39,41149,14,卖盘
2359,14:05:55,29.4,32334,11,买盘
2360,14:06:10,29.39,5878,2,卖盘
2361,14:06:13,29.39,32329,11,卖盘
2362,14:06:16,29.4,29392,10,买盘
2363,14:06:19,29.39,20573,7,卖盘
2364,14:06:22,29.4,26460,9,买盘
2365,14:06:25,29.4,29400,10,买盘
2366,14:06:28,29.4,120540,41,买盘
2367,14:06:31,29.39,85231,29,卖盘
2368,14:06:34,29.39,41146,14,卖盘
2369,14:06:37,29.39,26451,9,卖盘
2370,14:06:40,29.4,2940,1,买盘
2371,14:06:46,29.4,8820,3,买盘
2372,14:06:49,29.4,5880,2,卖盘
2373,14:06:52,29.4,52920,18,中性盘
2374,14:06:55,29.39,41146,14,卖盘
2375,14:06:58,29.4,8820,3,买盘
2376,14:07:01,29.41,14701,5,买盘
2377,14:07:10,29.39,41148,14,卖盘
2378,14:07:13,29.39,17634,6,卖盘
2379,14:07:25,29.4,5880,2,买盘
2380,14:07:40,29.4,8820,3,买盘
2381,14:07:46,29.4,8820,3,买盘
2382,14:07:58,29.4,29400,10,买盘
2383,14:08:10,29.4,85260,29,买盘
2384,14:08:13,29.39,32332,11,卖盘
2385,14:08:16,29.39,20573,7,卖盘
2386,14:08:19,29.4,8820,3,买盘
2387,14:08:22,29.39,76414,26,卖盘
2388,14:08:25,29.39,20573,7,卖盘
2389,14:08:34,29.4,8820,3,买盘
2390,14:08:37,29.4,5880,2,买盘
2391,14:08:40,29.4,11760,4,买盘
2392,14:08:46,29.4,20580,7,买盘
2393,14:08:49,29.39,20574,7,卖盘
2394,14:08:52,29.4,8820,3,买盘
2395,14:08:55,29.4,8820,3,卖盘
2396,14:08:58,29.41,23528,8,买盘
2397,14:09:01,29.41,14705,5,买盘
2398,14:09:04,29.4,29403,10,卖盘
2399,14:09:07,29.4,14701,5,卖盘
2400,14:09:10,29.41,2941,1,买盘
2401,14:09:19,29.4,11760,4,卖盘
2402,14:09:22,29.4,2940,1,卖盘
2403,14:09:31,29.4,26460,9,卖盘
2404,14:09:34,29.4,76440,26,卖盘
2405,14:09:40,29.4,58803,20,卖盘
2406,14:09:46,29.41,20583,7,买盘
2407,14:09:52,29.4,5880,2,卖盘
2408,14:09:55,29.4,5880,2,卖盘
2409,14:09:58,29.4,5880,2,卖盘
2410,14:10:04,29.41,11764,4,买盘
2411,14:10:07,29.4,20583,7,卖盘
2412,14:10:10,29.4,47050,16,卖盘
2413,14:10:16,29.41,5882,2,买盘
2414,14:10:19,29.41,5881,2,买盘
2415,14:10:22,29.41,8822,3,买盘
2416,14:10:25,29.4,52920,18,卖盘
2417,14:10:28,29.4,26460,9,卖盘
2418,14:10:31,29.39,229252,78,卖盘
2419,14:10:34,29.39,429144,146,卖盘
2420,14:10:40,29.38,144004,49,卖盘
2421,14:10:46,29.38,64636,22,卖盘
2422,14:10:49,29.38,35260,12,卖盘
2423,14:10:52,29.38,64636,22,卖盘
2424,14:10:55,29.38,29380,10,卖盘
2425,14:10:58,29.38,14690,5,卖盘
2426,14:11:01,29.37,752095,256,卖盘
2427,14:11:04,29.36,214394,73,卖盘
2428,14:11:07,29.37,91033,31,买盘
2429,14:11:10,29.36,531349,181,卖盘
2430,14:11:13,29.35,105679,36,卖盘
2431,14:11:16,29.35,41090,14,卖盘
2432,14:11:19,29.35,137945,47,卖盘
2433,14:11:22,29.36,17616,6,买盘
2434,14:11:25,29.36,158519,54,买盘
2435,14:11:28,29.36,44042,15,卖盘
2436,14:11:34,29.37,5874,2,买盘
2437,14:11:40,29.37,270109,92,买盘
2438,14:11:43,29.37,23493,8,买盘
2439,14:11:46,29.37,73399,25,买盘
2440,14:11:49,29.35,29359,10,卖盘
2441,14:11:52,29.37,2937,1,买盘
2442,14:11:58,29.37,5874,2,买盘
2443,14:12:01,29.37,38181,13,买盘
2444,14:12:04,29.36,23488,8,卖盘
2445,14:12:07,29.36,73400,25,卖盘
2446,14:12:10,29.36,46976,16,卖盘
2447,14:12:13,29.37,8811,3,买盘
2448,14:12:31,29.36,11744,4,卖盘
2449,14:12:34,29.36,14680,5,卖盘
2450,14:12:37,29.36,132097,45,买盘
2451,14:12:40,29.35,126214,43,卖盘
2452,14:12:46,29.35,44028,15,卖盘
2453,14:12:55,29.36,2936,1,买盘
2454,14:12:58,29.36,70464,24,卖盘
2455,14:13:01,29.37,23489,8,买盘
2456,14:13:04,29.37,199709,68,买盘
2457,14:13:07,29.37,79299,27,卖盘
2458,14:13:10,29.36,126283,43,卖盘
2459,14:13:13,29.36,35242,12,卖盘
2460,14:13:16,29.36,76324,26,卖盘
2461,14:13:19,29.36,41104,14,卖盘
2462,14:13:25,29.36,5872,2,卖盘
2463,14:13:34,29.36,8808,3,卖盘
2464,14:13:37,29.36,58720,20,卖盘
2465,14:13:40,29.35,17611,6,卖盘
2466,14:13:43,29.35,26415,9,卖盘
2467,14:13:46,29.36,17616,6,卖盘
2468,14:13:49,29.37,5874,2,买盘
2469,14:13:52,29.37,8811,3,买盘
2470,14:13:55,29.37,17618,6,买盘
2471,14:14:01,29.36,8808,3,卖盘
2472,14:14:04,29.36,32296,11,卖盘
2473,14:14:10,29.36,20552,7,卖盘
2474,14:14:13,29.36,26424,9,卖盘
2475,14:14:16,29.36,38168,13,卖盘
2476,14:14:19,29.36,20548,7,买盘
2477,14:14:25,29.36,11744,4,买盘
2478,14:14:28,29.35,79245,27,卖盘
2479,14:14:31,29.35,79245,27,卖盘
2480,14:14:34,29.35,225997,77,卖盘
2481,14:14:37,29.36,85140,29,买盘
2482,14:14:40,29.35,73378,25,卖盘
2483,14:14:43,29.35,17610,6,卖盘
2484,14:14:46,29.36,32290,11,买盘
2485,14:14:49,29.36,23488,8,买盘
2486,14:14:52,29.36,8806,3,买盘
2487,14:14:55,29.35,2935,1,卖盘
2488,14:14:58,29.36,8808,3,买盘
2489,14:15:01,29.35,17614,6,卖盘
2490,14:15:04,29.36,35226,12,买盘
2491,14:15:07,29.36,29352,10,买盘
2492,14:15:10,29.36,5872,2,买盘
2493,14:15:13,29.36,8808,3,买盘
2494,14:15:16,29.36,8808,3,买盘
2495,14:15:22,29.36,8808,3,买盘
2496,14:15:25,29.36,29360,10,买盘
2497,14:15:28,29.36,8808,3,买盘
2498,14:15:31,29.36,49897,17,买盘
2499,14:15:34,29.35,11741,4,卖盘
2500,14:15:37,29.36,11744,4,买盘
2501,14:15:40,29.35,61635,21,卖盘
2502,14:15:43,29.35,26416,9,卖盘
2503,14:15:46,29.36,38168,13,买盘
2504,14:15:49,29.35,79266,27,卖盘
2505,14:15:52,29.36,5872,2,买盘
2506,14:15:55,29.36,49898,17,买盘
2507,14:16:13,29.36,38168,13,买盘
2508,14:16:22,29.36,252496,86,买盘
2509,14:16:25,29.36,111548,38,买盘
2510,14:16:28,29.35,52830,18,卖盘
2511,14:16:31,29.35,52840,18,卖盘
2512,14:16:34,29.36,32296,11,买盘
2513,14:16:40,29.35,23481,8,卖盘
2514,14:16:43,29.36,26424,9,买盘
2515,14:16:46,29.37,17617,6,买盘
2516,14:16:52,29.37,8811,3,买盘
2517,14:17:16,29.36,108645,37,卖盘
2518,14:17:19,29.37,32297,11,买盘
2519,14:17:22,29.37,173276,59,买盘
2520,14:17:25,29.36,46983,16,卖盘
2521,14:17:28,29.37,2937,1,中性盘
2522,14:17:31,29.37,26433,9,买盘
2523,14:17:34,29.37,2937,1,买盘
2524,14:17:40,29.38,8814,3,买盘
2525,14:17:43,29.38,14690,5,买盘
2526,14:17:49,29.36,55797,19,卖盘
2527,14:17:52,29.37,2937,1,买盘
2528,14:18:01,29.37,5874,2,买盘
2529,14:18:19,29.37,5874,2,买盘
2530,14:18:25,29.36,102760,35,卖盘
2531,14:18:28,29.37,49916,17,买盘
2532,14:18:31,29.36,29361,10,卖盘
2533,14:18:34,29.37,8809,3,买盘
2534,14:18:40,29.36,88080,30,卖盘
2535,14:18:43,29.36,29360,10,卖盘
