,成交时间,成交价格,成交金额,成交量,性质
0,09:25:03,29.31,463098,158,卖盘
1,09:30:03,29.32,73386,25,中性盘
2,09:30:06,29.36,20547,7,中性盘
3,09:30:09,29.41,152578,52,买盘
4,09:30:12,29.35,49895,17,中性盘
5,09:30:15,29.31,193461,66,卖盘
6,09:30:18,29.28,249269,85,卖盘
7,09:30:21,29.27,199078,68,卖盘
8,09:30:24,29.27,561847,192,卖盘
9,09:30:27,29.24,236911,81,卖盘
10,09:30:30,29.21,192734,66,卖盘
11,09:30:33,29.2,312424,107,卖盘
12,09:30:36,29.19,93413,32,卖盘
13,09:30:39,29.12,154620,53,卖盘
14,09:30:42,29.12,285453,98,买盘
15,09:30:45,29.17,297139,102,买盘
16,09:30:48,29.17,227584,78,卖盘
17,09:30:51,29.13,180688,62,中性盘
18,09:30:54,29.13,154493,53,买盘
19,09:30:57,29.21,14597,5,买盘
20,09:31:00,29.19,72890,25,卖盘
21,09:31:03,29.17,14588,5,卖盘
22,09:31:06,29.13,14581,5,卖盘
23,09:31:09,29.16,96254,33,中性盘
24,09:31:12,29.17,67025,23,买盘
25,09:31:18,29.13,11656,4,卖盘
26,09:31:21,29.17,20413,7,买盘
27,09:31:24,29.15,49562,17,卖盘
28,09:31:27,29.17,20413,7,中性盘
29,09:31:30,29.19,11675,4,买盘
30,09:31:33,29.2,8760,3,买盘
31,09:31:39,29.21,35052,12,买盘
32,09:31:42,29.23,8769,3,买盘
33,09:31:45,29.25,26321,9,买盘
34,09:31:48,29.25,32195,11,中性盘
35,09:31:51,29.26,32193,11,中性盘
36,09:31:54,29.29,20503,7,中性盘
37,09:31:57,29.28,2928,1,中性盘
38,09:32:00,29.26,52665,18,卖盘
39,09:32:03,29.26,38017,13,买盘
40,09:32:06,29.27,2927,1,中性盘
41,09:32:09,29.27,14635,5,买盘
42,09:32:12,29.27,17566,6,中性盘
43,09:32:18,29.27,40967,14,中性盘
44,09:32:21,29.26,125824,43,卖盘
45,09:32:24,29.21,55550,19,卖盘
46,09:32:27,29.21,32137,11,卖盘
47,09:32:30,29.18,26264,9,卖盘
48,09:32:36,29.18,2918,1,卖盘
49,09:32:39,29.27,102394,35,买盘
50,09:32:42,29.2,2920,1,卖盘
51,09:32:45,29.21,20446,7,卖盘
52,09:32:51,29.26,20481,7,买盘
53,09:33:00,29.21,5842,2,卖盘
54,09:33:03,29.22,32142,11,中性盘
55,09:33:06,29.22,8766,3,卖盘
56,09:33:09,29.22,20454,7,卖盘
57,09:33:12,29.25,23385,8,买盘
58,09:33:15,29.21,2921,1,卖盘
59,09:33:18,29.25,11688,4,买盘
60,09:33:30,29.21,23368,8,卖盘
61,09:33:33,29.22,11688,4,卖盘
62,09:33:36,29.25,5850,2,买盘
63,09:33:39,29.23,32163,11,卖盘
64,09:33:45,29.23,8768,3,买盘
65,09:33:48,29.23,23384,8,买盘
66,09:33:51,29.23,8769,3,卖盘
67,09:34:03,29.23,37996,13,卖盘
68,09:34:06,29.22,5845,2,卖盘
69,09:34:09,29.22,8766,3,卖盘
70,09:34:12,29.24,17539,6,买盘
71,09:34:15,29.24,73100,25,买盘
72,09:34:18,29.24,35087,12,卖盘
73,09:34:21,29.23,11692,4,卖盘
74,09:34:24,29.24,26310,9,买盘
75,09:34:27,29.24,52615,18,买盘
76,09:34:30,29.23,32154,11,卖盘
77,09:34:33,29.23,38000,13,卖盘
78,09:34:39,29.23,17538,6,卖盘
79,09:34:42,29.21,151983,52,卖盘
80,09:34:45,29.21,32131,11,卖盘
81,09:34:48,29.22,93456,32,买盘
82,09:34:54,29.26,467740,160,买盘
83,09:34:57,29.26,93615,32,中性盘
84,09:35:00,29.26,64357,22,卖盘
85,09:35:03,29.28,14640,5,卖盘
86,09:35:06,29.28,26353,9,卖盘
87,09:35:12,29.29,5858,2,卖盘
88,09:35:21,29.31,32237,11,买盘
89,09:35:24,29.31,2931,1,卖盘
90,09:35:30,29.32,17592,6,卖盘
91,09:35:33,29.31,8793,3,中性盘
92,09:35:42,29.34,2934,1,买盘
93,09:35:48,29.33,38143,13,买盘
94,09:35:51,29.33,2933,1,中性盘
95,09:35:54,29.33,11732,4,卖盘
96,09:35:57,29.32,20524,7,卖盘
97,09:36:00,29.33,46934,16,买盘
98,09:36:03,29.35,2935,1,中性盘
99,09:36:06,29.36,14680,5,买盘
100,09:36:09,29.39,5878,2,买盘
101,09:36:12,29.4,11755,4,买盘
102,09:36:15,29.4,2940,1,买盘
103,09:36:18,29.38,2938,1,中性盘
104,09:36:21,29.37,23499,8,卖盘
105,09:36:24,29.36,173424,59,卖盘
106,09:36:27,29.36,23488,8,卖盘
107,09:36:30,29.32,67440,23,卖盘
108,09:36:33,29.36,5871,2,买盘
109,09:36:36,29.36,17616,6,卖盘
110,09:36:39,29.36,5872,2,买盘
111,09:36:42,29.32,14660,5,卖盘
112,09:36:45,29.33,26389,9,中性盘
113,09:36:51,29.34,5868,2,买盘
114,09:37:00,29.33,38150,13,卖盘
115,09:37:06,29.34,2934,1,卖盘
116,09:37:09,29.34,5869,2,卖盘
117,09:37:15,29.38,38178,13,买盘
118,09:37:18,29.38,11752,4,卖盘
119,09:37:21,29.41,23504,8,买盘
120,09:37:24,29.38,5876,2,中性盘
121,09:37:27,29.38,2938,1,卖盘
122,09:37:30,29.38,2938,1,卖盘
123,09:37:33,29.38,44071,15,买盘
124,09:37:36,29.36,328973,112,卖盘
125,09:37:39,29.35,5870,2,卖盘
126,09:37:42,29.36,38153,13,买盘
127,09:37:45,29.35,76281,26,中性盘
128,09:37:48,29.32,5864,2,卖盘
129,09:37:51,29.33,23459,8,卖盘
130,09:37:54,29.37,35228,12,买盘
131,09:37:57,29.36,17618,6,卖盘
132,09:38:06,29.37,5873,2,买盘
133,09:38:12,29.37,23496,8,买盘
134,09:38:15,29.37,32307,11,买盘
135,09:38:21,29.37,2937,1,卖盘
136,09:38:24,29.36,82229,28,卖盘
137,09:38:27,29.33,38149,13,卖盘
138,09:38:33,29.34,8802,3,买盘
139,09:38:36,29.34,2934,1,卖盘
140,09:38:39,29.33,82124,28,卖盘
141,09:38:42,29.32,49846,17,卖盘
142,09:38:45,29.32,70368,24,卖盘
143,09:38:48,29.31,82076,28,卖盘
144,09:38:51,29.3,35160,12,卖盘
145,09:38:57,29.3,2930,1,卖盘
146,09:39:00,29.31,14656,5,中性盘
147,09:39:03,29.31,2931,1,卖盘
148,09:39:06,29.31,2931,1,卖盘
149,09:39:09,29.31,20515,7,卖盘
150,09:39:12,29.3,8791,3,卖盘
151,09:39:15,29.3,2930,1,卖盘
152,09:39:18,29.37,73364,25,买盘
153,09:39:21,29.38,2938,1,买盘
154,09:39:24,29.35,5870,2,卖盘
155,09:39:27,29.35,2935,1,卖盘
156,09:39:30,29.35,26413,9,卖盘
157,09:39:33,29.36,41075,14,买盘
158,09:39:36,29.38,49942,17,买盘
159,09:39:39,29.39,26430,9,买盘
160,09:39:42,29.36,2936,1,卖盘
161,09:39:45,29.34,20538,7,卖盘
162,09:39:48,29.32,11731,4,卖盘
163,09:39:51,29.32,2932,1,卖盘
164,09:40:00,29.35,29350,10,买盘
165,09:40:03,29.33,26397,9,卖盘
166,09:40:06,29.35,46960,16,卖盘
167,09:40:09,29.33,38132,13,卖盘
168,09:40:15,29.35,5870,2,买盘
169,09:40:18,29.35,26413,9,买盘
170,09:40:21,29.34,76393,26,卖盘
171,09:40:24,29.36,23486,8,中性盘
172,09:40:27,29.39,49907,17,买盘
173,09:40:30,29.4,97050,33,中性盘
174,09:40:33,29.4,55850,19,卖盘
175,09:40:36,29.41,58752,20,买盘
176,09:40:39,29.38,29380,10,卖盘
177,09:40:42,29.38,2938,1,买盘
178,09:40:45,29.38,5876,2,中性盘
179,09:40:48,29.4,5878,2,买盘
180,09:40:51,29.39,20576,7,卖盘
181,09:40:54,29.38,14693,5,卖盘
182,09:40:57,29.38,132199,45,卖盘
183,09:41:00,29.37,55797,19,卖盘
184,09:41:03,29.36,46976,16,卖盘
185,09:41:06,29.35,38156,13,卖盘
186,09:41:09,29.36,32294,11,买盘
187,09:41:12,29.35,2935,1,卖盘
188,09:41:15,29.35,8805,3,卖盘
189,09:41:18,29.35,64570,22,卖盘
190,09:41:21,29.35,29350,10,卖盘
191,09:41:24,29.35,17611,6,卖盘
192,09:41:27,29.35,14675,5,卖盘
193,09:41:30,29.35,35220,12,卖盘
194,09:41:33,29.34,64554,22,卖盘
195,09:41:36,29.31,55712,19,卖盘
196,09:41:39,29.31,14655,5,卖盘
197,09:41:42,29.3,8792,3,卖盘
198,09:41:45,29.3,17580,6,卖盘
199,09:41:51,29.36,352188,120,买盘
200,09:41:54,29.33,146709,50,中性盘
201,09:41:57,29.36,2936,1,中性盘
202,09:42:00,29.41,217569,74,买盘
203,09:42:03,29.42,424008,144,买盘
204,09:42:09,29.42,85324,29,卖盘
205,09:42:18,29.42,5884,2,卖盘
206,09:42:21,29.46,32406,11,买盘
207,09:42:24,29.42,100030,34,卖盘
208,09:42:27,29.46,179751,61,买盘
209,09:42:30,29.5,232938,79,买盘
210,09:42:33,29.5,50164,17,卖盘
211,09:42:36,29.5,11800,4,卖盘
212,09:42:39,29.52,61950,21,中性盘
213,09:42:42,29.52,2952,1,买盘
214,09:42:45,29.5,2950,1,卖盘
215,09:42:48,29.5,23600,8,卖盘
216,09:42:51,29.5,41340,14,卖盘
217,09:42:54,29.55,47280,16,买盘
218,09:42:57,29.52,5904,2,卖盘
219,09:43:00,29.54,79756,27,中性盘
220,09:43:03,29.53,23630,8,卖盘
221,09:43:06,29.52,5904,2,卖盘
222,09:43:09,29.54,301277,102,买盘
223,09:43:12,29.55,70920,24,买盘
224,09:43:15,29.56,11824,4,买盘
225,09:43:18,29.56,14780,5,买盘
226,09:43:21,29.55,23643,8,卖盘
227,09:43:24,29.54,41369,14,卖盘
228,09:43:27,29.54,79758,27,卖盘
229,09:43:30,29.52,14760,5,卖盘
230,09:43:33,29.52,5906,2,卖盘
231,09:43:45,29.52,17712,6,卖盘
232,09:43:48,29.52,330896,112,卖盘
233,09:43:54,29.52,35424,12,卖盘
234,09:43:57,29.53,8858,3,买盘
235,09:44:00,29.55,82740,28,买盘
236,09:44:03,29.55,118217,40,买盘
237,09:44:06,29.55,38431,13,卖盘
238,09:44:12,29.55,135913,46,卖盘
239,09:44:15,29.56,2956,1,中性盘
240,09:44:18,29.56,32513,11,买盘
241,09:44:21,29.52,132873,45,卖盘
242,09:44:24,29.51,29510,10,卖盘
243,09:44:27,29.51,2951,1,卖盘
244,09:44:30,29.5,17700,6,卖盘
245,09:44:33,29.52,14760,5,买盘
246,09:44:36,29.51,2951,1,买盘
247,09:44:45,29.53,23611,8,买盘
248,09:44:54,29.51,156403,53,卖盘
249,09:45:00,29.51,26559,9,卖盘
250,09:45:03,29.43,433394,147,卖盘
251,09:45:06,29.43,17658,6,卖盘
252,09:45:09,29.5,26536,9,买盘
253,09:45:12,29.45,35366,12,中性盘
254,09:45:15,29.44,5888,2,卖盘
255,09:45:18,29.42,35316,12,卖盘
256,09:45:21,29.41,8825,3,中性盘
257,09:45:24,29.45,294449,100,买盘
258,09:45:30,29.38,102864,35,卖盘
259,09:45:33,29.37,61698,21,卖盘
260,09:45:36,29.36,164436,56,卖盘
261,09:45:39,29.35,67520,23,中性盘
262,09:45:42,29.35,14675,5,卖盘
263,09:45:45,29.33,17598,6,卖盘
264,09:45:51,29.36,2936,1,买盘
265,09:46:03,29.32,44012,15,卖盘
266,09:46:06,29.3,35175,12,卖盘
267,09:46:09,29.33,29328,10,中性盘
268,09:46:12,29.33,152516,52,买盘
269,09:46:15,29.33,79119,27,买盘
270,09:46:18,29.31,23448,8,中性盘
271,09:46:21,29.27,17567,6,卖盘
272,09:46:24,29.27,23436,8,卖盘
273,09:46:30,29.27,2927,1,卖盘
274,09:46:33,29.28,35135,12,卖盘
275,09:46:36,29.28,17569,6,卖盘
276,09:46:39,29.27,49764,17,卖盘
277,09:46:45,29.29,79043,27,中性盘
278,09:46:51,29.3,67390,23,买盘
279,09:47:03,29.29,20503,7,卖盘
280,09:47:06,29.31,29290,10,买盘
281,09:47:09,29.29,43925,15,卖盘
282,09:47:12,29.32,2932,1,买盘
283,09:47:15,29.32,23438,8,买盘
284,09:47:18,29.29,17584,6,卖盘
285,09:47:21,29.31,17585,6,买盘
286,09:47:24,29.3,32258,11,中性盘
287,09:47:27,29.34,11732,4,买盘
288,09:47:30,29.31,334198,114,卖盘
289,09:47:33,29.31,96670,33,中性盘
290,09:47:36,29.31,58620,20,买盘
291,09:47:39,29.31,38104,13,中性盘
292,09:47:42,29.33,55685,19,买盘
293,09:47:45,29.31,211229,72,卖盘
294,09:47:48,29.31,17594,6,中性盘
295,09:47:54,29.33,17599,6,卖盘
296,09:48:00,29.33,55727,19,卖盘
297,09:48:03,29.32,17592,6,卖盘
298,09:48:06,29.33,5865,2,买盘
299,09:48:09,29.3,23449,8,卖盘
300,09:48:12,29.33,5866,2,买盘
301,09:48:18,29.33,2933,1,买盘
302,09:48:21,29.33,11760,4,买盘
303,09:48:27,29.33,2933,1,卖盘
304,09:48:30,29.34,2934,1,中性盘
305,09:48:33,29.33,17600,6,卖盘
306,09:48:36,29.33,17600,6,卖盘
307,09:48:39,29.32,20525,7,卖盘
308,09:48:48,29.31,17590,6,卖盘
309,09:48:51,29.34,8802,3,买盘
310,09:48:54,29.35,8803,3,买盘
311,09:48:57,29.32,167141,57,卖盘
312,09:49:00,29.33,5866,2,买盘
313,09:49:03,29.3,35179,12,卖盘
314,09:49:06,29.3,17580,6,卖盘
315,09:49:15,29.3,2930,1,卖盘
316,09:49:18,29.3,2930,1,卖盘
317,09:49:21,29.3,5860,2,买盘
318,09:49:27,29.29,20505,7,卖盘
319,09:49:30,29.29,17574,6,卖盘
320,09:49:36,29.3,2930,1,中性盘
321,09:49:39,29.28,20497,7,卖盘
322,09:49:42,29.28,23424,8,卖盘
323,09:49:45,29.29,17574,6,买盘
324,09:49:48,29.29,2929,1,买盘
325,09:49:51,29.3,2930,1,买盘
326,09:49:54,29.29,35148,12,卖盘
327,09:49:57,29.28,5858,2,卖盘
328,09:50:00,29.28,43934,15,卖盘
329,09:50:03,29.31,2931,1,买盘
330,09:50:06,29.28,2928,1,卖盘
331,09:50:15,29.29,5858,2,卖盘
332,09:50:18,29.33,67441,23,买盘
333,09:50:21,29.35,32264,11,买盘
334,09:50:24,29.32,17593,6,卖盘
335,09:50:30,29.35,88052,30,买盘
336,09:50:33,29.36,2936,1,卖盘
337,09:50:36,29.37,11745,4,买盘
338,09:50:39,29.38,20551,7,买盘
339,09:50:42,29.36,44040,15,买盘
340,09:50:45,29.37,41128,14,卖盘
341,09:50:48,29.37,11748,4,卖盘
342,09:50:54,29.37,2937,1,卖盘
343,09:50:57,29.39,14691,5,买盘
344,09:51:00,29.37,38187,13,卖盘
345,09:51:03,29.36,79322,27,卖盘
346,09:51:06,29.38,49914,17,买盘
347,09:51:09,29.36,26424,9,卖盘
348,09:51:12,29.36,17616,6,卖盘
349,09:51:15,29.35,5871,2,卖盘
350,09:51:21,29.37,38170,13,买盘
351,09:51:24,29.35,64570,22,卖盘
352,09:51:30,29.36,8808,3,买盘
353,09:51:33,29.36,46970,16,买盘
354,09:51:36,29.37,2937,1,买盘
355,09:51:39,29.37,2937,1,买盘
356,09:51:48,29.37,8811,3,买盘
357,09:51:57,29.38,123357,42,买盘
358,09:52:03,29.37,2937,1,卖盘
359,09:52:06,29.38,2938,1,买盘
360,09:52:12,29.38,11752,4,买盘
361,09:52:15,29.39,61706,21,买盘
362,09:52:18,29.39,2939,1,卖盘
363,09:52:24,29.43,5886,2,买盘
364,09:52:27,29.43,29430,10,卖盘
365,09:52:33,29.4,8820,3,卖盘
366,09:52:36,29.42,5884,2,买盘
367,09:52:42,29.42,5884,2,买盘
368,09:52:45,29.39,26457,9,卖盘
369,09:52:48,29.42,8826,3,中性盘
370,09:52:54,29.43,23539,8,买盘
371,09:52:57,29.43,2943,1,买盘
372,09:53:00,29.39,20573,7,卖盘
373,09:53:09,29.41,14705,5,卖盘
374,09:53:12,29.41,14705,5,买盘
375,09:53:15,29.41,2941,1,卖盘
376,09:53:18,29.41,23528,8,卖盘
377,09:53:21,29.41,2941,1,卖盘
378,09:53:24,29.42,11766,4,买盘
379,09:53:27,29.41,2941,1,卖盘
380,09:53:30,29.41,2941,1,买盘
381,09:53:33,29.4,2940,1,卖盘
382,09:53:36,29.4,8821,3,卖盘
383,09:53:39,29.4,5880,2,卖盘
384,09:53:42,29.4,11762,4,卖盘
385,09:53:48,29.4,8820,3,卖盘
386,09:53:51,29.4,11760,4,买盘
387,09:53:54,29.42,61781,21,买盘
388,09:54:06,29.42,17657,6,中性盘
389,09:54:09,29.42,14710,5,卖盘
390,09:54:12,29.43,308920,105,买盘
391,09:54:15,29.43,8829,3,买盘
392,09:54:27,29.42,5884,2,卖盘
393,09:54:30,29.43,14715,5,卖盘
394,09:54:33,29.44,11775,4,买盘
395,09:54:36,29.44,8832,3,买盘
396,09:54:39,29.42,26478,9,卖盘
397,09:54:42,29.42,38246,13,买盘
398,09:54:45,29.41,26469,9,卖盘
399,09:54:48,29.43,5886,2,中性盘
400,09:54:51,29.41,5882,2,卖盘
401,09:54:54,29.43,5886,2,买盘
402,09:54:57,29.42,8826,3,卖盘
403,09:55:03,29.41,35298,12,卖盘
404,09:55:06,29.41,41171,14,卖盘
405,09:55:12,29.4,17640,6,卖盘
406,09:55:15,29.4,23520,8,卖盘
407,09:55:18,29.38,55844,19,卖盘
408,09:55:21,29.38,29385,10,卖盘
409,09:55:24,29.35,73406,25,卖盘
410,09:55:27,29.35,20552,7,卖盘
411,09:55:30,29.39,138102,47,买盘
412,09:55:33,29.39,8817,3,卖盘
413,09:55:36,29.36,14684,5,卖盘
414,09:55:39,29.35,29356,10,卖盘
415,09:55:42,29.35,17616,6,卖盘
416,09:55:45,29.35,29354,10,卖盘
417,09:55:51,29.35,8805,3,卖盘
418,09:55:54,29.36,26416,9,买盘
419,09:55:57,29.35,20545,7,卖盘
420,09:56:00,29.36,2936,1,买盘
421,09:56:03,29.35,17610,6,卖盘
422,09:56:09,29.35,2935,1,卖盘
423,09:56:12,29.35,5870,2,卖盘
424,09:56:15,29.35,5870,2,卖盘
425,09:56:21,29.36,67513,23,买盘
426,09:56:27,29.35,11740,4,卖盘
427,09:56:30,29.34,8803,3,卖盘
428,09:56:33,29.35,11740,4,买盘
429,09:56:36,29.35,14675,5,卖盘
430,09:56:39,29.35,5870,2,卖盘
431,09:56:42,29.34,5868,2,卖盘
432,09:56:48,29.34,11736,4,卖盘
433,09:56:54,29.33,20532,7,卖盘
434,09:56:57,29.34,43998,15,买盘
435,09:57:00,29.34,11734,4,买盘
436,09:57:03,29.34,5867,2,买盘
437,09:57:06,29.33,49870,17,卖盘
438,09:57:09,29.37,85122,29,买盘
439,09:57:12,29.36,17616,6,卖盘
440,09:57:15,29.37,5874,2,买盘
441,09:57:18,29.37,8811,3,买盘
442,09:57:24,29.37,11748,4,买盘
443,09:57:27,29.37,11748,4,买盘
444,09:57:33,29.37,29379,10,卖盘
445,09:57:36,29.37,5874,2,卖盘
446,09:57:39,29.39,58762,20,买盘
447,09:57:42,29.38,20572,7,卖盘
448,09:57:45,29.39,2939,1,买盘
449,09:57:48,29.39,67597,23,买盘
450,09:57:51,29.4,8820,3,买盘
451,09:57:54,29.4,11760,4,买盘
452,09:57:57,29.39,8819,3,卖盘
453,09:58:00,29.4,29400,10,买盘
454,09:58:03,29.39,11759,4,卖盘
455,09:58:06,29.4,5880,2,中性盘
456,09:58:09,29.39,2939,1,卖盘
457,09:58:18,29.4,23515,8,买盘
458,09:58:24,29.41,23527,8,买盘
459,09:58:33,29.42,29415,10,买盘
460,09:58:36,29.42,2942,1,买盘
461,09:58:42,29.4,11760,4,卖盘
462,09:58:45,29.39,2939,1,卖盘
463,09:58:48,29.39,11756,4,卖盘
464,09:58:51,29.39,41146,14,卖盘
465,09:58:54,29.39,52902,18,卖盘
466,09:58:57,29.39,35279,12,中性盘
467,09:59:00,29.39,5878,2,卖盘
468,09:59:03,29.39,11756,4,卖盘
469,09:59:06,29.39,32319,11,中性盘
470,09:59:09,29.41,11761,4,买盘
471,09:59:12,29.37,38193,13,卖盘
472,09:59:15,29.37,49944,17,卖盘
473,09:59:18,29.38,49941,17,买盘
474,09:59:21,29.33,167393,57,卖盘
475,09:59:24,29.37,11743,4,买盘
476,09:59:27,29.35,8809,3,卖盘
477,09:59:33,29.36,5872,2,中性盘
478,09:59:36,29.38,61698,21,买盘
479,09:59:39,29.38,11754,4,卖盘
480,09:59:42,29.39,5877,2,买盘
481,09:59:45,29.38,14693,5,卖盘
482,09:59:54,29.37,5874,2,卖盘
483,09:59:57,29.37,5874,2,卖盘
484,10:00:00,29.38,14687,5,买盘
485,10:00:03,29.37,32307,11,卖盘
486,10:00:06,29.35,32290,11,卖盘
487,10:00:12,29.35,5871,2,卖盘
488,10:00:15,29.38,129243,44,买盘
489,10:00:18,29.38,49949,17,卖盘
490,10:00:21,29.39,5878,2,买盘
491,10:00:24,29.39,5878,2,买盘
492,10:00:27,29.39,2939,1,买盘
493,10:00:30,29.39,52895,18,买盘
494,10:00:33,29.38,8815,3,卖盘
495,10:00:36,29.38,11752,4,中性盘
496,10:00:39,29.39,44071,15,买盘
497,10:00:42,29.38,52894,18,卖盘
498,10:00:45,29.38,2938,1,卖盘
499,10:00:48,29.41,29402,10,买盘
500,10:00:51,29.41,26469,9,买盘
501,10:00:54,29.42,17650,6,买盘
502,10:00:57,29.42,5884,2,买盘
503,10:01:00,29.42,64722,22,买盘
504,10:01:03,29.43,5885,2,买盘
505,10:01:06,29.46,32376,11,买盘
506,10:01:09,29.46,2946,1,中性盘
507,10:01:15,29.45,32380,11,买盘
508,10:01:18,29.44,55951,19,卖盘
509,10:01:21,29.44,11776,4,买盘
510,10:01:24,29.43,11772,4,卖盘
511,10:01:27,29.43,29430,10,卖盘
512,10:01:30,29.43,17658,6,卖盘
513,10:01:33,29.43,17658,6,卖盘
514,10:01:36,29.42,2942,1,卖盘
515,10:01:39,29.42,135337,46,卖盘
516,10:01:42,29.44,29437,10,买盘
517,10:01:45,29.44,17656,6,买盘
518,10:01:57,29.43,8829,3,卖盘
519,10:02:00,29.43,8829,3,买盘
520,10:02:03,29.43,8829,3,买盘
521,10:02:21,29.44,29440,10,买盘
522,10:02:24,29.45,82450,28,买盘
523,10:02:30,29.45,58907,20,卖盘
524,10:02:33,29.44,8832,3,卖盘
525,10:02:36,29.43,2943,1,卖盘
526,10:02:39,29.44,35314,12,买盘
527,10:02:42,29.42,8830,3,卖盘
528,10:03:03,29.43,20601,7,卖盘
529,10:03:06,29.43,8830,3,卖盘
530,10:03:09,29.43,5886,2,卖盘
531,10:03:12,29.44,26496,9,买盘
532,10:03:15,29.43,85363,29,卖盘
533,10:03:24,29.45,258969,88,买盘
534,10:03:27,29.47,141395,48,买盘
535,10:03:30,29.47,14735,5,买盘
536,10:03:33,29.47,41258,14,买盘
537,10:03:36,29.47,11788,4,买盘
538,10:03:39,29.46,5893,2,卖盘
539,10:03:42,29.47,2947,1,买盘
540,10:03:51,29.47,17682,6,买盘
541,10:03:57,29.5,262440,89,买盘
542,10:04:00,29.49,156375,53,卖盘
543,10:04:03,29.52,23616,8,买盘
544,10:04:15,29.53,200735,68,买盘
545,10:04:18,29.53,44305,15,卖盘
546,10:04:21,29.55,328002,111,买盘
547,10:04:24,29.54,212719,72,卖盘
548,10:04:27,29.55,2955,1,买盘
549,10:04:30,29.54,14770,5,卖盘
550,10:04:36,29.53,44295,15,卖盘
551,10:04:39,29.55,62044,21,买盘
552,10:04:42,29.54,53159,18,中性盘
553,10:04:45,29.52,17712,6,卖盘
554,10:04:48,29.53,44290,15,买盘
555,10:04:51,29.53,5906,2,卖盘
556,10:04:54,29.5,8852,3,卖盘
557,10:04:57,29.53,8859,3,买盘
558,10:05:00,29.53,372225,126,买盘
559,10:05:03,29.56,738791,250,买盘
560,10:05:06,29.57,201066,68,买盘
561,10:05:09,29.56,26610,9,卖盘
562,10:05:12,29.56,2956,1,卖盘
563,10:05:15,29.57,26613,9,卖盘
564,10:05:18,29.57,8871,3,买盘
565,10:05:21,29.56,2956,1,卖盘
566,10:05:27,29.57,62096,21,买盘
567,10:05:30,29.56,17736,6,卖盘
568,10:05:33,29.56,44345,15,卖盘
569,10:05:39,29.56,14780,5,卖盘
570,10:05:42,29.56,8868,3,卖盘
571,10:05:48,29.57,68001,23,买盘
572,10:05:51,29.57,56192,19,卖盘
573,10:06:00,29.58,29573,10,买盘
574,10:06:03,29.58,26614,9,买盘
575,10:06:06,29.6,573935,194,买盘
576,10:06:09,29.58,195311,66,卖盘
577,10:06:12,29.57,32532,11,卖盘
578,10:06:15,29.58,23663,8,买盘
579,10:06:18,29.58,14787,5,买盘
580,10:06:21,29.58,5916,2,买盘
581,10:06:24,29.57,14787,5,卖盘
582,10:06:27,29.58,5916,2,买盘
583,10:06:30,29.59,5918,2,买盘
584,10:06:33,29.57,5914,2,卖盘
585,10:06:36,29.58,5916,2,中性盘
586,10:06:42,29.58,5916,2,买盘
587,10:06:45,29.57,5914,2,卖盘
588,10:06:51,29.57,29570,10,卖盘
589,10:06:54,29.58,8874,3,买盘
590,10:06:57,29.58,2958,1,买盘
591,10:07:00,29.58,8874,3,买盘
592,10:07:03,29.58,121278,41,卖盘
593,10:07:06,29.58,53249,18,买盘
594,10:07:09,29.59,195311,66,买盘
595,10:07:12,29.6,2960,1,买盘
596,10:07:15,29.59,8879,3,卖盘
597,10:07:21,29.58,35507,12,卖盘
598,10:07:30,29.58,11832,4,卖盘
599,10:07:33,29.58,53244,18,卖盘
600,10:07:36,29.58,17748,6,买盘
601,10:07:39,29.58,20706,7,买盘
602,10:07:42,29.59,8877,3,买盘
603,10:07:48,29.58,2958,1,卖盘
604,10:07:57,29.58,8874,3,卖盘
605,10:08:00,29.58,2958,1,买盘
606,10:08:06,29.59,26628,9,买盘
607,10:08:09,29.58,38454,13,卖盘
608,10:08:12,29.59,79893,27,买盘
609,10:08:15,29.6,20720,7,买盘
610,10:08:18,29.59,112443,38,卖盘
611,10:08:21,29.59,5918,2,买盘
612,10:08:27,29.58,8874,3,卖盘
613,10:08:39,29.59,150909,51,买盘
614,10:08:45,29.6,79920,27,买盘
615,10:08:48,29.62,245760,83,买盘
616,10:08:51,29.62,44430,15,买盘
617,10:08:54,29.62,26658,9,买盘
618,10:08:57,29.62,151062,51,买盘
619,10:09:03,29.62,20734,7,卖盘
620,10:09:06,29.62,53320,18,卖盘
621,10:09:09,29.61,322953,109,卖盘
622,10:09:15,29.61,20732,7,卖盘
623,10:09:18,29.61,29613,10,卖盘
624,10:09:24,29.61,2961,1,卖盘
625,10:09:27,29.62,5924,2,买盘
626,10:09:39,29.61,168776,57,买盘
627,10:09:42,29.62,17765,6,买盘
628,10:09:45,29.63,29626,10,买盘
629,10:09:48,29.62,11848,4,中性盘
630,10:09:51,29.63,20741,7,买盘
631,10:09:54,29.64,23705,8,买盘
632,10:09:57,29.64,17784,6,买盘
633,10:10:00,29.63,26670,9,卖盘
634,10:10:03,29.65,234164,79,买盘
635,10:10:06,29.67,133475,45,买盘
636,10:10:09,29.67,2967,1,买盘
637,10:10:12,29.66,2966,1,卖盘
638,10:10:15,29.67,86043,29,买盘
639,10:10:18,29.67,20769,7,买盘
640,10:10:21,29.68,255214,86,买盘
641,10:10:24,29.67,65295,22,卖盘
642,10:10:27,29.67,74175,25,卖盘
643,10:10:30,29.67,2967,1,卖盘
644,10:10:36,29.66,62299,21,卖盘
645,10:10:39,29.7,175184,59,买盘
646,10:10:42,29.66,14830,5,卖盘
647,10:11:00,29.63,118573,40,卖盘
648,10:11:03,29.65,2965,1,卖盘
649,10:11:06,29.64,2964,1,中性盘
650,10:11:09,29.64,11856,4,中性盘
651,10:11:12,29.65,17784,6,买盘
652,10:11:18,29.63,5926,2,卖盘
653,10:11:24,29.65,11858,4,买盘
654,10:11:30,29.65,11854,4,买盘
655,10:11:39,29.65,44475,15,买盘
656,10:11:42,29.66,8898,3,买盘
657,10:11:45,29.65,2965,1,卖盘
658,10:11:48,29.64,2964,1,卖盘
659,10:11:54,29.63,8889,3,卖盘
660,10:11:57,29.63,80001,27,卖盘
661,10:12:00,29.63,426934,144,买盘
662,10:12:03,29.63,68130,23,卖盘
663,10:12:09,29.61,5922,2,卖盘
664,10:12:12,29.61,29615,10,中性盘
665,10:12:18,29.62,20734,7,买盘
666,10:12:21,29.63,20736,7,买盘
667,10:12:27,29.63,38512,13,买盘
668,10:12:30,29.62,14810,5,卖盘
669,10:12:36,29.62,2962,1,卖盘
670,10:12:48,29.61,11844,4,卖盘
671,10:12:54,29.61,23688,8,卖盘
672,10:12:57,29.61,44415,15,卖盘
673,10:13:00,29.61,17764,6,买盘
674,10:13:03,29.6,8880,3,卖盘
675,10:13:06,29.6,5920,2,卖盘
676,10:13:09,29.6,11840,4,卖盘
677,10:13:12,29.6,23680,8,卖盘
678,10:13:15,29.6,2960,1,卖盘
679,10:13:18,29.59,97679,33,卖盘
680,10:13:21,29.59,2959,1,卖盘
681,10:13:24,29.59,14795,5,卖盘
682,10:13:27,29.59,2959,1,卖盘
683,10:13:30,29.6,5918,2,买盘
684,10:13:36,29.58,5916,2,卖盘
685,10:13:42,29.58,2958,1,卖盘
686,10:13:45,29.58,14790,5,卖盘
687,10:13:51,29.57,2957,1,卖盘
688,10:13:57,29.57,171557,58,卖盘
689,10:14:00,29.57,29570,10,卖盘
690,10:14:03,29.58,29576,10,买盘
691,10:14:06,29.59,2959,1,买盘
692,10:14:09,29.59,32539,11,买盘
693,10:14:12,29.6,130200,44,买盘
694,10:14:15,29.61,145059,49,买盘
695,10:14:18,29.61,17765,6,买盘
696,10:14:33,29.61,5922,2,买盘
697,10:14:39,29.61,17766,6,买盘
698,10:14:42,29.62,222150,75,买盘
699,10:14:48,29.63,53333,18,买盘
700,10:14:51,29.64,5928,2,买盘
701,10:15:00,29.64,38532,13,买盘
702,10:15:03,29.65,23719,8,买盘
703,10:15:09,29.66,174943,59,买盘
704,10:15:15,29.66,2966,1,买盘
705,10:15:24,29.66,11864,4,买盘
706,10:15:27,29.65,2965,1,卖盘
707,10:15:30,29.65,14825,5,卖盘
708,10:15:33,29.65,2965,1,卖盘
709,10:15:36,29.65,11860,4,卖盘
710,10:15:39,29.64,5928,2,卖盘
711,10:15:42,29.64,14820,5,卖盘
712,10:15:51,29.64,5928,2,买盘
713,10:15:54,29.64,2964,1,买盘
714,10:16:00,29.64,8892,3,买盘
715,10:16:03,29.64,20748,7,买盘
716,10:16:06,29.64,8892,3,买盘
717,10:16:12,29.64,5928,2,中性盘
718,10:16:18,29.64,5928,2,买盘
719,10:16:33,29.65,177758,60,买盘
720,10:16:36,29.64,8892,3,买盘
721,10:16:48,29.62,11849,4,卖盘
722,10:16:51,29.64,2964,1,买盘
723,10:16:54,29.62,2962,1,卖盘
724,10:17:09,29.64,5928,2,买盘
725,10:17:15,29.64,8891,3,买盘
726,10:17:18,29.63,2963,1,卖盘
727,10:17:24,29.62,65167,22,卖盘
728,10:17:27,29.64,5928,2,买盘
729,10:17:33,29.61,2961,1,卖盘
730,10:17:36,29.61,29610,10,卖盘
731,10:17:42,29.61,29610,10,卖盘
732,10:17:48,29.59,17759,6,卖盘
733,10:18:03,29.59,2959,1,中性盘
734,10:18:09,29.59,5918,2,卖盘
735,10:18:12,29.59,8877,3,卖盘
736,10:18:18,29.6,56240,19,买盘
737,10:18:21,29.61,103625,35,买盘
738,10:18:24,29.61,5922,2,卖盘
739,10:18:30,29.61,59218,20,卖盘
740,10:18:33,29.61,11844,4,买盘
741,10:18:36,29.62,106632,36,买盘
742,10:18:39,29.63,8889,3,买盘
743,10:18:42,29.62,38511,13,卖盘
744,10:18:45,29.62,5924,2,卖盘
745,10:18:54,29.63,8889,3,买盘
746,10:18:57,29.64,174859,59,买盘
747,10:19:00,29.65,62235,21,买盘
748,10:19:03,29.64,5928,2,卖盘
749,10:19:06,29.64,5928,2,卖盘
750,10:19:12,29.63,5926,2,卖盘
751,10:19:15,29.65,8895,3,买盘
752,10:19:18,29.63,11858,4,卖盘
753,10:19:21,29.62,5924,2,卖盘
754,10:19:24,29.61,5922,2,卖盘
755,10:19:27,29.62,11846,4,买盘
756,10:19:30,29.62,65164,22,买盘
757,10:19:33,29.62,11848,4,买盘
758,10:19:36,29.63,5926,2,买盘
759,10:19:39,29.63,2963,1,买盘
760,10:19:42,29.61,5922,2,卖盘
761,10:19:45,29.63,5926,2,买盘
762,10:19:51,29.63,5926,2,买盘
763,10:19:57,29.63,5926,2,卖盘
764,10:20:00,29.64,130416,44,买盘
765,10:20:03,29.65,2965,1,买盘
766,10:20:15,29.64,29640,10,卖盘
767,10:20:18,29.63,38520,13,卖盘
768,10:20:21,29.63,112594,38,卖盘
769,10:20:24,29.62,17772,6,卖盘
770,10:20:27,29.62,17772,6,买盘
771,10:20:30,29.61,5922,2,卖盘
772,10:20:33,29.61,74025,25,卖盘
773,10:20:36,29.6,53280,18,卖盘
774,10:20:42,29.6,2960,1,中性盘
775,10:20:45,29.58,5916,2,卖盘
776,10:20:54,29.58,11832,4,卖盘
777,10:20:57,29.58,14790,5,卖盘
778,10:21:00,29.58,20704,7,买盘
779,10:21:03,29.57,56191,19,卖盘
780,10:21:06,29.57,2957,1,买盘
781,10:21:12,29.57,5914,2,买盘
782,10:21:15,29.58,17748,6,买盘
783,10:21:18,29.59,5918,2,买盘
784,10:21:21,29.59,2959,1,买盘
785,10:21:27,29.58,2958,1,卖盘
786,10:21:30,29.58,5916,2,卖盘
787,10:21:48,29.57,5914,2,卖盘
788,10:21:51,29.57,76896,26,卖盘
789,10:21:54,29.58,2958,1,买盘
790,10:22:03,29.59,41430,14,卖盘
791,10:22:06,29.59,2959,1,卖盘
792,10:22:09,29.58,2958,1,卖盘
793,10:22:12,29.58,5916,2,卖盘
794,10:22:27,29.58,20706,7,买盘
795,10:22:39,29.58,5916,2,卖盘
796,10:22:42,29.58,5916,2,卖盘
797,10:23:00,29.58,47328,16,卖盘
798,10:23:06,29.58,2958,1,中性盘
799,10:23:12,29.59,73975,25,买盘
800,10:23:15,29.6,180530,61,买盘
801,10:23:24,29.59,17754,6,卖盘
802,10:23:27,29.6,14800,5,买盘
803,10:23:30,29.62,882140,298,买盘
804,10:23:33,29.63,94803,32,买盘
805,10:23:36,29.63,14815,5,买盘
806,10:23:39,29.63,2963,1,买盘
807,10:23:45,29.64,5928,2,买盘
808,10:23:48,29.63,26667,9,中性盘
809,10:23:51,29.62,14812,5,卖盘
810,10:24:03,29.62,41471,14,卖盘
811,10:24:06,29.61,156951,53,卖盘
812,10:24:09,29.61,5922,2,卖盘
813,10:24:12,29.61,2961,1,卖盘
814,10:24:15,29.61,17766,6,卖盘
815,10:24:18,29.61,5922,2,卖盘
816,10:24:21,29.61,5922,2,买盘
817,10:24:30,29.62,59229,20,买盘
818,10:24:39,29.62,2962,1,买盘
819,10:24:45,29.62,8886,3,买盘
820,10:24:48,29.61,94783,32,中性盘
821,10:24:51,29.6,41440,14,卖盘
822,10:24:57,29.6,47360,16,卖盘
823,10:25:12,29.61,130284,44,买盘
824,10:25:15,29.62,88831,30,买盘
825,10:25:18,29.62,11848,4,卖盘
826,10:25:24,29.62,17772,6,卖盘
827,10:25:30,29.62,2962,1,买盘
828,10:25:36,29.62,5924,2,买盘
829,10:25:42,29.63,20741,7,买盘
830,10:25:48,29.61,11844,4,卖盘
831,10:25:51,29.61,5922,2,卖盘
832,10:26:03,29.62,35551,12,卖盘
833,10:26:06,29.62,14810,5,买盘
834,10:26:09,29.62,8886,3,卖盘
835,10:26:12,29.61,100674,34,卖盘
836,10:26:15,29.62,5924,2,买盘
837,10:26:21,29.61,23688,8,卖盘
838,10:26:24,29.61,82898,28,卖盘
839,10:26:30,29.61,11844,4,买盘
840,10:26:33,29.61,32571,11,买盘
841,10:27:06,29.61,2961,1,卖盘
842,10:27:09,29.61,5922,2,卖盘
843,10:27:18,29.61,2961,1,卖盘
844,10:27:21,29.61,20727,7,卖盘
845,10:27:30,29.61,14805,5,卖盘
846,10:27:33,29.61,5922,2,卖盘
847,10:27:36,29.61,14805,5,卖盘
848,10:27:39,29.61,29610,10,卖盘
849,10:27:42,29.62,316934,107,买盘
850,10:27:45,29.63,293337,99,买盘
851,10:27:48,29.64,151164,51,买盘
852,10:27:51,29.65,26685,9,买盘
853,10:28:00,29.65,14821,5,买盘
854,10:28:09,29.65,2965,1,买盘
855,10:28:18,29.64,17789,6,卖盘
856,10:28:21,29.64,5928,2,卖盘
857,10:28:24,29.64,32604,11,卖盘
858,10:28:27,29.64,41496,14,卖盘
859,10:28:42,29.63,5926,2,卖盘
860,10:28:51,29.64,8891,3,买盘
861,10:28:54,29.63,29630,10,卖盘
862,10:29:06,29.63,29630,10,卖盘
863,10:29:09,29.63,2963,1,卖盘
864,10:29:18,29.63,11852,4,卖盘
865,10:29:21,29.63,11852,4,买盘
866,10:29:27,29.62,26658,9,卖盘
867,10:29:30,29.62,35544,12,卖盘
868,10:29:33,29.61,79947,27,卖盘
869,10:29:36,29.6,26640,9,卖盘
870,10:29:48,29.61,5922,2,买盘
871,10:30:00,29.61,14805,5,买盘
872,10:30:06,29.6,2960,1,卖盘
873,10:30:12,29.61,14805,5,买盘
874,10:30:15,29.6,17764,6,卖盘
875,10:30:21,29.6,59202,20,卖盘
876,10:30:24,29.61,65142,22,买盘
877,10:30:30,29.61,17766,6,买盘
878,10:30:33,29.61,56259,19,买盘
879,10:30:36,29.61,11844,4,买盘
880,10:30:54,29.61,29610,10,买盘
881,10:30:57,29.61,2961,1,买盘
882,10:31:00,29.61,2961,1,买盘
883,10:31:03,29.61,8883,3,买盘
884,10:31:21,29.6,20720,7,卖盘
885,10:31:27,29.6,11840,4,卖盘
886,10:31:30,29.6,5920,2,卖盘
887,10:31:54,29.6,23680,8,卖盘
888,10:31:57,29.6,29600,10,卖盘
889,10:32:06,29.6,5920,2,卖盘
890,10:32:09,29.61,8883,3,买盘
891,10:32:18,29.61,8883,3,买盘
892,10:32:33,29.6,222020,75,卖盘
893,10:32:36,29.6,5920,2,卖盘
894,10:32:39,29.61,168777,57,买盘
895,10:32:42,29.62,14810,5,买盘
896,10:32:45,29.62,29620,10,买盘
897,10:32:48,29.62,2962,1,买盘
898,10:32:51,29.63,82937,28,买盘
899,10:33:03,29.63,8889,3,买盘
900,10:33:09,29.62,23698,8,卖盘
901,10:33:21,29.62,2962,1,卖盘
902,10:33:24,29.63,29629,10,买盘
903,10:33:33,29.63,44445,15,买盘
904,10:33:45,29.63,2963,1,买盘
905,10:34:03,29.62,17772,6,卖盘
906,10:34:12,29.62,2962,1,卖盘
907,10:34:18,29.62,11848,4,卖盘
908,10:34:21,29.63,2963,1,买盘
909,10:34:39,29.63,14815,5,买盘
910,10:34:42,29.62,74050,25,卖盘
911,10:34:45,29.63,32590,11,买盘
912,10:34:51,29.62,14810,5,卖盘
913,10:34:57,29.61,14807,5,卖盘
914,10:35:03,29.62,5924,2,卖盘
915,10:35:06,29.6,17762,6,卖盘
916,10:35:24,29.62,5924,2,买盘
917,10:35:27,29.6,2960,1,卖盘
918,10:35:30,29.6,59200,20,卖盘
919,10:36:06,29.59,32558,11,卖盘
920,10:36:12,29.6,26640,9,买盘
921,10:36:15,29.6,5920,2,买盘
922,10:36:24,29.6,29600,10,卖盘
923,10:36:27,29.61,29610,10,买盘
924,10:36:30,29.61,5922,2,买盘
925,10:36:33,29.6,11840,4,卖盘
926,10:36:36,29.6,14800,5,卖盘
927,10:36:48,29.6,2960,1,卖盘
928,10:36:54,29.6,2960,1,卖盘
929,10:36:57,29.61,17763,6,买盘
930,10:37:03,29.59,23675,8,卖盘
931,10:37:06,29.55,636019,215,卖盘
932,10:37:09,29.54,23633,8,卖盘
933,10:37:12,29.54,103324,35,卖盘
934,10:37:15,29.54,8862,3,卖盘
935,10:37:18,29.51,38386,13,卖盘
936,10:37:21,29.5,32459,11,卖盘
937,10:37:24,29.5,67863,23,卖盘
938,10:37:36,29.51,5902,2,中性盘
939,10:37:42,29.5,8850,3,卖盘
940,10:37:51,29.51,5905,2,中性盘
941,10:37:54,29.51,47216,16,买盘
942,10:37:57,29.5,82600,28,卖盘
943,10:38:00,29.51,8851,3,中性盘
944,10:38:06,29.5,2950,1,卖盘
945,10:38:09,29.5,82595,28,卖盘
946,10:38:12,29.46,20626,7,卖盘
947,10:38:15,29.42,47111,16,卖盘
948,10:38:18,29.49,2949,1,买盘
949,10:38:21,29.5,115023,39,买盘
950,10:38:24,29.49,29490,10,中性盘
951,10:38:33,29.49,2949,1,买盘
952,10:38:36,29.48,26532,9,卖盘
953,10:38:39,29.49,11796,4,中性盘
954,10:38:54,29.5,20648,7,买盘
955,10:39:03,29.49,29494,10,卖盘
956,10:39:06,29.48,44220,15,卖盘
957,10:39:09,29.45,20625,7,卖盘
958,10:39:12,29.45,38285,13,卖盘
959,10:39:21,29.48,2948,1,买盘
960,10:39:42,29.48,50116,17,买盘
961,10:39:51,29.48,14740,5,卖盘
962,10:40:00,29.48,2948,1,买盘
963,10:40:03,29.45,50096,17,卖盘
964,10:40:06,29.47,61887,21,买盘
965,10:40:21,29.46,14736,5,卖盘
966,10:40:45,29.47,8841,3,卖盘
967,10:41:00,29.48,2948,1,中性盘
968,10:41:06,29.5,44250,15,买盘
969,10:41:09,29.5,20650,7,买盘
970,10:41:15,29.49,26541,9,卖盘
971,10:41:18,29.5,5900,2,买盘
972,10:41:21,29.5,2950,1,卖盘
973,10:41:42,29.5,20650,7,卖盘
974,10:42:03,29.5,11800,4,卖盘
975,10:42:06,29.5,14750,5,卖盘
976,10:42:15,29.51,17706,6,买盘
977,10:42:21,29.51,20657,7,买盘
978,10:42:27,29.51,38353,13,买盘
979,10:42:39,29.51,2951,1,买盘
980,10:42:42,29.52,17712,6,买盘
981,10:42:57,29.52,29520,10,买盘
982,10:43:00,29.52,2952,1,买盘
983,10:43:03,29.52,59040,20,买盘
984,10:43:09,29.52,5903,2,买盘
985,10:43:15,29.51,38366,13,卖盘
986,10:43:33,29.52,26568,9,买盘
987,10:43:39,29.52,5904,2,买盘
988,10:44:03,29.52,11808,4,买盘
989,10:44:06,29.52,14756,5,买盘
990,10:44:09,29.52,2952,1,买盘
991,10:44:12,29.52,5904,2,买盘
992,10:44:30,29.52,35424,12,买盘
993,10:44:33,29.52,2952,1,买盘
994,10:44:39,29.52,5904,2,买盘
995,10:44:42,29.52,5904,2,买盘
996,10:44:45,29.52,8856,3,买盘
997,10:44:51,29.52,5904,2,买盘
998,10:45:00,29.52,11808,4,买盘
999,10:45:03,29.52,79704,27,买盘
1000,10:45:21,29.52,8856,3,卖盘
1001,10:45:33,29.52,8856,3,卖盘
1002,10:45:45,29.52,2952,1,卖盘
1003,10:45:48,29.53,14763,5,买盘
1004,10:45:51,29.53,23624,8,买盘
1005,10:45:54,29.52,20664,7,卖盘
1006,10:46:00,29.53,5906,2,买盘
1007,10:46:06,29.51,97403,33,卖盘
1008,10:46:09,29.5,53100,18,卖盘
1009,10:46:12,29.48,17692,6,卖盘
1010,10:46:36,29.5,8850,3,买盘
1011,10:46:42,29.5,5900,2,买盘
1012,10:46:45,29.48,17695,6,卖盘
1013,10:46:51,29.5,2950,1,买盘
1014,10:46:57,29.46,44211,15,卖盘
1015,10:47:06,29.48,2948,1,卖盘
1016,10:47:09,29.49,2949,1,买盘
1017,10:47:18,29.48,8844,3,卖盘
1018,10:47:42,29.48,2948,1,卖盘
1019,10:47:51,29.48,47168,16,卖盘
1020,10:47:57,29.48,2948,1,卖盘
1021,10:48:00,29.47,8842,3,卖盘
1022,10:48:09,29.49,5898,2,买盘
1023,10:48:12,29.46,88410,30,卖盘
1024,10:48:27,29.48,5896,2,卖盘
1025,10:48:30,29.47,38318,13,卖盘
1026,10:49:00,29.48,2948,1,买盘
1027,10:49:03,29.48,203412,69,买盘
1028,10:49:06,29.5,26550,9,买盘
1029,10:49:09,29.5,8850,3,买盘
1030,10:49:21,29.5,5901,2,卖盘
1031,10:49:48,29.51,8853,3,买盘
1032,10:49:51,29.51,50167,17,买盘
1033,10:50:00,29.52,29520,10,买盘
1034,10:50:03,29.51,44265,15,卖盘
1035,10:50:18,29.52,11808,4,买盘
1036,10:50:21,29.52,64944,22,买盘
1037,10:50:33,29.53,11812,4,买盘
1038,10:51:15,29.53,8859,3,买盘
1039,10:51:18,29.53,11812,4,买盘
1040,10:51:21,29.53,5906,2,买盘
1041,10:51:24,29.52,23618,8,卖盘
1042,10:51:27,29.53,56107,19,买盘
1043,10:51:30,29.52,17712,6,卖盘
1044,10:51:42,29.52,32482,11,卖盘
1045,10:51:45,29.52,8857,3,卖盘
1046,10:51:51,29.54,8862,3,买盘
1047,10:52:45,29.54,23632,8,买盘
1048,10:52:51,29.54,17724,6,买盘
1049,10:53:09,29.54,2954,1,买盘
1050,10:53:12,29.55,8865,3,买盘
1051,10:53:18,29.55,11820,4,买盘
1052,10:53:21,29.55,8865,3,买盘
1053,10:53:33,29.55,23640,8,买盘
1054,10:53:36,29.54,2954,1,卖盘
1055,10:53:39,29.54,8864,3,卖盘
1056,10:53:42,29.54,8862,3,卖盘
1057,10:53:45,29.54,5909,2,卖盘
1058,10:54:00,29.54,35448,12,卖盘
1059,10:54:12,29.54,5908,2,买盘
1060,10:54:15,29.53,85643,29,卖盘
1061,10:54:18,29.54,20678,7,买盘
1062,10:54:21,29.54,5908,2,买盘
1063,10:54:24,29.54,5908,2,中性盘
1064,10:54:39,29.54,5908,2,卖盘
1065,10:54:42,29.55,11820,4,买盘
1066,10:54:51,29.54,64988,22,卖盘
1067,10:54:54,29.55,35449,12,买盘
1068,10:55:00,29.55,5910,2,买盘
1069,10:55:09,29.54,5908,2,卖盘
1070,10:55:15,29.56,8868,3,买盘
1071,10:55:33,29.55,2955,1,卖盘
1072,10:55:48,29.55,2955,1,卖盘
1073,10:55:51,29.55,2955,1,卖盘
1074,10:56:00,29.56,44329,15,买盘
1075,10:56:09,29.56,14778,5,买盘
1076,10:56:18,29.54,20678,7,卖盘
1077,10:56:21,29.55,2955,1,买盘
1078,10:56:33,29.54,5908,2,卖盘
1079,10:56:36,29.54,17724,6,卖盘
1080,10:56:45,29.54,5908,2,买盘
1081,10:56:57,29.55,8865,3,买盘
1082,10:57:09,29.54,29540,10,卖盘
1083,10:57:24,29.54,23632,8,卖盘
1084,10:57:27,29.53,67919,23,卖盘
1085,10:57:36,29.53,5906,2,买盘
1086,10:57:39,29.51,79703,27,卖盘
1087,10:57:51,29.53,8859,3,买盘
1088,10:58:00,29.52,2952,1,中性盘
1089,10:58:06,29.51,2951,1,卖盘
1090,10:58:09,29.51,47218,16,卖盘
1091,10:58:12,29.51,29510,10,卖盘
1092,10:58:27,29.51,17706,6,卖盘
1093,10:58:42,29.52,8856,3,买盘
1094,10:58:45,29.5,14754,5,卖盘
1095,10:58:51,29.49,123896,42,卖盘
1096,10:58:54,29.47,132627,45,卖盘
1097,10:58:57,29.47,126721,43,卖盘
1098,10:59:00,29.46,132551,45,卖盘
1099,10:59:09,29.46,20622,7,买盘
1100,10:59:15,29.46,14733,5,买盘
1101,10:59:18,29.47,5894,2,买盘
1102,10:59:21,29.46,8838,3,卖盘
1103,10:59:36,29.46,61866,21,卖盘
1104,10:59:39,29.45,47120,16,卖盘
1105,11:00:09,29.46,5892,2,买盘
1106,11:00:12,29.46,53034,18,卖盘
1107,11:00:15,29.46,2946,1,卖盘
1108,11:00:27,29.48,32425,11,买盘
1109,11:00:33,29.46,5892,2,卖盘
1110,11:00:36,29.46,11784,4,卖盘
1111,11:00:39,29.45,8835,3,卖盘
1112,11:00:42,29.45,2945,1,卖盘
1113,11:00:45,29.46,17676,6,买盘
1114,11:00:48,29.46,2946,1,卖盘
1115,11:01:03,29.45,11782,4,卖盘
1116,11:01:06,29.45,11780,4,卖盘
1117,11:01:09,29.45,2945,1,卖盘
1118,11:01:15,29.45,26505,9,卖盘
1119,11:01:18,29.45,61845,21,卖盘
1120,11:01:21,29.44,11776,4,卖盘
1121,11:01:30,29.44,11779,4,卖盘
1122,11:01:36,29.45,5890,2,卖盘
1123,11:01:39,29.45,8835,3,卖盘
1124,11:01:42,29.45,14722,5,买盘
1125,11:01:45,29.44,23554,8,卖盘
1126,11:01:54,29.44,14720,5,卖盘
1127,11:01:57,29.43,20601,7,卖盘
1128,11:02:00,29.45,85376,29,买盘
1129,11:02:03,29.45,8835,3,卖盘
1130,11:02:06,29.45,2945,1,卖盘
1131,11:02:24,29.45,76579,26,卖盘
1132,11:02:57,29.45,11780,4,卖盘
1133,11:03:15,29.46,2946,1,买盘
1134,11:03:21,29.45,47120,16,卖盘
1135,11:03:24,29.46,23563,8,买盘
1136,11:03:30,29.46,23568,8,买盘
1137,11:03:39,29.46,17676,6,买盘
1138,11:03:48,29.46,20622,7,买盘
1139,11:03:51,29.46,5892,2,买盘
1140,11:04:03,29.47,8841,3,买盘
1141,11:04:06,29.47,88410,30,买盘
1142,11:04:09,29.47,23576,8,卖盘
1143,11:04:12,29.46,23574,8,卖盘
1144,11:04:15,29.46,5892,2,买盘
1145,11:04:18,29.45,5890,2,卖盘
1146,11:04:24,29.44,197315,67,卖盘
1147,11:04:27,29.45,20615,7,买盘
1148,11:04:45,29.43,8831,3,卖盘
1149,11:05:00,29.44,8832,3,中性盘
1150,11:05:03,29.44,8832,3,买盘
1151,11:05:06,29.43,20601,7,卖盘
1152,11:05:09,29.43,26489,9,卖盘
1153,11:05:12,29.43,17658,6,卖盘
1154,11:05:21,29.43,17658,6,卖盘
1155,11:05:33,29.45,73579,25,买盘
1156,11:05:45,29.45,26505,9,买盘
1157,11:06:03,29.45,8835,3,买盘
1158,11:06:15,29.45,5890,2,卖盘
1159,11:06:18,29.46,8838,3,买盘
1160,11:06:30,29.46,8838,3,买盘
1161,11:06:33,29.44,5888,2,卖盘
1162,11:06:36,29.43,2943,1,卖盘
1163,11:06:42,29.43,50031,17,卖盘
1164,11:06:45,29.42,23536,8,卖盘
1165,11:06:48,29.42,20594,7,卖盘
1166,11:06:54,29.41,20587,7,卖盘
1167,11:07:06,29.41,5882,2,卖盘
1168,11:07:09,29.42,5884,2,买盘
1169,11:07:12,29.43,76498,26,买盘
1170,11:07:27,29.43,14715,5,买盘
1171,11:07:45,29.43,26487,9,买盘
1172,11:08:06,29.43,55917,19,买盘
1173,11:08:09,29.42,23536,8,卖盘
1174,11:08:15,29.42,5885,2,卖盘
1175,11:08:33,29.44,17664,6,买盘
1176,11:08:42,29.44,11776,4,买盘
1177,11:08:57,29.44,8832,3,买盘
1178,11:09:00,29.43,17659,6,卖盘
1179,11:09:12,29.44,11775,4,买盘
1180,11:09:15,29.44,20608,7,买盘
1181,11:09:18,29.44,5888,2,买盘
1182,11:09:21,29.43,8829,3,卖盘
1183,11:09:30,29.43,2943,1,卖盘
1184,11:09:39,29.42,82377,28,卖盘
1185,11:09:42,29.42,199984,68,买盘
1186,11:09:45,29.42,29404,10,买盘
1187,11:09:48,29.42,5884,2,买盘
1188,11:10:00,29.4,5880,2,卖盘
1189,11:10:03,29.41,5882,2,卖盘
1190,11:10:06,29.39,223434,76,卖盘
1191,11:10:09,29.39,85231,29,卖盘
1192,11:10:15,29.37,20563,7,卖盘
1193,11:10:21,29.37,11748,4,卖盘
1194,11:10:30,29.38,8814,3,买盘
1195,11:10:45,29.37,11748,4,卖盘
1196,11:10:57,29.37,14685,5,卖盘
1197,11:11:12,29.37,14685,5,卖盘
1198,11:11:18,29.37,8811,3,卖盘
1199,11:11:24,29.37,26433,9,卖盘
1200,11:11:33,29.36,41104,14,卖盘
1201,11:11:36,29.36,14680,5,买盘
1202,11:11:42,29.37,52851,18,买盘
1203,11:11:48,29.36,41104,14,卖盘
1204,11:12:00,29.36,8808,3,买盘
1205,11:12:03,29.35,20545,7,卖盘
1206,11:12:15,29.36,5872,2,买盘
1207,11:12:18,29.35,8805,3,卖盘
1208,11:12:21,29.38,261339,89,买盘
1209,11:12:24,29.38,11752,4,买盘
1210,11:12:27,29.38,5876,2,买盘
1211,11:12:30,29.38,17628,6,买盘
1212,11:12:33,29.4,111656,38,买盘
1213,11:12:42,29.39,41153,14,卖盘
1214,11:12:57,29.4,29400,10,买盘
1215,11:13:03,29.4,2940,1,卖盘
1216,11:13:15,29.4,2940,1,买盘
1217,11:13:36,29.4,29400,10,买盘
1218,11:13:54,29.39,29390,10,卖盘
1219,11:14:15,29.39,20573,7,卖盘
1220,11:14:18,29.39,2939,1,卖盘
1221,11:14:21,29.4,23515,8,买盘
1222,11:14:27,29.4,8820,3,买盘
1223,11:14:30,29.39,11756,4,卖盘
1224,11:14:36,29.39,2939,1,卖盘
1225,11:14:48,29.38,17628,6,卖盘
1226,11:14:51,29.38,2938,1,买盘
1227,11:14:57,29.38,2938,1,买盘
1228,11:15:00,29.38,5876,2,买盘
1229,11:15:06,29.38,8814,3,卖盘
1230,11:15:24,29.39,8817,3,买盘
1231,11:15:27,29.4,123446,42,买盘
1232,11:15:33,29.4,47041,16,卖盘
1233,11:15:36,29.4,20580,7,买盘
1234,11:15:48,29.4,11760,4,买盘
1235,11:16:00,29.41,14705,5,买盘
1236,11:16:03,29.4,14704,5,卖盘
1237,11:16:18,29.4,17640,6,买盘
1238,11:16:21,29.39,41155,14,卖盘
1239,11:16:27,29.4,17640,6,买盘
1240,11:16:30,29.4,14700,5,买盘
1241,11:16:42,29.39,14698,5,卖盘
1242,11:16:48,29.39,2939,1,卖盘
1243,11:16:51,29.4,61720,21,买盘
1244,11:17:03,29.4,2940,1,买盘
1245,11:17:12,29.4,8820,3,买盘
1246,11:17:18,29.4,23520,8,买盘
1247,11:17:21,29.4,11760,4,买盘
1248,11:17:27,29.4,67624,23,卖盘
1249,11:17:33,29.4,41160,14,卖盘
1250,11:17:36,29.4,8820,3,买盘
1251,11:17:39,29.4,17640,6,买盘
1252,11:17:54,29.4,14700,5,卖盘
1253,11:18:00,29.4,38220,13,卖盘
1254,11:18:03,29.39,5878,2,卖盘
1255,11:18:06,29.4,29400,10,买盘
1256,11:18:15,29.4,26460,9,买盘
1257,11:18:18,29.41,67625,23,买盘
1258,11:18:27,29.41,11763,4,买盘
1259,11:18:30,29.41,17646,6,买盘
1260,11:18:36,29.42,35301,12,买盘
1261,11:18:39,29.42,5884,2,买盘
1262,11:18:42,29.42,23536,8,买盘
1263,11:18:45,29.43,38259,13,买盘
1264,11:18:57,29.43,5886,2,买盘
1265,11:19:06,29.42,26478,9,卖盘
1266,11:19:12,29.41,8823,3,卖盘
1267,11:19:15,29.42,8826,3,买盘
1268,11:19:27,29.41,2941,1,卖盘
1269,11:19:30,29.41,5882,2,卖盘
1270,11:19:33,29.41,2941,1,卖盘
1271,11:19:36,29.41,44115,15,卖盘
1272,11:19:39,29.41,11764,4,买盘
1273,11:19:48,29.42,5884,2,买盘
1274,11:19:51,29.4,73502,25,卖盘
1275,11:19:54,29.4,47040,16,卖盘
1276,11:19:57,29.41,17642,6,中性盘
1277,11:20:00,29.41,2941,1,买盘
1278,11:20:03,29.41,5882,2,卖盘
1279,11:20:06,29.4,2940,1,卖盘
1280,11:20:12,29.42,8825,3,买盘
1281,11:20:18,29.42,5884,2,买盘
1282,11:20:24,29.42,70585,24,买盘
1283,11:20:45,29.43,8829,3,买盘
1284,11:20:51,29.43,26487,9,买盘
1285,11:20:57,29.43,23544,8,买盘
1286,11:21:00,29.43,2943,1,买盘
1287,11:21:03,29.44,23552,8,买盘
1288,11:21:06,29.43,2943,1,卖盘
1289,11:21:18,29.43,5886,2,卖盘
1290,11:21:24,29.44,20608,7,买盘
1291,11:21:30,29.43,52977,18,卖盘
1292,11:21:33,29.44,2944,1,买盘
1293,11:21:42,29.44,8832,3,买盘
1294,11:21:54,29.44,14718,5,买盘
1295,11:21:57,29.43,5886,2,卖盘
1296,11:22:03,29.43,2943,1,卖盘
1297,11:22:06,29.43,2943,1,卖盘
1298,11:22:09,29.44,11774,4,买盘
1299,11:22:18,29.43,5886,2,卖盘
1300,11:22:27,29.43,8829,3,卖盘
1301,11:22:39,29.44,8832,3,买盘
1302,11:22:42,29.44,2944,1,买盘
1303,11:22:54,29.43,2943,1,卖盘
1304,11:22:57,29.43,5886,2,卖盘
1305,11:23:15,29.44,8832,3,买盘
1306,11:23:21,29.44,50048,17,买盘
1307,11:23:33,29.44,8832,3,买盘
1308,11:23:45,29.44,8832,3,买盘
1309,11:23:54,29.44,14718,5,买盘
1310,11:23:57,29.43,5886,2,卖盘
1311,11:24:00,29.43,5886,2,卖盘
1312,11:24:03,29.44,8832,3,买盘
1313,11:24:06,29.44,17664,6,买盘
1314,11:24:21,29.44,23552,8,买盘
1315,11:24:27,29.43,11772,4,卖盘
1316,11:24:30,29.43,5887,2,卖盘
1317,11:24:33,29.43,2943,1,卖盘
1318,11:24:36,29.43,5886,2,卖盘
1319,11:24:39,29.43,2943,1,卖盘
1320,11:24:51,29.43,61810,21,卖盘
1321,11:24:54,29.43,2943,1,卖盘
1322,11:24:57,29.43,5886,2,卖盘
1323,11:25:09,29.43,76531,26,卖盘
1324,11:25:12,29.44,2944,1,买盘
1325,11:25:24,29.44,14718,5,买盘
1326,11:25:48,29.43,2943,1,卖盘
1327,11:25:51,29.43,41202,14,卖盘
1328,11:25:54,29.43,8829,3,买盘
1329,11:25:57,29.44,14716,5,买盘
1330,11:26:03,29.44,2944,1,买盘
1331,11:26:09,29.44,2944,1,买盘
1332,11:26:18,29.44,8830,3,买盘
1333,11:26:21,29.44,2944,1,买盘
1334,11:26:27,29.43,2943,1,卖盘
1335,11:26:33,29.44,2944,1,买盘
1336,11:26:36,29.44,2944,1,买盘
1337,11:26:39,29.43,5886,2,卖盘
1338,11:26:42,29.44,5888,2,买盘
1339,11:26:54,29.44,5888,2,买盘
1340,11:27:00,29.44,2944,1,买盘
1341,11:27:06,29.43,29430,10,卖盘
1342,11:27:09,29.43,32373,11,卖盘
1343,11:27:15,29.42,55898,19,卖盘
1344,11:27:18,29.42,2942,1,卖盘
1345,11:27:21,29.42,11768,4,卖盘
1346,11:27:24,29.42,29415,10,买盘
1347,11:27:27,29.42,5884,2,买盘
1348,11:27:33,29.42,26478,9,买盘
1349,11:27:45,29.43,2943,1,买盘
1350,11:27:48,29.42,8826,3,卖盘
1351,11:27:54,29.42,2942,1,卖盘
1352,11:27:57,29.42,47072,16,卖盘
1353,11:28:00,29.41,8823,3,卖盘
1354,11:28:06,29.41,8823,3,卖盘
1355,11:28:09,29.4,44105,15,卖盘
1356,11:28:12,29.4,105848,36,卖盘
1357,11:28:15,29.38,55830,19,卖盘
1358,11:28:18,29.4,35280,12,买盘
1359,11:28:21,29.4,2940,1,买盘
1360,11:28:24,29.39,32337,11,卖盘
1361,11:28:27,29.39,17634,6,卖盘
1362,11:28:33,29.39,5878,2,卖盘
1363,11:28:45,29.42,5884,2,买盘
1364,11:29:00,29.42,23536,8,买盘
1365,11:29:03,29.39,26469,9,卖盘
1366,11:29:06,29.42,2942,1,买盘
1367,11:29:12,29.42,29402,10,买盘
1368,11:29:15,29.42,2942,1,买盘
1369,11:29:18,29.39,5878,2,卖盘
1370,11:29:21,29.42,8826,3,买盘
1371,11:29:33,29.38,2938,1,卖盘
1372,11:29:39,29.42,152984,52,买盘
1373,11:29:42,29.42,2942,1,买盘
1374,13:00:03,29.42,14710,5,买盘
1375,13:00:06,29.42,44130,15,卖盘
1376,13:00:09,29.45,306123,104,买盘
1377,13:00:12,29.43,185487,63,卖盘
1378,13:00:15,29.42,29398,10,中性盘
1379,13:00:18,29.41,17641,6,卖盘
1380,13:00:21,29.42,17652,6,卖盘
1381,13:00:24,29.4,67620,23,卖盘
1382,13:00:27,29.4,73463,25,买盘
1383,13:00:30,29.39,11756,4,买盘
1384,13:00:33,29.35,64607,22,卖盘
1385,13:00:36,29.39,2939,1,中性盘
1386,13:00:42,29.4,17639,6,买盘
1387,13:00:45,29.4,23520,8,买盘
1388,13:00:48,29.4,2940,1,卖盘
1389,13:00:51,29.4,17640,6,卖盘
1390,13:00:57,29.4,5880,2,买盘
1391,13:01:00,29.4,38220,13,买盘
1392,13:01:03,29.4,8820,3,卖盘
1393,13:01:09,29.4,35284,12,卖盘
1394,13:01:21,29.39,14695,5,卖盘
1395,13:01:24,29.37,26448,9,卖盘
1396,13:01:45,29.37,29370,10,卖盘
1397,13:02:18,29.37,14685,5,卖盘
1398,13:02:21,29.39,41146,14,买盘
1399,13:02:24,29.37,5874,2,卖盘
1400,13:02:36,29.37,14685,5,卖盘
1401,13:03:24,29.38,5876,2,卖盘
1402,13:03:36,29.37,20559,7,卖盘
1403,13:03:42,29.38,29380,10,买盘
1404,13:03:45,29.38,2938,1,买盘
1405,13:03:48,29.38,5876,2,买盘
1406,13:04:03,29.37,20559,7,卖盘
1407,13:04:09,29.36,17616,6,卖盘
1408,13:04:12,29.37,2937,1,中性盘
1409,13:04:18,29.35,70441,24,卖盘
1410,13:04:30,29.35,5870,2,卖盘
1411,13:04:33,29.35,2935,1,卖盘
1412,13:04:39,29.35,2935,1,卖盘
1413,13:04:42,29.35,2935,1,卖盘
1414,13:04:45,29.36,35233,12,买盘
1415,13:04:48,29.35,11741,4,卖盘
1416,13:04:57,29.36,5872,2,中性盘
1417,13:05:30,29.35,32285,11,卖盘
1418,13:05:33,29.36,26416,9,买盘
1419,13:05:36,29.36,5872,2,买盘
1420,13:05:48,29.36,26424,9,买盘
1421,13:05:51,29.36,2936,1,买盘
1422,13:06:06,29.36,2936,1,买盘
1423,13:06:09,29.36,5872,2,买盘
1424,13:06:12,29.36,2936,1,买盘
1425,13:06:18,29.35,17610,6,卖盘
1426,13:06:21,29.35,2935,1,卖盘
1427,13:06:27,29.36,41104,14,买盘
1428,13:06:30,29.36,5872,2,买盘
1429,13:06:33,29.35,46960,16,卖盘
1430,13:06:36,29.35,32285,11,卖盘
1431,13:06:39,29.35,82180,28,卖盘
1432,13:06:48,29.36,2936,1,买盘
1433,13:07:15,29.36,29355,10,买盘
1434,13:07:18,29.35,14675,5,卖盘
1435,13:07:36,29.37,41108,14,买盘
1436,13:08:09,29.36,17617,6,卖盘
1437,13:08:15,29.37,8811,3,卖盘
1438,13:08:21,29.37,5874,2,买盘
1439,13:08:27,29.38,35256,12,买盘
1440,13:08:48,29.37,23496,8,卖盘
1441,13:08:51,29.37,14685,5,买盘
1442,13:08:57,29.37,2937,1,卖盘
1443,13:09:06,29.37,14685,5,卖盘
1444,13:09:09,29.37,17622,6,卖盘
1445,13:09:12,29.37,5874,2,卖盘
1446,13:09:18,29.36,17616,6,卖盘
1447,13:09:30,29.37,5874,2,买盘
1448,13:09:33,29.36,8808,3,卖盘
1449,13:09:36,29.37,5874,2,买盘
1450,13:09:42,29.37,8811,3,买盘
1451,13:09:57,29.36,29360,10,卖盘
1452,13:10:00,29.36,8808,3,卖盘
1453,13:10:12,29.37,2937,1,买盘
1454,13:10:33,29.35,402215,137,卖盘
1455,13:10:36,29.34,135010,46,卖盘
1456,13:11:06,29.35,23481,8,卖盘
1457,13:11:21,29.37,2937,1,买盘
1458,13:11:24,29.37,2937,1,买盘
1459,13:11:27,29.37,17622,6,买盘
1460,13:11:57,29.37,26433,9,买盘
1461,13:12:03,29.37,5874,2,买盘
1462,13:12:30,29.36,23488,8,卖盘
1463,13:12:51,29.37,5874,2,买盘
1464,13:12:54,29.37,2937,1,买盘
1465,13:12:57,29.37,29370,10,买盘
1466,13:13:00,29.37,14685,5,买盘
1467,13:13:03,29.37,41118,14,买盘
1468,13:13:06,29.37,5874,2,买盘
1469,13:13:12,29.37,5874,2,买盘
1470,13:13:15,29.37,2937,1,买盘
1471,13:13:18,29.37,105732,36,买盘
1472,13:13:27,29.38,29380,10,买盘
1473,13:13:33,29.38,5876,2,买盘
1474,13:13:36,29.39,32329,11,买盘
1475,13:13:48,29.39,38207,13,买盘
1476,13:13:51,29.39,29390,10,卖盘
1477,13:13:54,29.39,99926,34,卖盘
1478,13:13:57,29.39,26445,9,买盘
1479,13:14:00,29.38,32327,11,中性盘
1480,13:14:06,29.37,5874,2,卖盘
1481,13:14:09,29.37,38181,13,卖盘
1482,13:14:12,29.36,35233,12,卖盘
1483,13:14:21,29.35,20545,7,卖盘
1484,13:14:24,29.35,8805,3,中性盘
1485,13:14:30,29.35,2935,1,卖盘
1486,13:14:45,29.35,20545,7,卖盘
1487,13:14:48,29.33,61604,21,卖盘
1488,13:14:57,29.33,76258,26,卖盘
1489,13:15:00,29.33,41063,14,卖盘
1490,13:15:03,29.33,32263,11,卖盘
1491,13:15:06,29.32,61572,21,卖盘
1492,13:15:09,29.31,55689,19,卖盘
1493,13:15:27,29.3,61545,21,卖盘
1494,13:15:33,29.3,2930,1,卖盘
1495,13:15:42,29.29,354525,121,卖盘
1496,13:15:45,29.29,52728,18,卖盘
1497,13:15:48,29.29,41006,14,卖盘
1498,13:15:51,29.31,43961,15,买盘
1499,13:15:54,29.29,26363,9,卖盘
1500,13:15:57,29.3,2930,1,卖盘
1501,13:16:03,29.3,2930,1,买盘
1502,13:16:06,29.3,11720,4,买盘
1503,13:16:12,29.3,2930,1,卖盘
1504,13:16:15,29.3,17580,6,卖盘
1505,13:16:21,29.31,26379,9,买盘
1506,13:16:39,29.31,2931,1,买盘
1507,13:16:54,29.31,32241,11,买盘
1508,13:16:57,29.31,29310,10,买盘
1509,13:17:00,29.37,651149,222,买盘
1510,13:17:03,29.4,202807,69,买盘
1511,13:17:09,29.41,220499,75,中性盘
1512,13:17:12,29.41,20587,7,卖盘
1513,13:17:15,29.41,5882,2,卖盘
1514,13:17:18,29.43,35297,12,买盘
1515,13:17:21,29.41,5880,2,中性盘
1516,13:17:30,29.4,8820,3,买盘
1517,13:17:33,29.4,5880,2,买盘
1518,13:17:48,29.41,52943,18,买盘
1519,13:17:51,29.41,32351,11,卖盘
1520,13:18:00,29.39,2939,1,中性盘
1521,13:18:21,29.36,44066,15,卖盘
1522,13:18:24,29.4,23520,8,买盘
1523,13:18:27,29.37,2937,1,中性盘
1524,13:18:48,29.37,26433,9,卖盘
1525,13:19:12,29.4,5880,2,买盘
1526,13:19:51,29.39,17634,6,买盘
1527,13:20:00,29.39,47024,16,买盘
1528,13:20:03,29.39,17634,6,卖盘
1529,13:20:06,29.45,411827,140,买盘
1530,13:20:09,29.39,11756,4,卖盘
1531,13:20:12,29.4,191100,65,卖盘
1532,13:20:18,29.42,2942,1,买盘
1533,13:20:21,29.41,5882,2,卖盘
1534,13:20:24,29.42,26478,9,买盘
1535,13:20:30,29.42,38246,13,买盘
1536,13:20:33,29.42,2942,1,买盘
1537,13:20:36,29.42,23536,8,买盘
1538,13:20:39,29.42,5884,2,买盘
1539,13:20:42,29.41,11764,4,卖盘
1540,13:20:48,29.4,41160,14,卖盘
1541,13:21:06,29.41,2941,1,卖盘
1542,13:21:36,29.41,20587,7,买盘
1543,13:21:39,29.4,52920,18,卖盘
1544,13:21:42,29.4,14698,5,买盘
1545,13:22:03,29.39,8817,3,卖盘
1546,13:22:09,29.39,5878,2,中性盘
1547,13:22:15,29.39,2939,1,买盘
1548,13:22:18,29.39,5878,2,买盘
1549,13:22:36,29.39,5878,2,卖盘
1550,13:22:54,29.39,2939,1,卖盘
1551,13:23:24,29.4,5880,2,买盘
1552,13:23:27,29.4,158762,54,买盘
1553,13:23:30,29.4,5880,2,买盘
1554,13:23:33,29.4,67620,23,买盘
1555,13:23:36,29.4,38220,13,买盘
1556,13:23:42,29.4,14700,5,买盘
1557,13:23:45,29.4,8820,3,买盘
1558,13:23:57,29.4,2940,1,买盘
1559,13:24:27,29.4,14700,5,买盘
1560,13:24:30,29.42,461798,157,买盘
1561,13:24:33,29.42,2942,1,买盘
1562,13:24:36,29.39,55855,19,卖盘
1563,13:24:39,29.39,41146,14,卖盘
1564,13:24:42,29.38,29385,10,卖盘
1565,13:24:45,29.38,20566,7,卖盘
1566,13:24:57,29.39,17634,6,买盘
1567,13:25:09,29.39,5878,2,买盘
1568,13:25:15,29.39,8817,3,买盘
1569,13:25:21,29.39,29390,10,卖盘
1570,13:25:36,29.41,29406,10,买盘
1571,13:25:54,29.4,2940,1,卖盘
1572,13:26:00,29.39,20573,7,卖盘
1573,13:26:06,29.39,8817,3,卖盘
1574,13:26:09,29.39,20573,7,卖盘
1575,13:26:15,29.38,35256,12,卖盘
1576,13:26:24,29.38,29388,10,卖盘
1577,13:26:27,29.39,17634,6,买盘
1578,13:26:30,29.39,5878,2,买盘
1579,13:26:33,29.38,26442,9,卖盘
1580,13:26:36,29.39,2939,1,买盘
1581,13:26:57,29.39,11756,4,买盘
1582,13:27:00,29.38,2938,1,卖盘
1583,13:27:45,29.39,32329,11,买盘
1584,13:27:48,29.4,102888,35,买盘
1585,13:27:54,29.39,26451,9,卖盘
1586,13:28:00,29.4,2940,1,买盘
1587,13:28:09,29.4,8820,3,买盘
1588,13:28:12,29.4,5880,2,买盘
1589,13:28:21,29.38,8814,3,卖盘
1590,13:28:36,29.39,5878,2,买盘
1591,13:28:54,29.39,305735,104,买盘
1592,13:28:57,29.4,197027,67,卖盘
1593,13:29:00,29.4,44100,15,买盘
1594,13:29:03,29.39,91164,31,卖盘
1595,13:29:06,29.4,2940,1,买盘
1596,13:29:21,29.39,2939,1,卖盘
1597,13:29:27,29.4,17640,6,买盘
1598,13:29:36,29.39,23512,8,卖盘
1599,13:29:39,29.39,52902,18,卖盘
1600,13:29:42,29.39,8817,3,卖盘
1601,13:29:51,29.39,11756,4,卖盘
1602,13:29:57,29.39,20573,7,卖盘
1603,13:30:00,29.39,2939,1,卖盘
1604,13:30:03,29.42,279359,95,买盘
1605,13:30:06,29.39,5878,2,卖盘
1606,13:30:18,29.44,473562,161,买盘
1607,13:30:21,29.47,55959,19,买盘
1608,13:30:30,29.47,5894,2,卖盘
1609,13:30:42,29.47,212399,72,卖盘
1610,13:30:45,29.48,8846,3,卖盘
1611,13:30:48,29.49,2949,1,卖盘
1612,13:30:57,29.49,8849,3,卖盘
1613,13:31:00,29.49,179995,61,卖盘
1614,13:31:03,29.49,20644,7,卖盘
1615,13:31:15,29.5,2950,1,卖盘
1616,13:31:21,29.51,20656,7,买盘
1617,13:31:24,29.49,67847,23,卖盘
1618,13:31:30,29.48,5896,2,卖盘
1619,13:31:39,29.5,44246,15,买盘
1620,13:31:42,29.48,20636,7,卖盘
1621,13:31:48,29.49,5898,2,买盘
1622,13:32:06,29.5,2950,1,买盘
1623,13:32:15,29.49,2949,1,买盘
1624,13:32:18,29.48,2948,1,卖盘
1625,13:32:27,29.48,2948,1,卖盘
1626,13:32:30,29.49,14745,5,买盘
1627,13:32:42,29.49,2949,1,买盘
1628,13:32:48,29.49,5898,2,买盘
1629,13:32:57,29.48,8845,3,卖盘
1630,13:33:03,29.48,2948,1,买盘
1631,13:33:06,29.48,2948,1,买盘
1632,13:33:09,29.47,47152,16,卖盘
1633,13:33:12,29.48,2948,1,买盘
1634,13:33:18,29.46,23569,8,卖盘
1635,13:33:21,29.47,2947,1,买盘
1636,13:33:27,29.47,2947,1,买盘
1637,13:33:33,29.47,2947,1,买盘
1638,13:33:36,29.47,11788,4,买盘
1639,13:33:42,29.46,50082,17,卖盘
1640,13:33:51,29.46,2946,1,买盘
1641,13:33:54,29.45,14725,5,卖盘
1642,13:33:57,29.46,5892,2,买盘
1643,13:34:00,29.45,2945,1,卖盘
1644,13:34:06,29.46,8837,3,买盘
1645,13:34:09,29.44,8832,3,卖盘
1646,13:34:12,29.43,67694,23,卖盘
1647,13:34:15,29.43,29430,10,卖盘
1648,13:34:18,29.46,11784,4,买盘
1649,13:34:21,29.46,29441,10,买盘
1650,13:34:24,29.43,14715,5,卖盘
1651,13:34:27,29.44,61824,21,买盘
1652,13:34:33,29.46,5892,2,买盘
1653,13:34:36,29.45,8835,3,中性盘
1654,13:34:48,29.45,5890,2,买盘
1655,13:34:57,29.45,5890,2,买盘
1656,13:35:06,29.44,38272,13,卖盘
1657,13:35:18,29.44,2944,1,买盘
1658,13:35:27,29.45,67715,23,买盘
1659,13:35:30,29.45,14725,5,卖盘
1660,13:35:33,29.45,2945,1,买盘
1661,13:35:36,29.46,5892,2,买盘
1662,13:35:48,29.45,2945,1,买盘
1663,13:35:51,29.45,2945,1,买盘
1664,13:35:57,29.45,2945,1,买盘
1665,13:36:03,29.45,2945,1,买盘
1666,13:36:06,29.44,2944,1,中性盘
1667,13:36:09,29.43,11772,4,卖盘
1668,13:36:12,29.44,2944,1,买盘
1669,13:36:18,29.44,2944,1,买盘
1670,13:36:21,29.43,5886,2,卖盘
1671,13:36:24,29.43,11772,4,卖盘
1672,13:36:27,29.4,26470,9,卖盘
1673,13:36:30,29.41,11766,4,中性盘
1674,13:36:33,29.41,29403,10,中性盘
1675,13:36:36,29.42,23532,8,买盘
1676,13:36:39,29.4,11763,4,卖盘
1677,13:36:48,29.39,38211,13,卖盘
1678,13:36:51,29.42,5884,2,买盘
1679,13:37:03,29.4,5882,2,卖盘
1680,13:37:06,29.4,20592,7,中性盘
1681,13:37:09,29.4,38236,13,卖盘
1682,13:37:12,29.41,2941,1,中性盘
1683,13:37:15,29.4,8820,3,卖盘
1684,13:37:33,29.41,5882,2,买盘
1685,13:37:36,29.41,2941,1,买盘
1686,13:37:45,29.4,5880,2,卖盘
1687,13:37:48,29.4,5880,2,卖盘
1688,13:37:54,29.4,11760,4,卖盘
1689,13:38:00,29.4,5882,2,卖盘
1690,13:38:18,29.39,5878,2,卖盘
1691,13:38:36,29.4,17640,6,中性盘
1692,13:38:39,29.4,5880,2,卖盘
1693,13:38:42,29.4,8820,3,买盘
1694,13:38:48,29.4,5880,2,买盘
1695,13:38:51,29.4,8820,3,买盘
1696,13:38:54,29.42,276514,94,买盘
1697,13:38:57,29.43,5886,2,买盘
1698,13:39:00,29.43,5886,2,买盘
1699,13:39:12,29.39,1338598,455,卖盘
1700,13:39:15,29.39,88173,30,卖盘
1701,13:39:18,29.39,5878,2,卖盘
1702,13:39:21,29.4,2940,1,卖盘
1703,13:39:27,29.4,14700,5,卖盘
1704,13:39:30,29.41,8822,3,买盘
1705,13:39:36,29.4,2940,1,卖盘
1706,13:39:48,29.39,14699,5,卖盘
1707,13:39:54,29.38,11754,4,卖盘
1708,13:39:57,29.38,26445,9,卖盘
1709,13:40:06,29.38,5876,2,卖盘
1710,13:40:12,29.39,8817,3,买盘
1711,13:40:15,29.39,2939,1,买盘
1712,13:40:18,29.38,58760,20,卖盘
1713,13:40:24,29.38,2938,1,卖盘
1714,13:40:27,29.38,5876,2,卖盘
1715,13:40:45,29.38,5876,2,卖盘
1716,13:41:18,29.38,26442,9,卖盘
1717,13:41:36,29.38,2938,1,卖盘
1718,13:41:42,29.38,29380,10,卖盘
1719,13:41:45,29.38,114582,39,卖盘
1720,13:41:48,29.37,2937,1,卖盘
1721,13:41:51,29.35,23490,8,卖盘
1722,13:42:06,29.38,32318,11,买盘
1723,13:42:09,29.38,44070,15,买盘
1724,13:43:12,29.39,5878,2,买盘
1725,13:43:15,29.39,11756,4,买盘
1726,13:43:18,29.39,19163,7,买盘
1727,13:43:30,29.39,2939,1,卖盘
1728,13:43:33,29.4,2940,1,买盘
1729,13:43:45,29.39,2939,1,卖盘
1730,13:43:48,29.39,14695,5,卖盘
1731,13:44:21,29.38,41136,14,卖盘
1732,13:44:45,29.4,5880,2,买盘
1733,13:44:57,29.4,23520,8,买盘
1734,13:45:06,29.41,82322,28,买盘
1735,13:45:09,29.4,8820,3,卖盘
1736,13:45:12,29.39,38199,13,卖盘
1737,13:45:18,29.39,76414,26,买盘
1738,13:46:15,29.4,88200,30,买盘
1739,13:46:21,29.4,8820,3,买盘
1740,13:46:27,29.4,2940,1,买盘
1741,13:47:03,29.4,11760,4,买盘
1742,13:47:15,29.39,20573,7,卖盘
1743,13:47:18,29.4,8820,3,买盘
1744,13:47:42,29.39,2939,1,买盘
1745,13:48:03,29.39,2939,1,买盘
1746,13:48:09,29.39,2939,1,买盘
1747,13:48:15,29.38,20566,7,卖盘
1748,13:48:27,29.38,38194,13,卖盘
1749,13:48:33,29.38,17628,6,卖盘
1750,13:48:36,29.38,11752,4,卖盘
1751,13:48:42,29.39,29390,10,买盘
1752,13:48:54,29.39,2939,1,买盘
1753,13:48:57,29.38,2938,1,卖盘
1754,13:49:00,29.38,2938,1,卖盘
1755,13:49:09,29.38,20566,7,卖盘
1756,13:49:12,29.38,2938,1,卖盘
1757,13:49:51,29.39,2939,1,买盘
1758,13:50:21,29.39,5878,2,买盘
1759,13:50:27,29.39,2939,1,买盘
1760,13:50:36,29.38,14690,5,卖盘
1761,13:50:39,29.39,141065,48,买盘
1762,13:50:45,29.38,5877,2,卖盘
1763,13:51:00,29.38,29380,10,卖盘
1764,13:51:12,29.4,2940,1,买盘
1765,13:51:30,29.38,41137,14,卖盘
1766,13:51:39,29.4,11760,4,买盘
1767,13:52:18,29.4,73500,25,买盘
1768,13:52:42,29.4,82304,28,买盘
1769,13:52:45,29.39,2939,1,卖盘
1770,13:52:48,29.38,23508,8,卖盘
1771,13:52:51,29.39,14695,5,中性盘
1772,13:52:54,29.38,20571,7,卖盘
1773,13:53:00,29.38,26442,9,卖盘
1774,13:53:03,29.37,41126,14,卖盘
1775,13:53:06,29.37,2937,1,卖盘
1776,13:53:09,29.37,8811,3,卖盘
1777,13:53:12,29.36,170320,58,卖盘
1778,13:53:15,29.37,2937,1,买盘
1779,13:53:21,29.37,5874,2,买盘
1780,13:53:36,29.4,332204,113,买盘
1781,13:53:39,29.41,17646,6,买盘
1782,13:53:57,29.41,2941,1,买盘
1783,13:54:00,29.41,11764,4,买盘
1784,13:54:09,29.4,8820,3,卖盘
1785,13:54:18,29.4,29400,10,卖盘
1786,13:54:30,29.39,5878,2,卖盘
1787,13:54:48,29.39,2939,1,卖盘
1788,13:54:57,29.37,29378,10,卖盘
1789,13:55:54,29.37,49932,17,卖盘
1790,13:55:57,29.36,26426,9,卖盘
1791,13:56:00,29.37,23496,8,买盘
1792,13:56:12,29.37,2937,1,买盘
1793,13:56:42,29.38,8814,3,买盘
1794,13:56:48,29.37,47007,16,卖盘
1795,13:56:51,29.37,108654,37,卖盘
1796,13:56:54,29.37,23496,8,卖盘
1797,13:56:57,29.37,2937,1,买盘
1798,13:57:00,29.37,17622,6,买盘
1799,13:57:09,29.37,17622,6,卖盘
1800,13:57:12,29.37,17622,6,卖盘
1801,13:57:30,29.37,2937,1,买盘
1802,13:57:36,29.37,2937,1,买盘
1803,13:57:39,29.37,2937,1,买盘
1804,13:57:42,29.37,14685,5,买盘
1805,13:57:51,29.37,17622,6,卖盘
1806,13:57:54,29.37,46992,16,卖盘
1807,13:58:12,29.38,11752,4,卖盘
1808,13:58:21,29.38,5876,2,买盘
1809,13:58:24,29.38,5876,2,买盘
1810,13:58:27,29.38,58760,20,买盘
1811,13:58:30,29.38,17628,6,买盘
1812,13:58:39,29.37,8811,3,卖盘
1813,13:59:00,29.38,11752,4,买盘
1814,13:59:03,29.37,58742,20,卖盘
1815,13:59:06,29.36,8808,3,卖盘
1816,13:59:12,29.36,2936,1,卖盘
1817,13:59:15,29.37,2937,1,买盘
1818,13:59:18,29.37,35244,12,买盘
1819,13:59:36,29.37,2937,1,买盘
1820,13:59:42,29.37,2937,1,买盘
1821,13:59:51,29.37,32307,11,买盘
1822,14:00:09,29.38,46993,16,买盘
1823,14:00:15,29.38,38194,13,买盘
1824,14:00:18,29.38,99890,34,买盘
1825,14:00:21,29.38,8814,3,买盘
1826,14:00:24,29.38,5876,2,买盘
1827,14:00:27,29.38,61698,21,买盘
1828,14:00:33,29.38,2938,1,买盘
1829,14:00:39,29.38,23504,8,买盘
1830,14:00:42,29.38,23504,8,买盘
1831,14:00:45,29.39,5878,2,买盘
1832,14:00:48,29.39,11756,4,买盘
1833,14:00:51,29.38,20566,7,卖盘
1834,14:00:54,29.37,5874,2,卖盘
1835,14:00:57,29.37,32307,11,卖盘
1836,14:01:00,29.36,32296,11,卖盘
1837,14:01:03,29.37,2937,1,买盘
1838,14:01:09,29.37,11748,4,买盘
1839,14:01:12,29.36,355169,121,卖盘
1840,14:01:15,29.37,5874,2,买盘
1841,14:01:18,29.36,23495,8,卖盘
1842,14:01:24,29.37,2937,1,买盘
1843,14:01:27,29.37,23495,8,买盘
1844,14:01:30,29.37,8811,3,卖盘
1845,14:01:42,29.37,2937,1,卖盘
1846,14:01:54,29.36,5872,2,卖盘
1847,14:02:09,29.34,5868,2,卖盘
1848,14:02:24,29.37,76362,26,买盘
1849,14:02:27,29.37,61674,21,买盘
1850,14:02:36,29.38,11752,4,买盘
1851,14:02:51,29.39,14695,5,买盘
1852,14:02:54,29.39,41146,14,买盘
1853,14:02:57,29.4,2940,1,买盘
1854,14:03:00,29.4,2940,1,买盘
1855,14:03:03,29.4,8820,3,买盘
1856,14:03:06,29.4,5880,2,买盘
1857,14:03:12,29.4,11760,4,买盘
1858,14:03:18,29.38,5876,2,卖盘
1859,14:03:36,29.4,2940,1,买盘
1860,14:03:39,29.4,276365,94,买盘
1861,14:03:42,29.39,23515,8,卖盘
1862,14:03:45,29.4,5880,2,买盘
1863,14:03:48,29.4,11760,4,买盘
1864,14:03:54,29.4,5880,2,买盘
1865,14:03:57,29.4,5880,2,买盘
1866,14:04:00,29.39,117561,40,卖盘
1867,14:04:03,29.39,152828,52,卖盘
1868,14:04:06,29.38,5876,2,卖盘
1869,14:04:09,29.38,35257,12,卖盘
1870,14:04:12,29.38,67574,23,卖盘
1871,14:04:15,29.38,73450,25,卖盘
1872,14:04:18,29.38,2938,1,卖盘
1873,14:04:21,29.37,20570,7,卖盘
1874,14:04:24,29.38,11751,4,买盘
1875,14:04:30,29.37,2937,1,卖盘
1876,14:04:51,29.38,2938,1,买盘
1877,14:04:54,29.37,20565,7,卖盘
1878,14:04:57,29.38,2938,1,买盘
1879,14:05:00,29.38,5876,2,买盘
1880,14:05:06,29.38,2938,1,买盘
1881,14:05:12,29.38,41132,14,买盘
1882,14:05:18,29.38,5876,2,买盘
1883,14:05:21,29.38,5876,2,买盘
1884,14:05:27,29.38,8814,3,买盘
1885,14:05:30,29.38,2938,1,买盘
1886,14:05:33,29.38,2938,1,买盘
1887,14:05:42,29.38,8814,3,买盘
1888,14:05:51,29.38,44070,15,买盘
1889,14:06:15,29.38,5876,2,买盘
1890,14:06:42,29.38,5876,2,买盘
1891,14:06:45,29.38,2938,1,买盘
1892,14:06:51,29.37,2937,1,卖盘
1893,14:06:54,29.37,5874,2,卖盘
1894,14:07:06,29.37,17624,6,卖盘
1895,14:07:09,29.38,17624,6,买盘
1896,14:07:12,29.37,11748,4,卖盘
1897,14:07:21,29.37,340692,116,卖盘
1898,14:07:24,29.37,5874,2,卖盘
1899,14:07:30,29.37,2937,1,卖盘
1900,14:07:33,29.37,5874,2,卖盘
1901,14:07:51,29.37,2937,1,卖盘
1902,14:07:54,29.37,5874,2,卖盘
1903,14:08:03,29.38,14688,5,买盘
1904,14:08:06,29.37,2937,1,卖盘
1905,14:08:18,29.38,46996,16,买盘
1906,14:08:21,29.37,14685,5,卖盘
1907,14:08:30,29.38,79326,27,买盘
1908,14:08:33,29.37,17622,6,卖盘
1909,14:08:45,29.38,2938,1,买盘
1910,14:08:48,29.38,5876,2,买盘
1911,14:09:00,29.37,2937,1,卖盘
1912,14:09:03,29.38,41126,14,买盘
1913,14:09:06,29.36,20554,7,卖盘
1914,14:09:09,29.36,5872,2,卖盘
1915,14:09:18,29.36,2936,1,卖盘
1916,14:09:27,29.36,11744,4,卖盘
1917,14:09:30,29.36,5872,2,卖盘
1918,14:09:33,29.36,11744,4,卖盘
1919,14:09:48,29.36,5872,2,卖盘
1920,14:09:51,29.36,5872,2,卖盘
1921,14:10:06,29.37,14685,5,买盘
1922,14:10:09,29.36,61656,21,卖盘
1923,14:10:12,29.36,5872,2,卖盘
1924,14:10:30,29.36,5872,2,卖盘
1925,14:10:42,29.35,23487,8,卖盘
1926,14:10:45,29.36,5872,2,买盘
1927,14:10:48,29.35,2935,1,卖盘
1928,14:10:51,29.35,5870,2,卖盘
1929,14:10:54,29.35,17610,6,卖盘
1930,14:11:09,29.35,14675,5,卖盘
1931,14:11:15,29.36,5872,2,买盘
1932,14:11:21,29.36,2936,1,买盘
1933,14:11:27,29.35,5870,2,卖盘
1934,14:11:39,29.35,5870,2,卖盘
1935,14:11:51,29.36,20552,7,买盘
1936,14:12:00,29.37,23496,8,买盘
1937,14:12:03,29.35,58700,20,卖盘
1938,14:12:06,29.35,90985,31,卖盘
1939,14:12:12,29.35,8805,3,卖盘
1940,14:12:27,29.35,5870,2,卖盘
1941,14:12:57,29.35,8805,3,卖盘
1942,14:13:03,29.37,5874,2,买盘
1943,14:13:12,29.35,8806,3,卖盘
1944,14:13:15,29.36,29353,10,买盘
1945,14:13:24,29.36,2936,1,买盘
1946,14:13:27,29.35,8805,3,卖盘
1947,14:13:48,29.36,67528,23,买盘
1948,14:13:51,29.35,2935,1,卖盘
1949,14:14:00,29.35,8806,3,卖盘
1950,14:14:06,29.35,5870,2,卖盘
1951,14:14:09,29.36,2936,1,买盘
1952,14:14:15,29.35,35220,12,卖盘
1953,14:14:21,29.35,5870,2,买盘
1954,14:14:24,29.35,49895,17,买盘
1955,14:14:30,29.35,8805,3,买盘
1956,14:14:33,29.35,20545,7,买盘
1957,14:14:36,29.35,17608,6,买盘
1958,14:14:39,29.35,17610,6,买盘
1959,14:14:42,29.35,5870,2,买盘
1960,14:14:45,29.35,2935,1,买盘
1961,14:14:48,29.34,52828,18,卖盘
1962,14:14:51,29.35,5870,2,卖盘
1963,14:15:00,29.35,5870,2,卖盘
1964,14:15:03,29.35,5870,2,卖盘
1965,14:15:15,29.36,5872,2,买盘
1966,14:15:18,29.36,2936,1,买盘
1967,14:15:21,29.36,2936,1,买盘
1968,14:15:24,29.35,5870,2,卖盘
1969,14:15:36,29.35,8805,3,卖盘
1970,14:15:48,29.35,5870,2,卖盘
1971,14:15:57,29.35,14675,5,卖盘
1972,14:16:03,29.35,5870,2,卖盘
1973,14:16:15,29.36,132120,45,买盘
1974,14:16:18,29.36,8808,3,买盘
1975,14:16:24,29.36,41104,14,买盘
1976,14:16:30,29.38,73436,25,买盘
1977,14:16:36,29.36,61702,21,卖盘
1978,14:17:03,29.4,20577,7,买盘
1979,14:17:06,29.37,14686,5,卖盘
1980,14:17:18,29.37,2937,1,卖盘
1981,14:17:27,29.37,8811,3,卖盘
1982,14:17:30,29.37,2937,1,卖盘
1983,14:17:39,29.36,2936,1,卖盘
1984,14:17:54,29.36,29360,10,卖盘
1985,14:18:00,29.37,2937,1,买盘
1986,14:18:30,29.37,17622,6,买盘
1987,14:18:48,29.37,8809,3,买盘
1988,14:19:03,29.37,14685,5,买盘
1989,14:19:15,29.37,5874,2,买盘
1990,14:19:18,29.36,2936,1,卖盘
1991,14:19:27,29.36,11744,4,卖盘
1992,14:20:03,29.36,11744,4,卖盘
1993,14:20:09,29.36,20552,7,卖盘
1994,14:20:15,29.36,5872,2,卖盘
1995,14:20:18,29.37,67551,23,买盘
1996,14:20:27,29.37,8811,3,买盘
1997,14:20:36,29.36,5872,2,卖盘
1998,14:20:48,29.36,5872,2,卖盘
1999,14:20:57,29.37,11748,4,买盘
2000,14:21:09,29.37,26433,9,买盘
2001,14:21:12,29.37,32304,11,买盘
2002,14:21:15,29.36,5872,2,卖盘
2003,14:21:21,29.36,2936,1,卖盘
2004,14:21:24,29.36,2936,1,卖盘
2005,14:21:27,29.36,61653,21,卖盘
2006,14:21:30,29.36,5872,2,卖盘
2007,14:21:33,29.35,2935,1,卖盘
2008,14:21:36,29.35,29351,10,卖盘
2009,14:21:45,29.35,8805,3,卖盘
2010,14:21:54,29.35,58700,20,卖盘
2011,14:21:57,29.36,123312,42,买盘
2012,14:22:06,29.35,8805,3,卖盘
2013,14:22:09,29.35,29350,10,买盘
2014,14:22:15,29.34,11738,4,卖盘
2015,14:22:24,29.34,38153,13,卖盘
2016,14:22:27,29.34,41076,14,卖盘
2017,14:22:30,29.34,64548,22,卖盘
2018,14:22:39,29.34,2934,1,卖盘
2019,14:22:42,29.34,11736,4,卖盘
2020,14:22:45,29.34,14670,5,卖盘
2021,14:22:51,29.33,266991,91,卖盘
2022,14:22:54,29.34,5867,2,买盘
2023,14:22:57,29.32,55718,19,卖盘
2024,14:23:00,29.33,2933,1,中性盘
2025,14:23:03,29.32,331416,113,卖盘
2026,14:23:06,29.32,38118,13,卖盘
2027,14:23:09,29.32,17592,6,卖盘
2028,14:23:12,29.31,111379,38,卖盘
2029,14:23:15,29.3,260771,89,卖盘
2030,14:23:18,29.29,17577,6,卖盘
2031,14:23:21,29.28,339641,116,卖盘
2032,14:23:24,29.29,46828,16,买盘
2033,14:23:27,29.27,49761,17,卖盘
2034,14:23:30,29.28,547828,187,买盘
2035,14:23:33,29.3,90830,31,买盘
2036,14:23:39,29.3,87900,30,买盘
2037,14:23:42,29.3,120128,41,买盘
2038,14:23:45,29.29,187491,64,卖盘
2039,14:23:48,29.3,2930,1,买盘
2040,14:23:51,29.3,8790,3,买盘
2041,14:23:54,29.29,38077,13,卖盘
2042,14:24:00,29.29,41006,14,卖盘
2043,14:24:12,29.3,131790,45,买盘
2044,14:24:15,29.29,38077,13,卖盘
2045,14:24:18,29.3,2930,1,买盘
2046,14:24:27,29.3,8790,3,买盘
2047,14:24:33,29.29,2929,1,卖盘
2048,14:24:39,29.29,14645,5,卖盘
2049,14:24:42,29.29,2929,1,卖盘
2050,14:24:51,29.3,5860,2,买盘
2051,14:24:57,29.29,84941,29,卖盘
2052,14:25:00,29.3,84970,29,买盘
2053,14:25:03,29.3,23439,8,买盘
2054,14:25:06,29.29,87870,30,卖盘
2055,14:25:12,29.29,14645,5,买盘
2056,14:25:15,29.28,2928,1,卖盘
2057,14:25:18,29.28,5856,2,卖盘
2058,14:25:24,29.29,49789,17,买盘
2059,14:25:27,29.28,64437,22,卖盘
2060,14:25:33,29.29,5858,2,买盘
2061,14:25:36,29.29,46864,16,买盘
2062,14:25:39,29.3,5860,2,买盘
2063,14:25:42,29.3,5860,2,买盘
2064,14:25:45,29.29,2929,1,中性盘
2065,14:25:57,29.28,32212,11,卖盘
2066,14:26:06,29.3,17580,6,买盘
2067,14:26:09,29.29,5858,2,卖盘
2068,14:26:12,29.3,79110,27,买盘
2069,14:26:15,29.3,61532,21,卖盘
2070,14:26:18,29.3,52740,18,买盘
2071,14:26:24,29.29,11716,4,卖盘
2072,14:26:30,29.29,14645,5,卖盘
2073,14:26:33,29.28,29289,10,卖盘
2074,14:26:36,29.3,295922,101,买盘
2075,14:26:39,29.29,5858,2,买盘
2076,14:26:45,29.28,2928,1,卖盘
2077,14:26:54,29.28,38065,13,卖盘
2078,14:26:57,29.29,64418,22,买盘
2079,14:27:00,29.29,114231,39,买盘
2080,14:27:06,29.29,17574,6,买盘
2081,14:27:09,29.29,278255,95,买盘
2082,14:27:12,29.3,621160,212,买盘
2083,14:27:15,29.3,246117,84,买盘
2084,14:27:21,29.3,46880,16,卖盘
2085,14:27:24,29.3,5860,2,卖盘
2086,14:27:27,29.3,41046,14,卖盘
2087,14:27:30,29.3,82043,28,卖盘
2088,14:27:33,29.29,82032,28,卖盘
2089,14:27:39,29.3,26370,9,卖盘
2090,14:27:45,29.3,14646,5,买盘
2091,14:27:54,29.3,5859,2,买盘
2092,14:27:57,29.29,67367,23,卖盘
2093,14:28:00,29.3,2930,1,买盘
2094,14:28:03,29.29,2929,1,卖盘
2095,14:28:06,29.29,35150,12,卖盘
2096,14:28:12,29.29,125947,43,卖盘
2097,14:28:15,29.29,35158,12,卖盘
2098,14:28:21,29.29,5859,2,卖盘
2099,14:28:27,29.3,90805,31,买盘
2100,14:28:30,29.3,17580,6,买盘
2101,14:28:33,29.29,14649,5,卖盘
2102,14:28:36,29.3,17578,6,买盘
2103,14:28:42,29.3,2930,1,买盘
2104,14:28:45,29.3,17576,6,买盘
2105,14:28:51,29.3,52740,18,买盘
2106,14:28:54,29.31,5862,2,买盘
2107,14:28:57,29.31,5862,2,卖盘
2108,14:29:00,29.3,90830,31,卖盘
2109,14:29:06,29.3,2930,1,买盘
2110,14:29:12,29.3,2930,1,买盘
2111,14:29:15,29.3,58600,20,买盘
2112,14:29:18,29.3,35160,12,买盘
2113,14:29:21,29.3,23440,8,卖盘
2114,14:29:27,29.29,35148,12,卖盘
2115,14:29:33,29.3,61529,21,买盘
2116,14:29:39,29.3,38085,13,买盘
2117,14:29:42,29.3,49820,17,卖盘
2118,14:29:48,29.3,2930,1,买盘
2119,14:29:51,29.29,5858,2,卖盘
2120,14:29:54,29.3,2930,1,买盘
2121,14:29:57,29.29,38077,13,卖盘
2122,14:30:00,29.3,2930,1,买盘
2123,14:30:03,29.3,11720,4,买盘
2124,14:30:06,29.3,11720,4,买盘
2125,14:30:15,29.3,5860,2,买盘
2126,14:30:21,29.3,76180,26,买盘
2127,14:30:27,29.29,46864,16,卖盘
2128,14:30:30,29.3,32230,11,买盘
2129,14:30:33,29.3,23439,8,买盘
2130,14:30:36,29.3,5860,2,卖盘
2131,14:30:39,29.3,11720,4,卖盘
2132,14:30:45,29.3,2930,1,卖盘
2133,14:30:48,29.3,11720,4,卖盘
2134,14:30:54,29.3,41020,14,买盘
2135,14:30:57,29.3,2930,1,中性盘
2136,14:31:00,29.3,84970,29,卖盘
2137,14:31:03,29.3,41020,14,卖盘
2138,14:31:09,29.31,23448,8,买盘
2139,14:31:12,29.31,46883,16,买盘
2140,14:31:15,29.3,8790,3,卖盘
2141,14:31:18,29.31,2931,1,买盘
2142,14:31:24,29.3,5860,2,卖盘
2143,14:31:27,29.3,11720,4,卖盘
2144,14:31:33,29.3,5860,2,卖盘
2145,14:31:36,29.31,46881,16,买盘
2146,14:31:45,29.3,2930,1,卖盘
2147,14:31:54,29.3,5860,2,卖盘
2148,14:31:57,29.3,46880,16,卖盘
2149,14:32:03,29.31,8792,3,买盘
2150,14:32:09,29.3,46880,16,卖盘
2151,14:32:15,29.3,2930,1,卖盘
2152,14:32:18,29.31,58620,20,买盘
2153,14:32:21,29.31,5861,2,买盘
2154,14:32:24,29.3,5860,2,卖盘
2155,14:32:27,29.3,14650,5,卖盘
2156,14:32:33,29.31,20513,7,买盘
2157,14:32:36,29.31,11724,4,买盘
2158,14:32:39,29.31,73265,25,买盘
2159,14:32:42,29.32,99654,34,买盘
2160,14:32:45,29.32,2932,1,买盘
2161,14:32:48,29.32,14660,5,买盘
2162,14:32:51,29.34,175927,60,买盘
2163,14:32:57,29.34,8800,3,买盘
2164,14:33:00,29.33,14665,5,卖盘
2165,14:33:03,29.32,29327,10,卖盘
2166,14:33:09,29.32,23456,8,卖盘
2167,14:33:12,29.32,20520,7,中性盘
2168,14:33:15,29.32,20524,7,卖盘
2169,14:33:21,29.32,2932,1,买盘
2170,14:33:24,29.33,82116,28,买盘
2171,14:33:27,29.31,87930,30,卖盘
2172,14:33:33,29.31,5862,2,卖盘
2173,14:33:45,29.31,17586,6,卖盘
2174,14:33:57,29.31,46896,16,卖盘
2175,14:34:03,29.31,2931,1,卖盘
2176,14:34:15,29.31,5862,2,卖盘
2177,14:34:21,29.32,11728,4,买盘
2178,14:34:24,29.31,105519,36,卖盘
2179,14:34:27,29.32,8798,3,中性盘
2180,14:34:45,29.32,55705,19,买盘
2181,14:34:48,29.32,32252,11,卖盘
2182,14:34:51,29.32,8796,3,卖盘
2183,14:35:00,29.32,14656,5,买盘
2184,14:35:03,29.31,2931,1,卖盘
2185,14:35:06,29.32,29313,10,买盘
2186,14:35:09,29.31,5862,2,卖盘
2187,14:35:12,29.31,23448,8,卖盘
2188,14:35:15,29.31,14655,5,卖盘
2189,14:35:18,29.31,2931,1,卖盘
2190,14:35:24,29.31,17589,6,卖盘
2191,14:35:27,29.32,2932,1,买盘
2192,14:35:33,29.32,29319,10,买盘
2193,14:35:36,29.32,5864,2,买盘
2194,14:35:48,29.31,46896,16,卖盘
2195,14:35:51,29.31,2931,1,卖盘
2196,14:35:54,29.31,14655,5,卖盘
2197,14:35:57,29.31,11724,4,卖盘
2198,14:36:03,29.31,8793,3,卖盘
2199,14:36:06,29.31,17588,6,卖盘
2200,14:36:09,29.31,11724,4,卖盘
2201,14:36:15,29.31,2931,1,卖盘
2202,14:36:24,29.31,5862,2,卖盘
2203,14:36:27,29.31,29310,10,卖盘
2204,14:36:30,29.31,8793,3,卖盘
2205,14:36:33,29.31,11724,4,卖盘
2206,14:36:36,29.31,2931,1,卖盘
2207,14:36:45,29.31,2931,1,卖盘
2208,14:36:48,29.31,61551,21,卖盘
2209,14:36:51,29.32,14659,5,买盘
2210,14:36:54,29.31,2931,1,卖盘
2211,14:37:03,29.32,38104,13,买盘
2212,14:37:06,29.32,2932,1,买盘
2213,14:37:12,29.32,131939,45,买盘
2214,14:37:15,29.33,108486,37,买盘
2215,14:37:27,29.33,76258,26,买盘
2216,14:37:33,29.33,29322,10,买盘
2217,14:37:36,29.32,55712,19,卖盘
2218,14:37:42,29.32,11728,4,卖盘
2219,14:37:45,29.33,58643,20,买盘
2220,14:37:51,29.32,11728,4,卖盘
2221,14:37:54,29.32,11728,4,卖盘
2222,14:38:00,29.32,5864,2,卖盘
2223,14:38:03,29.32,8796,3,卖盘
2224,14:38:06,29.32,2932,1,卖盘
2225,14:38:09,29.32,2932,1,卖盘
2226,14:38:12,29.33,2933,1,买盘
2227,14:38:15,29.32,102620,35,卖盘
2228,14:38:18,29.31,11727,4,卖盘
2229,14:38:21,29.32,8796,3,买盘
2230,14:38:30,29.31,8793,3,卖盘
2231,14:38:33,29.32,49828,17,买盘
2232,14:38:36,29.31,5862,2,卖盘
2233,14:38:39,29.31,46896,16,卖盘
2234,14:38:45,29.31,5862,2,卖盘
2235,14:38:48,29.32,14659,5,买盘
2236,14:38:57,29.32,8794,3,买盘
2237,14:39:00,29.31,2931,1,卖盘
2238,14:39:06,29.31,46896,16,卖盘
2239,14:39:09,29.32,5863,2,买盘
2240,14:39:12,29.32,73288,25,买盘
2241,14:39:27,29.32,17595,6,卖盘
2242,14:39:30,29.32,11728,4,卖盘
2243,14:39:39,29.32,5864,2,卖盘
2244,14:39:42,29.33,2933,1,买盘
2245,14:39:45,29.32,35184,12,卖盘
2246,14:39:48,29.32,8796,3,卖盘
2247,14:39:51,29.32,43980,15,卖盘
2248,14:39:57,29.32,14660,5,卖盘
2249,14:40:00,29.32,41048,14,卖盘
2250,14:40:06,29.32,41057,14,卖盘
2251,14:40:09,29.32,14660,5,卖盘
2252,14:40:12,29.32,2932,1,卖盘
2253,14:40:15,29.32,11728,4,卖盘
2254,14:40:18,29.32,29327,10,卖盘
2255,14:40:21,29.32,5864,2,卖盘
2256,14:40:24,29.33,29330,10,买盘
2257,14:40:27,29.32,8796,3,卖盘
2258,14:40:30,29.32,8796,3,卖盘
2259,14:40:33,29.32,5865,2,卖盘
2260,14:40:36,29.33,2933,1,买盘
2261,14:40:42,29.33,11732,4,买盘
2262,14:40:45,29.33,20530,7,买盘
2263,14:40:48,29.33,52794,18,买盘
2264,14:40:51,29.33,193578,66,买盘
2265,14:40:54,29.34,167228,57,买盘
2266,14:40:57,29.35,11740,4,买盘
2267,14:41:06,29.33,88007,30,卖盘
2268,14:41:12,29.33,5867,2,卖盘
2269,14:41:18,29.33,2933,1,卖盘
2270,14:41:21,29.34,2934,1,买盘
2271,14:41:27,29.33,5866,2,卖盘
2272,14:41:36,29.33,64529,22,卖盘
2273,14:41:42,29.34,2934,1,买盘
2274,14:41:57,29.33,8800,3,卖盘
2275,14:42:06,29.33,14665,5,卖盘
2276,14:42:09,29.33,20531,7,卖盘
2277,14:42:12,29.33,2933,1,卖盘
2278,14:42:18,29.32,137839,47,卖盘
2279,14:42:21,29.33,2933,1,卖盘
2280,14:42:24,29.32,32252,11,卖盘
2281,14:42:27,29.32,11730,4,卖盘
2282,14:42:30,29.32,8798,3,卖盘
2283,14:42:33,29.33,29329,10,买盘
2284,14:42:36,29.33,8799,3,卖盘
2285,14:42:39,29.32,11730,4,卖盘
2286,14:42:45,29.34,2934,1,买盘
2287,14:42:54,29.34,2934,1,买盘
2288,14:43:03,29.33,14669,5,卖盘
2289,14:43:06,29.33,2933,1,卖盘
2290,14:43:09,29.34,11735,4,买盘
2291,14:43:15,29.33,43995,15,卖盘
2292,14:43:18,29.33,32262,11,买盘
2293,14:43:27,29.34,2934,1,买盘
2294,14:43:33,29.34,14670,5,买盘
2295,14:43:54,29.34,11735,4,买盘
2296,14:44:00,29.34,14669,5,买盘
2297,14:44:03,29.34,2934,1,买盘
2298,14:44:06,29.35,8805,3,买盘
2299,14:44:12,29.35,11740,4,买盘
2300,14:44:15,29.35,2935,1,买盘
2301,14:44:18,29.35,2935,1,买盘
2302,14:44:24,29.35,11740,4,买盘
2303,14:44:27,29.36,2936,1,买盘
2304,14:44:33,29.35,5870,2,卖盘
2305,14:44:36,29.35,5870,2,卖盘
2306,14:44:42,29.36,5872,2,买盘
2307,14:44:54,29.36,5872,2,买盘
2308,14:44:57,29.36,5872,2,买盘
2309,14:45:00,29.37,8811,3,买盘
2310,14:45:09,29.35,14675,5,卖盘
2311,14:45:12,29.35,20545,7,卖盘
2312,14:45:15,29.36,58713,20,买盘
2313,14:45:27,29.36,46975,16,买盘
2314,14:45:30,29.36,2936,1,买盘
2315,14:45:36,29.36,8808,3,买盘
2316,14:45:45,29.35,8805,3,卖盘
2317,14:45:48,29.35,2935,1,卖盘
2318,14:45:57,29.35,2935,1,卖盘
2319,14:46:06,29.35,2935,1,中性盘
2320,14:46:12,29.37,26426,9,买盘
2321,14:46:15,29.36,26428,9,卖盘
2322,14:46:18,29.37,11746,4,买盘
2323,14:46:21,29.37,5874,2,买盘
2324,14:46:30,29.37,8811,3,卖盘
2325,14:46:36,29.36,2936,1,卖盘
2326,14:46:39,29.36,14680,5,卖盘
2327,14:46:42,29.37,11748,4,中性盘
2328,14:46:45,29.36,5873,2,卖盘
2329,14:46:57,29.36,2936,1,卖盘
2330,14:47:00,29.37,8811,3,买盘
2331,14:47:06,29.37,5874,2,卖盘
2332,14:47:21,29.36,11747,4,卖盘
2333,14:47:24,29.37,35244,12,买盘
2334,14:47:27,29.38,2938,1,买盘
2335,14:47:30,29.37,2937,1,卖盘
2336,14:47:36,29.37,38181,13,卖盘
2337,14:47:39,29.38,2938,1,买盘
2338,14:47:42,29.37,35244,12,卖盘
2339,14:47:48,29.37,2937,1,买盘
2340,14:47:51,29.36,5873,2,卖盘
2341,14:47:54,29.36,11744,4,卖盘
2342,14:47:57,29.36,14680,5,卖盘
2343,14:48:00,29.36,2936,1,卖盘
2344,14:48:03,29.37,55803,19,买盘
2345,14:48:06,29.38,26442,9,买盘
2346,14:48:09,29.38,52871,18,卖盘
2347,14:48:12,29.39,5877,2,买盘
2348,14:48:15,29.37,32316,11,卖盘
2349,14:48:33,29.38,17628,6,买盘
2350,14:48:42,29.38,5876,2,买盘
2351,14:48:45,29.38,17626,6,买盘
2352,14:48:48,29.38,8814,3,买盘
2353,14:48:51,29.38,2938,1,买盘
2354,14:48:57,29.38,79326,27,买盘
2355,14:49:00,29.39,35267,12,买盘
2356,14:49:03,29.39,5878,2,中性盘
2357,14:49:06,29.39,11756,4,买盘
2358,14:49:09,29.38,32320,11,卖盘
2359,14:49:18,29.38,5876,2,卖盘
