,成交时间,成交价格,成交金额,成交量,性质
0,09:25:04,26.4,1008480,382,卖盘
1,09:30:01,26.38,29018,11,卖盘
2,09:30:04,26.38,767759,291,卖盘
3,09:30:07,26.38,604073,229,卖盘
4,09:30:10,26.39,1313656,498,买盘
5,09:30:13,26.35,60596,23,买盘
6,09:30:16,26.35,527162,200,买盘
7,09:30:19,26.3,494791,188,卖盘
8,09:30:22,26.35,86883,33,买盘
9,09:30:25,26.38,685062,260,买盘
10,09:30:28,26.35,909965,345,卖盘
11,09:30:31,26.39,1113367,422,买盘
12,09:30:34,26.38,1134716,430,卖盘
13,09:30:37,26.36,580511,220,卖盘
14,09:30:40,26.3,1014363,385,卖盘
15,09:30:43,26.27,576414,219,卖盘
16,09:30:46,26.4,1048219,399,买盘
17,09:30:49,26.4,519920,197,买盘
18,09:30:52,26.35,94972,36,买盘
19,09:30:55,26.4,108891,41,买盘
20,09:30:58,26.4,89787,34,卖盘
21,09:31:01,26.44,337676,128,买盘
22,09:31:04,26.45,47597,18,买盘
23,09:31:07,26.46,2646,1,买盘
24,09:31:10,26.48,95328,36,买盘
25,09:31:13,26.48,21184,8,买盘
26,09:31:16,26.47,251531,95,卖盘
27,09:31:19,26.51,794082,300,买盘
28,09:31:22,26.5,227956,86,中性盘
29,09:31:25,26.51,196194,74,买盘
30,09:31:28,26.51,63624,24,卖盘
31,09:31:31,26.51,68958,26,卖盘
32,09:31:34,26.56,31862,12,买盘
33,09:31:37,26.56,90304,34,卖盘
34,09:31:40,26.56,79682,30,卖盘
35,09:31:43,26.52,151329,57,卖盘
36,09:31:46,26.56,39830,15,买盘
37,09:31:49,26.55,42489,16,卖盘
38,09:31:52,26.54,31846,12,卖盘
39,09:31:55,26.52,15912,6,卖盘
40,09:31:58,26.52,71598,27,买盘
41,09:32:01,26.52,259835,98,买盘
42,09:32:04,26.51,156438,59,中性盘
43,09:32:07,26.52,161737,61,买盘
44,09:32:10,26.53,222844,84,买盘
45,09:32:13,26.56,260225,98,买盘
46,09:32:16,26.62,536896,202,买盘
47,09:32:19,26.65,2570401,964,买盘
48,09:32:22,26.8,497946,186,买盘
49,09:32:25,26.81,324301,121,买盘
50,09:32:28,26.83,104641,39,买盘
51,09:32:31,26.8,166251,62,卖盘
52,09:32:34,26.78,436598,163,卖盘
53,09:32:37,26.79,128530,48,买盘
54,09:32:40,26.73,157777,59,中性盘
55,09:32:43,26.67,42750,16,卖盘
56,09:32:46,26.7,16017,6,中性盘
57,09:32:49,26.7,192243,72,买盘
58,09:32:52,26.67,593185,222,卖盘
59,09:32:55,26.67,61380,23,卖盘
60,09:32:58,26.67,61341,23,中性盘
61,09:33:01,26.65,133280,50,卖盘
62,09:33:04,26.65,410410,154,买盘
63,09:33:07,26.65,213145,80,买盘
64,09:33:10,26.65,130585,49,买盘
65,09:33:13,26.64,316391,119,卖盘
66,09:33:16,26.63,37271,14,买盘
67,09:33:19,26.59,18618,7,卖盘
68,09:33:22,26.61,34593,13,买盘
69,09:33:25,26.59,79790,30,卖盘
70,09:33:28,26.59,47861,18,买盘
71,09:33:31,26.58,162074,61,中性盘
72,09:33:34,26.58,111636,42,卖盘
73,09:33:37,26.59,50491,19,买盘
74,09:33:40,26.58,50485,19,买盘
75,09:33:43,26.55,5313,2,卖盘
76,09:33:46,26.55,18596,7,卖盘
77,09:33:49,26.58,55806,21,买盘
78,09:33:55,26.55,111510,42,卖盘
79,09:33:58,26.57,39855,15,买盘
80,09:34:01,26.65,1620955,609,买盘
81,09:34:04,26.61,63852,24,卖盘
82,09:34:07,26.66,370376,139,买盘
83,09:34:10,26.61,346194,130,卖盘
84,09:34:13,26.65,300765,113,买盘
85,09:34:16,26.67,42672,16,买盘
86,09:34:19,26.65,311999,117,卖盘
87,09:34:22,26.63,79970,30,中性盘
88,09:34:25,26.65,253144,95,买盘
89,09:34:28,26.65,178597,67,买盘
90,09:34:31,26.65,85263,32,买盘
91,09:34:34,26.65,125252,47,买盘
92,09:34:37,26.64,47945,18,买盘
93,09:34:40,26.62,162488,61,卖盘
94,09:34:43,26.6,93141,35,卖盘
95,09:34:46,26.62,148953,56,买盘
96,09:34:49,26.6,37261,14,卖盘
97,09:34:52,26.6,69164,26,卖盘
98,09:34:55,26.62,361701,136,买盘
99,09:34:58,26.6,13300,5,卖盘
100,09:35:01,26.6,159715,60,卖盘
101,09:35:04,26.62,138474,52,中性盘
102,09:35:07,26.63,2663,1,卖盘
103,09:35:10,26.63,53260,20,卖盘
104,09:35:13,26.63,63912,24,买盘
105,09:35:19,26.63,71932,27,卖盘
106,09:35:22,26.66,61290,23,买盘
107,09:35:25,26.64,162543,61,卖盘
108,09:35:28,26.66,135876,51,买盘
109,09:35:31,26.65,18655,7,卖盘
110,09:35:34,26.66,125284,47,买盘
111,09:35:37,26.66,583782,219,买盘
112,09:35:40,26.65,45304,17,买盘
113,09:35:43,26.65,103935,39,买盘
114,09:35:46,26.67,1421040,533,买盘
115,09:35:49,26.72,328396,123,买盘
116,09:35:52,26.72,98864,37,买盘
117,09:35:55,26.71,117523,44,买盘
118,09:35:58,26.73,910881,341,买盘
119,09:36:01,26.73,2673,1,卖盘
120,09:36:04,26.75,179148,67,买盘
121,09:36:07,26.73,137153,51,卖盘
122,09:36:10,26.76,717984,268,中性盘
123,09:36:13,26.71,536435,201,卖盘
124,09:36:16,26.73,248641,93,买盘
125,09:36:19,26.72,157711,59,中性盘
126,09:36:22,26.68,66732,25,卖盘
127,09:36:25,26.68,133394,50,买盘
128,09:36:28,26.7,178761,67,买盘
129,09:36:31,26.68,242846,91,中性盘
130,09:36:34,26.66,165240,62,中性盘
131,09:36:40,26.65,173193,65,买盘
132,09:36:43,26.65,173225,65,卖盘
133,09:36:46,26.66,55986,21,买盘
134,09:36:49,26.66,85372,32,卖盘
135,09:36:52,26.69,24012,9,买盘
136,09:36:55,26.69,245578,92,买盘
137,09:36:58,26.66,66681,25,卖盘
138,09:37:01,26.65,882310,331,卖盘
139,09:37:04,26.62,425963,160,卖盘
140,09:37:07,26.61,98489,37,卖盘
141,09:37:10,26.6,188930,71,卖盘
142,09:37:13,26.6,61181,23,卖盘
143,09:37:16,26.61,484302,182,买盘
144,09:37:19,26.64,23976,9,买盘
145,09:37:25,26.66,74692,28,买盘
146,09:37:28,26.66,26659,10,买盘
147,09:37:31,26.65,183911,69,卖盘
148,09:37:34,26.69,162809,61,买盘
149,09:37:37,26.66,29351,11,卖盘
150,09:37:40,26.69,21346,8,中性盘
151,09:37:43,26.69,8007,3,买盘
152,09:37:46,26.69,21352,8,买盘
153,09:37:49,26.67,37358,14,卖盘
154,09:37:52,26.69,5338,2,卖盘
155,09:37:55,26.7,277542,104,买盘
156,09:37:58,26.69,50711,19,卖盘
157,09:38:01,26.68,48029,18,卖盘
158,09:38:04,26.69,221527,83,买盘
159,09:38:07,26.69,42693,16,买盘
160,09:38:10,26.69,80058,30,买盘
161,09:38:13,26.69,66725,25,卖盘
162,09:38:16,26.7,133500,50,买盘
163,09:38:19,26.7,186900,70,卖盘
164,09:38:22,26.67,357548,134,卖盘
165,09:38:25,26.7,245511,92,买盘
166,09:38:28,26.71,96110,36,买盘
167,09:38:31,26.69,24028,9,中性盘
168,09:38:37,26.69,53388,20,买盘
169,09:38:40,26.68,40027,15,卖盘
170,09:38:43,26.69,98753,37,中性盘
171,09:38:46,26.69,26690,10,买盘
172,09:38:49,26.69,82738,31,买盘
173,09:38:52,26.69,288252,108,中性盘
174,09:38:55,26.66,624105,234,卖盘
175,09:38:58,26.62,762208,286,卖盘
176,09:39:01,26.62,5324,2,卖盘
177,09:39:04,26.63,26616,10,买盘
178,09:39:07,26.61,50559,19,卖盘
179,09:39:10,26.61,39917,15,卖盘
180,09:39:13,26.62,135763,51,买盘
181,09:39:16,26.63,987550,371,买盘
182,09:39:19,26.58,377689,142,卖盘
183,09:39:22,26.63,521398,196,买盘
184,09:39:25,26.63,2663,1,卖盘
185,09:39:28,26.65,15980,6,中性盘
186,09:39:31,26.67,58618,22,买盘
187,09:39:34,26.64,45294,17,中性盘
188,09:39:37,26.67,370531,139,买盘
189,09:39:40,26.65,15990,6,中性盘
190,09:39:43,26.67,50673,19,买盘
191,09:39:46,26.65,69290,26,买盘
192,09:39:49,26.63,554571,208,卖盘
193,09:39:52,26.7,104078,39,买盘
194,09:40:01,26.67,5332,2,买盘
195,09:40:04,26.66,23994,9,中性盘
196,09:40:07,26.65,39975,15,卖盘
197,09:40:10,26.65,29315,11,买盘
198,09:40:13,26.63,173212,65,卖盘
199,09:40:16,26.63,159780,60,卖盘
200,09:40:19,26.63,82569,31,卖盘
201,09:40:22,26.63,66579,25,卖盘
202,09:40:25,26.63,122412,46,中性盘
203,09:40:28,26.61,10646,4,卖盘
204,09:40:31,26.61,188931,71,卖盘
205,09:40:34,26.61,244842,92,买盘
206,09:40:37,26.61,260792,98,卖盘
207,09:40:43,26.62,77213,29,卖盘
208,09:40:52,26.62,61231,23,卖盘
209,09:40:55,26.62,29282,11,买盘
210,09:40:58,26.6,297954,112,卖盘
211,09:41:01,26.59,364434,137,卖盘
212,09:41:04,26.58,207442,78,卖盘
213,09:41:07,26.58,53161,20,卖盘
214,09:41:10,26.6,122314,46,买盘
215,09:41:13,26.54,1083924,408,卖盘
216,09:41:16,26.58,53186,20,中性盘
217,09:41:19,26.58,116995,44,卖盘
218,09:41:22,26.58,226132,85,卖盘
219,09:41:25,26.58,446235,168,买盘
220,09:41:28,26.58,2658,1,买盘
221,09:41:31,26.58,45186,17,买盘
222,09:41:34,26.57,61132,23,卖盘
223,09:41:37,26.58,13290,5,卖盘
224,09:41:40,26.58,13290,5,买盘
225,09:41:43,26.58,18600,7,买盘
226,09:41:46,26.57,18599,7,卖盘
227,09:41:49,26.58,255088,96,买盘
228,09:41:52,26.57,2657,1,买盘
229,09:41:55,26.58,106320,40,买盘
230,09:41:58,26.57,233442,88,买盘
231,09:42:01,26.55,7965,3,中性盘
232,09:42:04,26.55,98233,37,买盘
233,09:42:07,26.57,61109,23,买盘
234,09:42:13,26.55,7965,3,卖盘
235,09:42:16,26.55,124785,47,卖盘
236,09:42:19,26.55,2655,1,买盘
237,09:42:22,26.55,18585,7,买盘
238,09:42:25,26.54,103528,39,卖盘
239,09:42:28,26.53,161891,61,卖盘
240,09:42:31,26.53,233575,88,卖盘
241,09:42:34,26.54,53110,20,中性盘
242,09:42:37,26.54,164569,62,卖盘
243,09:42:40,26.54,95588,36,卖盘
244,09:42:43,26.55,488827,184,中性盘
245,09:42:46,26.59,111612,42,买盘
246,09:42:49,26.56,7970,3,卖盘
247,09:42:52,26.57,454765,171,卖盘
248,09:42:55,26.58,13291,5,卖盘
249,09:42:58,26.58,13290,5,卖盘
250,09:43:01,26.58,5316,2,卖盘
251,09:43:04,26.6,50529,19,买盘
252,09:43:07,26.6,42580,16,买盘
253,09:43:13,26.6,10640,4,卖盘
254,09:43:16,26.6,26600,10,卖盘
255,09:43:19,26.59,26590,10,卖盘
256,09:43:22,26.6,101080,38,买盘
257,09:43:25,26.6,10645,4,买盘
258,09:43:28,26.59,103737,39,卖盘
259,09:43:31,26.6,61167,23,买盘
260,09:43:34,26.57,334911,126,卖盘
261,09:43:37,26.59,289773,109,买盘
262,09:43:40,26.59,26585,10,买盘
263,09:43:43,26.58,7974,3,中性盘
264,09:43:46,26.58,15948,6,中性盘
265,09:43:49,26.57,10630,4,卖盘
266,09:43:52,26.57,2657,1,买盘
267,09:43:55,26.57,69082,26,买盘
268,09:44:01,26.56,47808,18,卖盘
269,09:44:04,26.57,786190,296,买盘
270,09:44:07,26.57,167386,63,卖盘
271,09:44:10,26.57,361110,136,买盘
272,09:44:13,26.55,244128,92,中性盘
273,09:44:16,26.52,122002,46,卖盘
274,09:44:19,26.5,397519,150,卖盘
275,09:44:22,26.51,286200,108,买盘
276,09:44:25,26.51,58322,22,买盘
277,09:44:28,26.51,18553,7,中性盘
278,09:44:31,26.52,29162,11,买盘
279,09:44:34,26.51,26516,10,卖盘
280,09:44:37,26.51,151141,57,卖盘
281,09:44:40,26.5,63626,24,卖盘
282,09:44:43,26.51,137705,52,买盘
283,09:44:49,26.5,111270,42,买盘
284,09:44:52,26.47,68826,26,卖盘
285,09:44:55,26.48,18534,7,中性盘
286,09:44:58,26.47,29117,11,卖盘
287,09:45:01,26.48,111191,42,买盘
288,09:45:04,26.47,84707,32,卖盘
289,09:45:07,26.47,10588,4,买盘
290,09:45:10,26.46,166732,63,卖盘
291,09:45:13,26.46,301651,114,卖盘
292,09:45:16,26.47,26478,10,卖盘
293,09:45:19,26.47,5294,2,卖盘
294,09:45:22,26.47,50302,19,卖盘
295,09:45:25,26.47,82092,31,卖盘
296,09:45:28,26.5,145634,55,买盘
297,09:45:31,26.47,275302,104,卖盘
298,09:45:34,26.5,5300,2,买盘
299,09:45:37,26.5,76849,29,买盘
300,09:45:40,26.49,10596,4,卖盘
301,09:45:43,26.49,267551,101,卖盘
302,09:45:46,26.51,37101,14,买盘
303,09:45:49,26.51,68896,26,买盘
304,09:45:52,26.52,108687,41,买盘
305,09:45:55,26.52,2652,1,买盘
306,09:45:58,26.53,74257,28,买盘
307,09:46:01,26.52,34480,13,卖盘
308,09:46:04,26.51,302279,114,卖盘
309,09:46:07,26.55,254800,96,买盘
310,09:46:10,26.54,18578,7,买盘
311,09:46:16,26.54,108742,41,中性盘
312,09:46:19,26.52,10608,4,中性盘
313,09:46:22,26.51,87510,33,卖盘
314,09:46:25,26.51,50369,19,卖盘
315,09:46:28,26.51,76889,29,卖盘
316,09:46:34,26.51,34475,13,中性盘
317,09:46:37,26.51,182878,69,买盘
318,09:46:40,26.51,63625,24,卖盘
319,09:46:43,26.48,408214,154,卖盘
320,09:46:46,26.5,5300,2,买盘
321,09:46:49,26.47,119156,45,卖盘
322,09:46:55,26.48,84736,32,买盘
323,09:46:58,26.48,42368,16,卖盘
324,09:47:01,26.48,5296,2,卖盘
325,09:47:04,26.48,7944,3,卖盘
326,09:47:07,26.48,124456,47,卖盘
327,09:47:10,26.48,299360,113,卖盘
328,09:47:13,26.48,7944,3,中性盘
329,09:47:16,26.48,13240,5,卖盘
330,09:47:19,26.5,31790,12,买盘
331,09:47:25,26.49,10596,4,卖盘
332,09:47:28,26.49,391991,148,卖盘
333,09:47:31,26.49,29140,11,卖盘
334,09:47:34,26.5,37098,14,买盘
335,09:47:37,26.49,10596,4,卖盘
336,09:47:40,26.49,26490,10,卖盘
337,09:47:43,26.48,691385,261,卖盘
338,09:47:46,26.48,23832,9,卖盘
339,09:47:49,26.49,45023,17,买盘
340,09:47:52,26.48,42368,16,中性盘
341,09:47:55,26.48,7944,3,买盘
342,09:47:58,26.48,18536,7,买盘
343,09:48:04,26.47,285876,108,卖盘
344,09:48:07,26.47,52940,20,买盘
345,09:48:10,26.47,7941,3,买盘
346,09:48:13,26.46,52931,20,卖盘
347,09:48:16,26.47,10588,4,卖盘
348,09:48:22,26.46,52920,20,卖盘
349,09:48:28,26.47,256759,97,买盘
350,09:48:31,26.47,60861,23,买盘
351,09:48:37,26.46,121726,46,卖盘
352,09:48:40,26.46,185220,70,卖盘
353,09:48:43,26.47,185245,70,买盘
354,09:48:46,26.46,10584,4,卖盘
355,09:48:49,26.46,34408,13,卖盘
356,09:48:52,26.46,74088,28,卖盘
357,09:48:55,26.46,10584,4,卖盘
358,09:48:58,26.46,39690,15,卖盘
359,09:49:01,26.46,21168,8,卖盘
360,09:49:04,26.46,13230,5,卖盘
361,09:49:07,26.46,275204,104,卖盘
362,09:49:10,26.46,126973,48,卖盘
363,09:49:13,26.45,37030,14,卖盘
364,09:49:16,26.45,100520,38,卖盘
365,09:49:19,26.46,7938,3,买盘
366,09:49:22,26.46,37040,14,买盘
367,09:49:25,26.45,21160,8,卖盘
368,09:49:28,26.45,15870,6,买盘
369,09:49:31,26.45,21160,8,买盘
370,09:49:34,26.44,63463,24,卖盘
371,09:49:37,26.43,235318,89,卖盘
372,09:49:43,26.43,74012,28,卖盘
373,09:49:46,26.44,76657,29,买盘
374,09:49:52,26.44,111035,42,买盘
375,09:49:55,26.45,34381,13,买盘
376,09:49:58,26.45,10580,4,卖盘
377,09:50:01,26.45,47610,18,卖盘
378,09:50:04,26.44,26440,10,卖盘
379,09:50:07,26.45,39675,15,买盘
380,09:50:10,26.44,52880,20,卖盘
381,09:50:13,26.44,10576,4,卖盘
382,09:50:16,26.47,428645,162,买盘
383,09:50:19,26.48,7944,3,买盘
384,09:50:22,26.47,15887,6,中性盘
385,09:50:25,26.46,18522,7,卖盘
386,09:50:28,26.45,31740,12,卖盘
387,09:50:31,26.45,7935,3,卖盘
388,09:50:34,26.46,74071,28,买盘
389,09:50:37,26.45,31740,12,卖盘
390,09:50:40,26.46,108446,41,买盘
391,09:50:43,26.45,105825,40,卖盘
392,09:50:46,26.45,2645,1,买盘
393,09:50:49,26.45,454593,172,买盘
394,09:50:52,26.44,13219,5,买盘
395,09:50:55,26.42,15862,6,卖盘
396,09:50:58,26.42,92484,35,卖盘
397,09:51:01,26.41,58104,22,卖盘
398,09:51:07,26.41,31696,12,卖盘
399,09:51:13,26.41,229767,87,卖盘
400,09:51:16,26.41,7923,3,买盘
401,09:51:19,26.41,42256,16,买盘
402,09:51:22,26.41,79211,30,买盘
403,09:51:25,26.39,1372804,520,卖盘
404,09:51:28,26.4,110880,42,买盘
405,09:51:31,26.4,5280,2,买盘
406,09:51:34,26.39,39584,15,卖盘
407,09:51:37,26.39,5278,2,买盘
408,09:51:40,26.4,158320,60,买盘
409,09:51:46,26.4,7920,3,买盘
410,09:51:49,26.4,2640,1,买盘
411,09:51:52,26.39,65975,25,卖盘
412,09:51:55,26.4,31669,12,买盘
413,09:51:58,26.39,68618,26,卖盘
414,09:52:01,26.41,667917,253,买盘
415,09:52:04,26.4,327327,124,卖盘
416,09:52:07,26.41,52820,20,卖盘
417,09:52:10,26.41,60764,23,卖盘
418,09:52:13,26.44,7929,3,买盘
419,09:52:16,26.44,277620,105,买盘
420,09:52:19,26.44,103116,39,买盘
421,09:52:22,26.45,111076,42,买盘
422,09:52:25,26.45,179860,68,买盘
423,09:52:28,26.45,18515,7,买盘
424,09:52:34,26.47,177289,67,买盘
425,09:52:37,26.47,2647,1,卖盘
426,09:52:40,26.47,66175,25,卖盘
427,09:52:43,26.47,185315,70,卖盘
428,09:52:46,26.48,76782,29,买盘
429,09:52:49,26.47,5294,2,卖盘
430,09:52:52,26.48,55607,21,买盘
431,09:52:55,26.47,42352,16,卖盘
432,09:52:58,26.48,2648,1,买盘
433,09:53:01,26.48,13240,5,买盘
434,09:53:07,26.48,52960,20,卖盘
435,09:53:10,26.47,47654,18,卖盘
436,09:53:13,26.47,15882,6,卖盘
437,09:53:16,26.45,566373,214,卖盘
438,09:53:19,26.44,2644,1,卖盘
439,09:53:22,26.44,2644,1,卖盘
440,09:53:25,26.44,13220,5,买盘
441,09:53:28,26.45,42316,16,买盘
442,09:53:31,26.43,140082,53,卖盘
443,09:53:40,26.43,2643,1,卖盘
444,09:53:43,26.46,15876,6,买盘
445,09:53:46,26.46,18522,7,买盘
446,09:53:49,26.46,23814,9,买盘
447,09:53:52,26.45,18517,7,卖盘
448,09:53:55,26.45,2645,1,卖盘
449,09:53:58,26.45,5290,2,卖盘
450,09:54:01,26.46,89940,34,买盘
451,09:54:10,26.45,34387,13,卖盘
452,09:54:13,26.47,60879,23,买盘
453,09:54:16,26.46,5292,2,买盘
454,09:54:19,26.47,87335,33,买盘
455,09:54:22,26.45,404694,153,卖盘
456,09:54:25,26.48,13240,5,买盘
457,09:54:31,26.46,13233,5,卖盘
458,09:54:34,26.48,7944,3,买盘
459,09:54:37,26.48,5296,2,买盘
460,09:54:40,26.47,82057,31,中性盘
461,09:54:43,26.47,52940,20,买盘
462,09:54:46,26.47,29117,11,买盘
463,09:54:49,26.47,18530,7,中性盘
464,09:54:52,26.46,195804,74,卖盘
465,09:54:55,26.46,26460,10,买盘
466,09:54:58,26.45,142839,54,卖盘
467,09:55:01,26.46,66146,25,买盘
468,09:55:04,26.47,44999,17,买盘
469,09:55:07,26.48,521644,197,买盘
470,09:55:10,26.48,31776,12,卖盘
471,09:55:19,26.48,7946,3,卖盘
472,09:55:22,26.49,2649,1,买盘
473,09:55:25,26.5,45034,17,买盘
474,09:55:28,26.49,26490,10,卖盘
475,09:55:31,26.49,26495,10,卖盘
476,09:55:34,26.5,39745,15,买盘
477,09:55:37,26.5,50350,19,买盘
478,09:55:40,26.5,26500,10,买盘
479,09:55:43,26.5,2650,1,买盘
480,09:55:46,26.49,23845,9,卖盘
481,09:55:49,26.49,60933,23,卖盘
482,09:55:52,26.5,90100,34,买盘
483,09:55:55,26.51,349849,132,买盘
484,09:56:04,26.52,61017,23,卖盘
485,09:56:07,26.55,5310,2,买盘
486,09:56:10,26.54,5308,2,买盘
487,09:56:13,26.55,90253,34,买盘
488,09:56:16,26.55,69018,26,买盘
489,09:56:19,26.55,499174,188,买盘
490,09:56:22,26.55,10623,4,卖盘
491,09:56:25,26.58,47800,18,买盘
492,09:56:28,26.53,356108,134,卖盘
493,09:56:31,26.58,491631,185,买盘
494,09:56:34,26.55,58402,22,中性盘
495,09:56:37,26.56,124831,47,中性盘
496,09:56:40,26.56,273566,103,卖盘
497,09:56:43,26.56,26560,10,买盘
498,09:56:46,26.56,329570,124,买盘
499,09:56:49,26.6,26600,10,买盘
500,09:56:52,26.56,29232,11,卖盘
501,09:56:55,26.65,332711,125,买盘
502,09:56:58,26.65,61295,23,卖盘
503,09:57:01,26.57,47837,18,卖盘
504,09:57:04,26.59,5318,2,买盘
505,09:57:07,26.57,2657,1,卖盘
506,09:57:10,26.57,10628,4,卖盘
507,09:57:13,26.57,172650,65,卖盘
508,09:57:19,26.57,5314,2,买盘
509,09:57:22,26.56,7968,3,买盘
510,09:57:25,26.55,15930,6,卖盘
511,09:57:28,26.55,5310,2,卖盘
512,09:57:31,26.55,23895,9,卖盘
513,09:57:34,26.56,2656,1,中性盘
514,09:57:37,26.57,13281,5,买盘
515,09:57:40,26.56,39845,15,卖盘
516,09:57:43,26.55,5310,2,卖盘
517,09:57:46,26.56,34528,13,买盘
518,09:57:49,26.56,119514,45,买盘
519,09:57:52,26.55,58424,22,卖盘
520,09:57:58,26.56,2656,1,买盘
521,09:58:01,26.56,122131,46,买盘
522,09:58:04,26.54,411503,155,卖盘
523,09:58:07,26.54,29194,11,买盘
524,09:58:10,26.51,18557,7,卖盘
525,09:58:13,26.51,37114,14,卖盘
526,09:58:16,26.51,18557,7,卖盘
527,09:58:19,26.51,5302,2,卖盘
528,09:58:25,26.51,159131,60,卖盘
529,09:58:28,26.51,15906,6,买盘
530,09:58:31,26.51,113990,43,买盘
531,09:58:34,26.5,37113,14,卖盘
532,09:58:37,26.5,37100,14,卖盘
533,09:58:40,26.5,148400,56,卖盘
534,09:58:43,26.51,349932,132,买盘
535,09:58:46,26.5,7950,3,卖盘
536,09:58:52,26.5,156358,59,卖盘
537,09:58:55,26.5,74200,28,买盘
538,09:58:58,26.48,460775,174,卖盘
539,09:59:01,26.5,113898,43,买盘
540,09:59:10,26.51,132517,50,买盘
541,09:59:19,26.53,7953,3,买盘
542,09:59:22,26.53,106084,40,买盘
543,09:59:25,26.53,53060,20,买盘
544,09:59:28,26.5,53034,20,卖盘
545,09:59:31,26.5,106000,40,卖盘
546,09:59:37,26.5,119250,45,卖盘
547,09:59:40,26.5,13250,5,买盘
548,09:59:49,26.5,180200,68,买盘
549,09:59:55,26.5,68912,26,卖盘
550,09:59:58,26.5,18550,7,买盘
551,10:00:01,26.5,5300,2,买盘
552,10:00:04,26.49,13245,5,卖盘
553,10:00:07,26.5,79500,30,买盘
554,10:00:10,26.49,21192,8,买盘
555,10:00:13,26.49,71511,27,买盘
556,10:00:19,26.48,71496,27,卖盘
557,10:00:25,26.47,180061,68,卖盘
558,10:00:28,26.47,71489,27,卖盘
559,10:00:31,26.47,18529,7,卖盘
560,10:00:37,26.47,31764,12,买盘
561,10:00:40,26.46,417432,158,卖盘
562,10:00:43,26.47,7941,3,卖盘
563,10:00:46,26.47,2647,1,买盘
564,10:00:49,26.46,52920,20,卖盘
565,10:00:52,26.47,7941,3,买盘
566,10:00:55,26.46,352759,133,卖盘
567,10:00:58,26.46,58221,22,卖盘
568,10:01:01,26.46,13231,5,买盘
569,10:01:04,26.48,54848,21,买盘
570,10:01:07,26.48,63552,24,买盘
571,10:01:10,26.46,140279,53,卖盘
572,10:01:16,26.47,5294,2,卖盘
573,10:01:19,26.46,29106,11,卖盘
574,10:01:22,26.46,29116,11,卖盘
575,10:01:28,26.46,55568,21,卖盘
576,10:01:31,26.46,5293,2,卖盘
577,10:01:34,26.47,63522,24,买盘
578,10:01:37,26.46,21168,8,卖盘
579,10:01:40,26.46,161417,61,卖盘
580,10:01:43,26.46,7938,3,卖盘
581,10:01:46,26.46,55572,21,卖盘
582,10:01:49,26.47,95292,36,买盘
583,10:01:52,26.46,169344,64,卖盘
584,10:01:55,26.47,52940,20,买盘
585,10:01:58,26.46,10584,4,卖盘
586,10:02:01,26.46,97912,37,卖盘
587,10:02:04,26.46,15876,6,卖盘
588,10:02:07,26.46,119811,45,卖盘
589,10:02:13,26.46,349272,132,买盘
590,10:02:16,26.46,31752,12,买盘
591,10:02:19,26.46,7938,3,买盘
592,10:02:22,26.46,52920,20,买盘
593,10:02:25,26.46,417337,158,买盘
594,10:02:28,26.46,26463,10,卖盘
595,10:02:31,26.47,63528,24,买盘
596,10:02:37,26.46,26464,10,卖盘
597,10:02:40,26.46,2646,1,卖盘
598,10:02:43,26.47,71469,27,买盘
599,10:02:46,26.48,7944,3,买盘
600,10:02:49,26.48,29118,11,买盘
601,10:02:52,26.48,105920,40,买盘
602,10:02:58,26.48,150954,57,卖盘
603,10:03:01,26.47,434182,164,卖盘
604,10:03:04,26.47,13235,5,买盘
605,10:03:07,26.46,39690,15,卖盘
606,10:03:13,26.46,34410,13,卖盘
607,10:03:16,26.47,2647,1,中性盘
608,10:03:19,26.46,39696,15,卖盘
609,10:03:22,26.48,5296,2,买盘
610,10:03:25,26.46,137592,52,卖盘
611,10:03:28,26.46,18522,7,买盘
612,10:03:31,26.46,34387,13,买盘
613,10:03:37,26.46,13230,5,买盘
614,10:03:40,26.49,1233576,466,买盘
615,10:03:43,26.51,63657,24,买盘
616,10:03:46,26.54,124500,47,买盘
617,10:03:49,26.54,2654,1,买盘
618,10:03:52,26.52,21213,8,中性盘
619,10:03:55,26.55,13272,5,买盘
620,10:03:58,26.51,71594,27,卖盘
621,10:04:01,26.55,26550,10,买盘
622,10:04:04,26.53,34489,13,卖盘
623,10:04:07,26.53,26536,10,中性盘
624,10:04:10,26.53,7959,3,卖盘
625,10:04:13,26.53,15918,6,卖盘
626,10:04:16,26.53,26524,10,买盘
627,10:04:19,26.56,148679,56,买盘
628,10:04:22,26.53,2653,1,卖盘
629,10:04:25,26.54,18578,7,买盘
630,10:04:28,26.54,2654,1,买盘
631,10:04:31,26.54,10616,4,买盘
632,10:04:34,26.54,2654,1,卖盘
633,10:04:37,26.54,15924,6,卖盘
634,10:04:40,26.55,13275,5,买盘
635,10:04:43,26.55,7965,3,买盘
636,10:04:55,26.56,63725,24,买盘
637,10:05:01,26.55,53082,20,买盘
638,10:05:04,26.53,496115,187,卖盘
639,10:05:10,26.53,47736,18,买盘
640,10:05:13,26.51,2651,1,卖盘
641,10:05:19,26.51,90165,34,卖盘
642,10:05:25,26.51,50369,19,卖盘
643,10:05:37,26.5,68900,26,卖盘
644,10:05:49,26.49,111258,42,卖盘
645,10:05:52,26.49,2649,1,买盘
646,10:05:55,26.5,161640,61,买盘
647,10:06:01,26.5,26492,10,买盘
648,10:06:07,26.51,106017,40,买盘
649,10:06:22,26.5,7950,3,卖盘
650,10:06:25,26.5,55650,21,卖盘
651,10:06:28,26.5,2650,1,卖盘
652,10:06:34,26.5,29150,11,卖盘
653,10:06:37,26.5,55650,21,卖盘
654,10:06:40,26.5,5300,2,卖盘
655,10:06:43,26.5,26500,10,卖盘
656,10:06:49,26.51,196172,74,买盘
657,10:06:52,26.5,10600,4,卖盘
658,10:06:55,26.5,23855,9,卖盘
659,10:06:58,26.51,26510,10,买盘
660,10:07:01,26.51,5302,2,卖盘
661,10:07:04,26.5,26509,10,卖盘
662,10:07:07,26.52,10608,4,买盘
663,10:07:10,26.53,2653,1,买盘
664,10:07:13,26.53,2653,1,买盘
665,10:07:16,26.52,45084,17,卖盘
666,10:07:19,26.52,23868,9,卖盘
667,10:07:25,26.52,45071,17,买盘
668,10:07:28,26.52,15912,6,买盘
669,10:07:31,26.52,2652,1,买盘
670,10:07:34,26.52,15912,6,买盘
671,10:07:37,26.53,10612,4,买盘
672,10:07:40,26.53,2653,1,买盘
673,10:07:46,26.53,50407,19,买盘
674,10:07:49,26.54,29194,11,买盘
675,10:07:55,26.53,10612,4,卖盘
676,10:07:58,26.53,2653,1,卖盘
677,10:08:04,26.51,1376196,519,卖盘
678,10:08:07,26.51,2651,1,买盘
679,10:08:10,26.51,10604,4,买盘
680,10:08:16,26.48,2648,1,中性盘
681,10:08:22,26.51,21208,8,买盘
682,10:08:25,26.47,26470,10,卖盘
683,10:08:31,26.51,37083,14,买盘
684,10:08:37,26.53,21204,8,买盘
685,10:08:40,26.5,21200,8,卖盘
686,10:08:43,26.49,23842,9,卖盘
687,10:08:49,26.5,45053,17,中性盘
688,10:08:52,26.48,63559,24,卖盘
689,10:09:01,26.47,18531,7,卖盘
690,10:09:04,26.48,23832,9,买盘
691,10:09:07,26.48,2648,1,卖盘
692,10:09:10,26.48,52960,20,卖盘
693,10:09:13,26.48,15888,6,卖盘
694,10:09:16,26.47,13236,5,卖盘
695,10:09:25,26.49,132450,50,买盘
696,10:09:31,26.5,196100,74,买盘
697,10:09:34,26.5,153700,58,买盘
698,10:09:37,26.5,7950,3,卖盘
699,10:09:40,26.52,5304,2,买盘
700,10:09:49,26.52,217348,82,买盘
701,10:09:52,26.52,13260,5,买盘
702,10:09:55,26.5,212025,80,卖盘
703,10:09:58,26.51,5302,2,买盘
704,10:10:01,26.51,31812,12,买盘
705,10:10:07,26.5,174906,66,中性盘
706,10:10:13,26.48,55608,21,卖盘
707,10:10:16,26.49,309788,117,买盘
708,10:10:19,26.46,29116,11,卖盘
709,10:10:22,26.48,227728,86,买盘
710,10:10:25,26.46,13230,5,卖盘
711,10:10:28,26.46,13230,5,卖盘
712,10:10:31,26.46,52920,20,卖盘
713,10:10:34,26.47,52933,20,买盘
714,10:10:37,26.46,2646,1,卖盘
715,10:10:40,26.46,293716,111,卖盘
716,10:10:49,26.47,92615,35,买盘
717,10:11:01,26.47,15882,6,买盘
718,10:11:04,26.46,190518,72,卖盘
719,10:11:07,26.46,31752,12,买盘
720,10:11:10,26.46,95226,36,买盘
721,10:11:19,26.46,7938,3,买盘
722,10:11:22,26.46,2646,1,买盘
723,10:11:25,26.45,264500,100,卖盘
724,10:11:28,26.45,309468,117,卖盘
725,10:11:31,26.46,899302,340,买盘
726,10:11:34,26.45,55545,21,卖盘
727,10:11:37,26.45,42313,16,买盘
728,10:11:40,26.44,230030,87,卖盘
729,10:11:43,26.44,31728,12,买盘
730,10:11:49,26.43,87242,33,卖盘
731,10:11:52,26.43,116292,44,卖盘
732,10:11:55,26.43,116294,44,卖盘
733,10:11:58,26.44,121601,46,买盘
734,10:12:01,26.43,15858,6,中性盘
735,10:12:04,26.47,1124287,425,买盘
736,10:12:07,26.49,15894,6,买盘
737,10:12:10,26.48,5296,2,卖盘
738,10:12:13,26.47,45004,17,卖盘
739,10:12:16,26.47,31764,12,买盘
740,10:12:19,26.45,63500,24,卖盘
741,10:12:22,26.46,2646,1,中性盘
742,10:12:28,26.46,39690,15,卖盘
743,10:12:34,26.45,113735,43,卖盘
744,10:12:37,26.45,2645,1,买盘
745,10:12:43,26.45,581900,220,买盘
746,10:12:46,26.45,18515,7,卖盘
747,10:12:49,26.44,26440,10,卖盘
748,10:12:52,26.45,145475,55,买盘
749,10:12:55,26.46,74061,28,买盘
750,10:12:58,26.45,5290,2,卖盘
751,10:13:01,26.46,39689,15,买盘
752,10:13:04,26.44,713983,270,卖盘
753,10:13:10,26.44,290868,110,卖盘
754,10:13:13,26.46,23807,9,买盘
755,10:13:19,26.45,21153,8,买盘
756,10:13:22,26.46,116400,44,买盘
757,10:13:25,26.48,5296,2,买盘
758,10:13:28,26.48,39720,15,买盘
759,10:13:31,26.49,10596,4,买盘
760,10:13:34,26.5,108639,41,买盘
761,10:13:37,26.51,21208,8,买盘
762,10:13:40,26.51,29161,11,买盘
763,10:13:43,26.51,7953,3,买盘
764,10:13:46,26.53,90173,34,买盘
765,10:13:49,26.53,82243,31,买盘
766,10:13:52,26.53,7959,3,买盘
767,10:13:55,26.53,31836,12,买盘
768,10:13:58,26.52,114057,43,卖盘
769,10:14:01,26.55,249496,94,买盘
770,10:14:04,26.57,270969,102,买盘
771,10:14:07,26.62,569214,214,买盘
772,10:14:10,26.65,463405,174,买盘
773,10:14:16,26.65,23978,9,买盘
774,10:14:19,26.63,26638,10,卖盘
775,10:14:22,26.63,7989,3,卖盘
776,10:14:25,26.64,10654,4,买盘
777,10:14:28,26.64,61262,23,买盘
778,10:14:31,26.65,5330,2,买盘
779,10:14:34,26.65,423722,159,买盘
780,10:14:37,26.64,26640,10,卖盘
781,10:14:40,26.65,141232,53,买盘
782,10:14:43,26.65,53293,20,买盘
783,10:14:46,26.65,255809,96,买盘
784,10:14:49,26.62,210424,79,卖盘
785,10:14:52,26.63,10655,4,中性盘
786,10:14:55,26.64,5328,2,买盘
787,10:14:58,26.65,138574,52,买盘
788,10:15:01,26.65,79950,30,卖盘
789,10:15:04,26.65,130599,49,卖盘
790,10:15:07,26.66,34650,13,买盘
791,10:15:10,26.65,125277,47,卖盘
792,10:15:13,26.65,981153,368,卖盘
793,10:15:16,26.65,205240,77,买盘
794,10:15:19,26.68,63957,24,买盘
795,10:15:22,26.65,21330,8,卖盘
796,10:15:25,26.65,31980,12,买盘
797,10:15:28,26.65,63960,24,买盘
798,10:15:31,26.65,50648,19,买盘
799,10:15:34,26.65,103923,39,买盘
800,10:15:37,26.67,7999,3,中性盘
801,10:15:40,26.67,250534,94,买盘
802,10:15:43,26.67,5334,2,买盘
803,10:15:46,26.65,167980,63,卖盘
804,10:15:49,26.64,13320,5,买盘
805,10:15:52,26.63,15978,6,卖盘
806,10:15:55,26.63,58578,22,卖盘
807,10:16:01,26.63,106492,40,买盘
808,10:16:04,26.62,173064,65,中性盘
809,10:16:07,26.61,29271,11,卖盘
810,10:16:13,26.6,21280,8,卖盘
811,10:16:16,26.6,141017,53,买盘
812,10:16:19,26.6,63799,24,买盘
813,10:16:22,26.59,7977,3,中性盘
814,10:16:25,26.6,47880,18,买盘
815,10:16:28,26.6,87765,33,卖盘
816,10:16:31,26.61,53205,20,买盘
817,10:16:34,26.6,175553,66,买盘
818,10:16:37,26.6,26592,10,买盘
819,10:16:40,26.6,58520,22,买盘
820,10:16:43,26.61,101101,38,买盘
821,10:16:46,26.6,79800,30,卖盘
822,10:16:49,26.62,5324,2,买盘
823,10:16:52,26.61,69186,26,卖盘
824,10:16:55,26.61,58537,22,买盘
825,10:16:58,26.6,29262,11,卖盘
826,10:17:01,26.61,26610,10,买盘
827,10:17:04,26.61,2661,1,买盘
828,10:17:07,26.6,34580,13,卖盘
829,10:17:10,26.61,10644,4,买盘
830,10:17:13,26.6,29260,11,卖盘
831,10:17:16,26.61,15966,6,买盘
832,10:17:19,26.61,10644,4,买盘
833,10:17:22,26.6,271320,102,卖盘
834,10:17:25,26.6,178220,67,卖盘
835,10:17:28,26.61,37242,14,买盘
836,10:17:31,26.59,21272,8,卖盘
837,10:17:34,26.6,63840,24,卖盘
838,10:17:37,26.6,66504,25,卖盘
839,10:17:40,26.6,2660,1,买盘
840,10:17:43,26.59,13295,5,卖盘
841,10:17:46,26.59,15954,6,卖盘
842,10:17:49,26.59,29249,11,卖盘
843,10:17:52,26.59,5318,2,卖盘
844,10:17:55,26.59,61157,23,卖盘
845,10:17:58,26.58,29242,11,卖盘
846,10:18:01,26.58,82409,31,卖盘
847,10:18:07,26.58,2658,1,买盘
848,10:18:10,26.56,5312,2,卖盘
849,10:18:16,26.58,47810,18,买盘
850,10:18:19,26.56,39840,15,卖盘
851,10:18:25,26.57,26561,10,买盘
852,10:18:28,26.58,135557,51,买盘
853,10:18:40,26.57,15944,6,卖盘
854,10:18:43,26.58,39858,15,买盘
855,10:18:46,26.58,7974,3,买盘
856,10:18:55,26.57,31884,12,卖盘
857,10:18:58,26.58,18606,7,买盘
858,10:19:01,26.57,23919,9,卖盘
859,10:19:04,26.57,18599,7,卖盘
860,10:19:07,26.57,53141,20,卖盘
861,10:19:10,26.58,13290,5,买盘
862,10:19:13,26.59,26579,10,买盘
863,10:19:16,26.58,132900,50,卖盘
864,10:19:19,26.59,7977,3,买盘
865,10:19:22,26.58,79740,30,卖盘
866,10:19:25,26.59,77111,29,买盘
867,10:19:28,26.6,15960,6,买盘
868,10:19:31,26.6,5320,2,买盘
869,10:19:37,26.6,273980,103,买盘
870,10:19:40,26.61,23949,9,买盘
871,10:19:43,26.61,61188,23,买盘
872,10:19:46,26.61,31932,12,买盘
873,10:19:49,26.61,585420,220,买盘
874,10:19:52,26.61,21288,8,买盘
875,10:19:58,26.6,702246,264,卖盘
876,10:20:01,26.61,31928,12,买盘
877,10:20:04,26.61,47881,18,买盘
878,10:20:07,26.6,31920,12,卖盘
879,10:20:10,26.6,13300,5,买盘
880,10:20:13,26.59,7977,3,卖盘
881,10:20:16,26.61,106402,40,买盘
882,10:20:19,26.61,47886,18,买盘
883,10:20:22,26.61,5322,2,买盘
884,10:20:25,26.61,13305,5,买盘
885,10:20:28,26.6,324524,122,卖盘
886,10:20:31,26.6,15960,6,卖盘
887,10:20:34,26.6,2660,1,中性盘
888,10:20:37,26.61,140949,53,买盘
889,10:20:40,26.59,5318,2,中性盘
890,10:20:43,26.58,13290,5,卖盘
891,10:20:46,26.59,7977,3,买盘
892,10:20:52,26.59,324582,122,卖盘
893,10:20:58,26.58,31896,12,卖盘
894,10:21:01,26.58,29238,11,买盘
895,10:21:04,26.57,74397,28,卖盘
896,10:21:10,26.56,185970,70,卖盘
897,10:21:13,26.57,18598,7,买盘
898,10:21:16,26.57,26565,10,买盘
899,10:21:22,26.57,132850,50,买盘
900,10:21:25,26.56,7968,3,卖盘
901,10:21:28,26.57,7971,3,买盘
902,10:21:31,26.56,50464,19,卖盘
903,10:21:34,26.56,23904,9,买盘
904,10:21:37,26.56,37184,14,买盘
905,10:21:40,26.55,18589,7,卖盘
906,10:21:43,26.55,5310,2,卖盘
907,10:21:46,26.54,185888,70,卖盘
908,10:21:49,26.55,5310,2,中性盘
909,10:21:55,26.55,2655,1,买盘
910,10:21:58,26.54,143316,54,卖盘
911,10:22:04,26.55,390208,147,买盘
912,10:22:07,26.53,156588,59,卖盘
913,10:22:10,26.54,207012,78,卖盘
914,10:22:13,26.55,268275,101,买盘
915,10:22:16,26.57,5314,2,买盘
916,10:22:19,26.56,39841,15,卖盘
917,10:22:22,26.58,2658,1,买盘
918,10:22:28,26.58,77078,29,买盘
919,10:22:34,26.59,74452,28,买盘
920,10:22:37,26.58,26585,10,卖盘
921,10:22:40,26.6,21280,8,买盘
922,10:22:43,26.59,42548,16,卖盘
923,10:22:46,26.6,2660,1,中性盘
924,10:22:49,26.61,15966,6,买盘
925,10:22:52,26.6,42566,16,卖盘
926,10:22:58,26.61,26610,10,买盘
927,10:23:01,26.6,13300,5,卖盘
928,10:23:07,26.61,13305,5,中性盘
929,10:23:13,26.61,2661,1,买盘
930,10:23:16,26.6,151623,57,卖盘
931,10:23:19,26.6,45216,17,买盘
932,10:23:22,26.61,332592,125,买盘
933,10:23:25,26.61,98448,37,买盘
934,10:23:28,26.61,34593,13,卖盘
935,10:23:31,26.62,21296,8,买盘
936,10:23:34,26.61,31934,12,卖盘
937,10:23:37,26.61,37254,14,卖盘
938,10:23:40,26.61,10644,4,买盘
939,10:23:43,26.61,13305,5,买盘
940,10:23:46,26.61,13305,5,买盘
941,10:23:49,26.6,58520,22,卖盘
942,10:23:52,26.6,37240,14,买盘
943,10:23:55,26.59,42547,16,卖盘
944,10:23:58,26.6,18617,7,买盘
945,10:24:01,26.58,21264,8,卖盘
946,10:24:04,26.57,252456,95,卖盘
947,10:24:07,26.57,5314,2,买盘
948,10:24:10,26.57,53140,20,买盘
949,10:24:13,26.56,13281,5,卖盘
950,10:24:19,26.6,212794,80,买盘
951,10:24:25,26.61,87768,33,买盘
952,10:24:28,26.6,18620,7,卖盘
953,10:24:31,26.6,39900,15,买盘
954,10:24:40,26.58,146235,55,卖盘
955,10:24:43,26.58,47844,18,买盘
956,10:24:46,26.58,77082,29,买盘
957,10:24:49,26.6,69150,26,买盘
958,10:24:52,26.6,5320,2,卖盘
959,10:24:55,26.6,26608,10,卖盘
960,10:24:58,26.58,5316,2,买盘
961,10:25:01,26.57,2657,1,买盘
962,10:25:04,26.56,26560,10,卖盘
963,10:25:07,26.55,345167,130,卖盘
964,10:25:10,26.55,103545,39,买盘
965,10:25:13,26.55,2655,1,买盘
966,10:25:19,26.54,37156,14,卖盘
967,10:25:22,26.54,34502,13,卖盘
968,10:25:25,26.54,34502,13,买盘
969,10:25:28,26.54,132696,50,买盘
970,10:25:34,26.53,58378,22,卖盘
971,10:25:37,26.55,2655,1,买盘
972,10:25:40,26.54,15924,6,卖盘
973,10:25:43,26.55,61064,23,买盘
974,10:25:49,26.54,53085,20,卖盘
975,10:25:52,26.55,5310,2,卖盘
976,10:25:58,26.55,10620,4,卖盘
977,10:26:01,26.54,53080,20,卖盘
978,10:26:07,26.55,18585,7,买盘
979,10:26:10,26.54,31848,12,卖盘
980,10:26:13,26.55,26544,10,买盘
981,10:26:16,26.54,135354,51,卖盘
982,10:26:19,26.54,34512,13,中性盘
983,10:26:22,26.52,440366,166,卖盘
984,10:26:25,26.51,397767,150,卖盘
985,10:26:28,26.52,26520,10,中性盘
986,10:26:34,26.51,5302,2,卖盘
987,10:26:37,26.51,26510,10,卖盘
988,10:26:40,26.52,26520,10,买盘
989,10:26:46,26.51,121946,46,中性盘
990,10:26:49,26.52,10608,4,买盘
991,10:26:58,26.51,13255,5,卖盘
992,10:27:04,26.5,143147,54,卖盘
993,10:27:10,26.51,5302,2,卖盘
994,10:27:22,26.51,2651,1,买盘
995,10:27:25,26.51,2651,1,买盘
996,10:27:31,26.51,15901,6,买盘
997,10:27:37,26.51,26510,10,卖盘
998,10:27:40,26.51,7953,3,卖盘
999,10:27:46,26.5,58300,22,卖盘
1000,10:27:49,26.5,37110,14,卖盘
1001,10:27:52,26.5,21203,8,卖盘
1002,10:27:58,26.51,26510,10,买盘
1003,10:28:01,26.5,113970,43,卖盘
1004,10:28:07,26.51,2651,1,买盘
1005,10:28:16,26.52,13260,5,买盘
1006,10:28:25,26.51,106058,40,卖盘
1007,10:28:34,26.52,18564,7,买盘
1008,10:28:40,26.52,26519,10,买盘
1009,10:28:43,26.52,2652,1,买盘
1010,10:28:52,26.52,5304,2,卖盘
1011,10:28:55,26.52,21216,8,卖盘
1012,10:28:58,26.54,92869,35,买盘
1013,10:29:04,26.54,108792,41,买盘
1014,10:29:10,26.52,13260,5,卖盘
1015,10:29:19,26.51,55676,21,卖盘
1016,10:29:22,26.55,50422,19,买盘
1017,10:29:34,26.51,39765,15,卖盘
1018,10:29:37,26.51,29161,11,买盘
1019,10:29:43,26.54,61037,23,中性盘
1020,10:29:52,26.53,5306,2,卖盘
1021,10:29:55,26.53,7959,3,买盘
1022,10:29:58,26.53,82243,31,买盘
1023,10:30:01,26.53,13265,5,买盘
1024,10:30:04,26.54,7962,3,买盘
1025,10:30:07,26.53,13267,5,卖盘
1026,10:30:10,26.56,265512,100,买盘
1027,10:30:16,26.58,34551,13,买盘
1028,10:30:25,26.58,26580,10,买盘
1029,10:30:31,26.58,90372,34,买盘
1030,10:30:34,26.58,5316,2,卖盘
1031,10:30:37,26.57,2657,1,卖盘
1032,10:30:43,26.64,1998449,751,买盘
1033,10:30:46,26.65,327686,123,买盘
1034,10:30:49,26.65,311795,117,买盘
1035,10:30:52,26.64,39964,15,卖盘
1036,10:30:55,26.65,2665,1,买盘
1037,10:30:58,26.65,26650,10,买盘
1038,10:31:04,26.65,111930,42,买盘
1039,10:31:07,26.67,1356782,509,买盘
1040,10:31:10,26.68,341457,128,买盘
1041,10:31:13,26.68,506920,190,买盘
1042,10:31:16,26.68,90739,34,卖盘
1043,10:31:19,26.68,224182,84,卖盘
1044,10:31:22,26.69,48042,18,买盘
1045,10:31:25,26.68,56028,21,卖盘
1046,10:31:28,26.69,136090,51,买盘
1047,10:31:31,26.69,74732,28,买盘
1048,10:31:34,26.69,40035,15,卖盘
1049,10:31:37,26.69,61383,23,买盘
1050,10:31:40,26.7,533984,200,买盘
1051,10:31:43,26.71,533973,200,买盘
1052,10:31:49,26.71,50758,19,卖盘
1053,10:31:52,26.71,114888,43,卖盘
1054,10:31:55,26.71,50750,19,卖盘
1055,10:32:01,26.71,10681,4,买盘
1056,10:32:04,26.68,21344,8,卖盘
1057,10:32:07,26.7,66716,25,买盘
1058,10:32:10,26.71,456677,171,买盘
1059,10:32:13,26.71,16026,6,卖盘
1060,10:32:16,26.71,77461,29,买盘
1061,10:32:19,26.7,323070,121,卖盘
1062,10:32:22,26.7,40019,15,买盘
1063,10:32:25,26.68,234934,88,卖盘
1064,10:32:28,26.74,2216715,830,买盘
1065,10:32:31,26.76,888148,332,买盘
1066,10:32:34,26.75,32122,12,中性盘
1067,10:32:37,26.75,112416,42,卖盘
1068,10:32:40,26.77,93665,35,中性盘
1069,10:32:43,26.77,58899,22,中性盘
1070,10:32:46,26.75,808561,302,卖盘
1071,10:32:49,26.75,227605,85,卖盘
1072,10:32:52,26.78,262324,98,买盘
1073,10:32:55,26.78,131222,49,卖盘
1074,10:32:58,26.79,107155,40,买盘
1075,10:33:01,26.79,72324,27,买盘
1076,10:33:04,26.79,364297,136,买盘
1077,10:33:07,26.77,1023022,382,卖盘
1078,10:33:10,26.77,200795,75,卖盘
1079,10:33:13,26.77,123105,46,买盘
1080,10:33:16,26.77,182048,68,买盘
1081,10:33:19,26.73,61551,23,卖盘
1082,10:33:22,26.77,37446,14,买盘
1083,10:33:25,26.76,629379,235,中性盘
1084,10:33:28,26.76,16056,6,卖盘
1085,10:33:31,26.76,160609,60,卖盘
1086,10:33:34,26.75,80277,30,卖盘
1087,10:33:37,26.76,29436,11,买盘
1088,10:33:40,26.76,187325,70,卖盘
1089,10:33:43,26.76,50844,19,卖盘
1090,10:33:46,26.76,2676,1,卖盘
1091,10:33:49,26.76,141844,53,卖盘
1092,10:33:52,26.75,61538,23,卖盘
1093,10:33:55,26.8,1663348,621,买盘
1094,10:33:58,26.81,2417411,902,买盘
1095,10:34:01,26.84,1317014,491,买盘
1096,10:34:04,26.81,110019,41,卖盘
1097,10:34:07,26.81,42909,16,卖盘
1098,10:34:10,26.82,34866,13,买盘
1099,10:34:13,26.82,147503,55,买盘
1100,10:34:16,26.82,45587,17,买盘
1101,10:34:19,26.82,24128,9,买盘
1102,10:34:22,26.8,53615,20,卖盘
1103,10:34:25,26.79,2679,1,中性盘
1104,10:34:28,26.78,64319,24,卖盘
1105,10:34:31,26.78,48204,18,卖盘
1106,10:34:34,26.75,208691,78,卖盘
1107,10:34:37,26.78,1620152,605,买盘
1108,10:34:40,26.78,222201,83,买盘
1109,10:34:43,26.76,45510,17,中性盘
1110,10:34:46,26.76,88308,33,卖盘
1111,10:34:49,26.73,243387,91,卖盘
1112,10:34:52,26.76,77628,29,中性盘
1113,10:34:55,26.76,347881,130,卖盘
1114,10:34:58,26.76,305062,114,卖盘
1115,10:35:01,26.77,484458,181,买盘
1116,10:35:04,26.78,414955,155,买盘
1117,10:35:07,26.79,29469,11,买盘
1118,10:35:10,26.79,40180,15,买盘
1119,10:35:13,26.78,318719,119,卖盘
1120,10:35:16,26.8,1189153,444,买盘
1121,10:35:19,26.82,64349,24,买盘
1122,10:35:22,26.81,8043,3,卖盘
1123,10:35:25,26.81,171647,64,卖盘
1124,10:35:28,26.82,305745,114,买盘
1125,10:35:31,26.83,592910,221,买盘
1126,10:35:34,26.85,3280330,1222,买盘
1127,10:35:37,26.84,75173,28,卖盘
1128,10:35:40,26.89,1346893,501,买盘
1129,10:35:43,26.89,1347189,501,卖盘
1130,10:35:46,26.89,247358,92,买盘
1131,10:35:49,26.89,268900,100,买盘
1132,10:35:52,26.89,1713488,637,买盘
1133,10:35:55,26.9,91443,34,买盘
1134,10:35:58,26.9,161361,60,买盘
1135,10:36:01,26.9,1231336,458,买盘
1136,10:36:04,26.9,72631,27,卖盘
1137,10:36:07,26.91,177582,66,买盘
1138,10:36:10,26.91,1143828,425,卖盘
1139,10:36:13,26.87,34937,13,卖盘
1140,10:36:16,26.89,279598,104,买盘
1141,10:36:19,26.84,249696,93,中性盘
1142,10:36:25,26.84,509786,190,卖盘
1143,10:36:28,26.87,85981,32,卖盘
1144,10:36:31,26.83,305934,114,卖盘
1145,10:36:34,26.83,649486,242,买盘
1146,10:36:37,26.83,155670,58,卖盘
1147,10:36:40,26.84,61732,23,买盘
1148,10:36:43,26.82,109970,41,卖盘
1149,10:36:46,26.82,5364,2,买盘
1150,10:36:49,26.81,160933,60,卖盘
1151,10:36:52,26.82,13410,5,卖盘
1152,10:36:55,26.82,80472,30,卖盘
1153,10:36:58,26.82,123370,46,买盘
1154,10:37:01,26.82,2682,1,中性盘
1155,10:37:04,26.82,179674,67,买盘
1156,10:37:07,26.82,174330,65,卖盘
1157,10:37:10,26.81,21454,8,卖盘
1158,10:37:13,26.81,93840,35,卖盘
1159,10:37:16,26.82,83131,31,买盘
1160,10:37:19,26.81,93836,35,卖盘
1161,10:37:22,26.81,40215,15,卖盘
1162,10:37:25,26.78,672674,251,卖盘
1163,10:37:28,26.8,29462,11,买盘
1164,10:37:31,26.78,13390,5,卖盘
1165,10:37:34,26.78,5356,2,卖盘
1166,10:37:37,26.77,192744,72,卖盘
1167,10:37:43,26.77,56211,21,买盘
1168,10:37:46,26.76,396156,148,卖盘
1169,10:37:49,26.77,8033,3,中性盘
1170,10:37:52,26.8,211560,79,买盘
1171,10:37:55,26.8,166027,62,买盘
1172,10:37:58,26.8,16080,6,中性盘
1173,10:38:01,26.78,2678,1,卖盘
1174,10:38:07,26.78,77662,29,卖盘
1175,10:38:10,26.8,53584,20,买盘
1176,10:38:13,26.8,13400,5,买盘
1177,10:38:16,26.79,5358,2,中性盘
1178,10:38:19,26.8,29463,11,买盘
1179,10:38:22,26.8,69676,26,买盘
1180,10:38:25,26.79,10716,4,中性盘
1181,10:38:28,26.78,96408,36,卖盘
1182,10:38:31,26.79,88371,33,买盘
1183,10:38:34,26.77,152670,57,卖盘
1184,10:38:40,26.79,58926,22,买盘
1185,10:38:43,26.78,8034,3,买盘
1186,10:38:46,26.78,32136,12,买盘
1187,10:38:49,26.79,112477,42,买盘
1188,10:38:55,26.79,8035,3,买盘
1189,10:38:58,26.8,436836,163,买盘
1190,10:39:01,26.8,88465,33,卖盘
1191,10:39:04,26.82,249258,93,买盘
1192,10:39:07,26.82,80460,30,买盘
1193,10:39:10,26.82,40230,15,买盘
1194,10:39:13,26.82,24138,9,买盘
1195,10:39:16,26.82,40230,15,买盘
1196,10:39:19,26.81,88487,33,卖盘
1197,10:39:22,26.83,343540,128,买盘
1198,10:39:25,26.84,93934,35,卖盘
1199,10:39:28,26.84,83176,31,买盘
1200,10:39:31,26.85,190587,71,买盘
1201,10:39:37,26.85,10739,4,买盘
1202,10:39:40,26.84,61746,23,卖盘
1203,10:39:43,26.83,18781,7,卖盘
1204,10:39:46,26.83,21465,8,卖盘
1205,10:39:49,26.83,26830,10,买盘
1206,10:39:52,26.83,61708,23,买盘
1207,10:39:55,26.82,80487,30,卖盘
1208,10:39:58,26.83,88538,33,买盘
1209,10:40:01,26.84,163707,61,买盘
1210,10:40:04,26.83,56343,21,中性盘
1211,10:40:07,26.83,101985,38,卖盘
1212,10:40:10,26.84,40256,15,买盘
1213,10:40:13,26.85,201299,75,买盘
1214,10:40:16,26.84,45628,17,中性盘
1215,10:40:22,26.83,402512,150,卖盘
1216,10:40:25,26.82,8047,3,卖盘
1217,10:40:28,26.83,276269,103,买盘
1218,10:40:34,26.83,26822,10,买盘
1219,10:40:37,26.82,72416,27,中性盘
1220,10:40:40,26.8,158139,59,卖盘
1221,10:40:43,26.82,29482,11,买盘
1222,10:40:46,26.79,16089,6,卖盘
1223,10:40:49,26.82,37548,14,买盘
1224,10:40:52,26.79,26790,10,卖盘
1225,10:40:55,26.8,166184,62,中性盘
1226,10:40:58,26.79,144804,54,卖盘
1227,10:41:01,26.79,72333,27,卖盘
1228,10:41:04,26.79,5358,2,买盘
1229,10:41:07,26.79,21427,8,买盘
1230,10:41:10,26.79,5358,2,买盘
1231,10:41:13,26.78,2678,1,卖盘
1232,10:41:16,26.78,109798,41,卖盘
1233,10:41:19,26.78,29458,11,买盘
1234,10:41:22,26.76,93689,35,卖盘
1235,10:41:25,26.76,24084,9,买盘
1236,10:41:28,26.75,109708,41,卖盘
1237,10:41:31,26.76,88298,33,买盘
1238,10:41:34,26.75,82925,31,卖盘
1239,10:41:37,26.75,66875,25,买盘
1240,10:41:40,26.75,37456,14,买盘
1241,10:41:43,26.75,32100,12,卖盘
1242,10:41:46,26.76,64203,24,买盘
1243,10:41:49,26.74,90935,34,卖盘
1244,10:41:52,26.75,21398,8,买盘
1245,10:41:55,26.74,187223,70,卖盘
1246,10:41:58,26.74,66850,25,买盘
1247,10:42:01,26.74,139048,52,买盘
1248,10:42:04,26.73,29409,11,卖盘
1249,10:42:07,26.73,144343,54,卖盘
1250,10:42:10,26.73,64152,24,卖盘
1251,10:42:13,26.72,208418,78,卖盘
1252,10:42:22,26.72,10688,4,买盘
1253,10:42:25,26.71,77459,29,卖盘
1254,10:42:28,26.71,34723,13,卖盘
1255,10:42:31,26.71,34723,13,买盘
1256,10:42:34,26.71,82801,31,买盘
1257,10:42:37,26.71,424689,159,买盘
1258,10:42:40,26.7,88141,33,卖盘
1259,10:42:43,26.7,16020,6,卖盘
1260,10:42:46,26.71,2671,1,买盘
1261,10:42:49,26.71,10684,4,买盘
1262,10:42:52,26.71,10684,4,买盘
1263,10:42:55,26.71,5342,2,买盘
1264,10:42:58,26.71,48078,18,买盘
1265,10:43:01,26.72,53435,20,买盘
1266,10:43:04,26.71,32050,12,卖盘
1267,10:43:07,26.7,29373,11,卖盘
1268,10:43:10,26.71,24039,9,买盘
1269,10:43:22,26.72,69472,26,买盘
1270,10:43:25,26.73,50770,19,买盘
1271,10:43:28,26.73,13365,5,买盘
1272,10:43:31,26.73,80190,30,买盘
1273,10:43:34,26.73,58804,22,买盘
1274,10:43:37,26.72,13361,5,卖盘
1275,10:43:43,26.74,26740,10,买盘
1276,10:43:46,26.75,56149,21,买盘
1277,10:43:49,26.75,8025,3,买盘
1278,10:43:55,26.75,2675,1,买盘
1279,10:43:58,26.74,131071,49,卖盘
1280,10:44:04,26.74,2674,1,卖盘
1281,10:44:07,26.74,77546,29,卖盘
1282,10:44:10,26.74,133692,50,卖盘
1283,10:44:13,26.74,26740,10,买盘
1284,10:44:19,26.75,58831,22,买盘
1285,10:44:22,26.74,34762,13,卖盘
1286,10:44:28,26.73,37432,14,卖盘
1287,10:44:31,26.72,154994,58,卖盘
1288,10:44:34,26.7,600987,225,卖盘
1289,10:44:37,26.69,429836,161,卖盘
1290,10:44:40,26.71,42727,16,买盘
1291,10:44:43,26.7,13348,5,买盘
1292,10:44:52,26.68,117398,44,卖盘
1293,10:44:58,26.68,32006,12,买盘
1294,10:45:07,26.67,5334,2,买盘
1295,10:45:10,26.67,13335,5,买盘
1296,10:45:13,26.68,72007,27,买盘
1297,10:45:16,26.68,138733,52,买盘
1298,10:45:19,26.68,13340,5,买盘
1299,10:45:22,26.67,56008,21,卖盘
1300,10:45:25,26.68,18676,7,买盘
1301,10:45:28,26.68,120060,45,买盘
1302,10:45:31,26.68,136037,51,买盘
1303,10:45:34,26.68,5336,2,买盘
1304,10:45:43,26.68,32016,12,卖盘
1305,10:45:46,26.68,85376,32,卖盘
1306,10:45:49,26.68,40020,15,买盘
1307,10:45:52,26.68,74704,28,买盘
1308,10:45:55,26.68,21344,8,买盘
1309,10:45:58,26.68,58696,22,买盘
1310,10:46:01,26.69,2669,1,买盘
1311,10:46:13,26.69,5338,2,买盘
1312,10:46:16,26.69,98753,37,买盘
1313,10:46:19,26.69,29359,11,卖盘
1314,10:46:22,26.69,26690,10,买盘
1315,10:46:25,26.69,50711,19,买盘
1316,10:46:28,26.66,362799,136,卖盘
1317,10:46:31,26.67,271965,102,买盘
1318,10:46:34,26.67,26667,10,买盘
1319,10:46:40,26.65,31982,12,卖盘
1320,10:46:43,26.67,21336,8,买盘
1321,10:46:46,26.65,23990,9,卖盘
1322,10:46:49,26.66,79980,30,买盘
1323,10:46:52,26.65,266500,100,卖盘
1324,10:46:58,26.65,15993,6,卖盘
1325,10:47:01,26.65,39975,15,卖盘
1326,10:47:04,26.65,13325,5,卖盘
1327,10:47:07,26.66,34657,13,买盘
1328,10:47:10,26.66,7997,3,买盘
1329,10:47:13,26.64,66644,25,卖盘
1330,10:47:19,26.64,149220,56,卖盘
1331,10:47:22,26.63,119835,45,卖盘
1332,10:47:28,26.65,138486,52,买盘
1333,10:47:31,26.64,2664,1,买盘
1334,10:47:34,26.64,26640,10,买盘
1335,10:47:37,26.64,5328,2,买盘
1336,10:47:43,26.63,10652,4,卖盘
1337,10:47:46,26.63,127824,48,卖盘
1338,10:47:55,26.63,18636,7,买盘
1339,10:47:58,26.63,101191,38,买盘
1340,10:48:04,26.63,63912,24,卖盘
1341,10:48:07,26.63,18641,7,买盘
1342,10:48:10,26.64,85221,32,买盘
1343,10:48:13,26.65,23985,9,买盘
1344,10:48:16,26.65,26649,10,买盘
1345,10:48:19,26.65,37298,14,买盘
1346,10:48:22,26.65,10660,4,买盘
1347,10:48:25,26.64,10656,4,卖盘
1348,10:48:28,26.65,162566,61,买盘
1349,10:48:31,26.65,167895,63,卖盘
1350,10:48:34,26.65,55965,21,买盘
1351,10:48:40,26.64,314413,118,卖盘
1352,10:48:43,26.62,812049,305,卖盘
1353,10:48:52,26.61,69186,26,卖盘
1354,10:48:55,26.62,106480,40,买盘
1355,10:49:04,26.62,79860,30,买盘
1356,10:49:07,26.61,13305,5,卖盘
1357,10:49:10,26.62,18634,7,买盘
1358,10:49:16,26.62,10648,4,买盘
1359,10:49:19,26.62,10648,4,买盘
1360,10:49:22,26.62,47916,18,买盘
1361,10:49:25,26.62,42592,16,买盘
1362,10:49:28,26.62,34606,13,买盘
1363,10:49:37,26.62,26622,10,卖盘
1364,10:49:49,26.63,103891,39,卖盘
1365,10:49:52,26.64,5328,2,买盘
1366,10:49:55,26.65,5330,2,买盘
1367,10:49:58,26.64,10656,4,卖盘
1368,10:50:01,26.65,10660,4,买盘
1369,10:50:04,26.65,143910,54,买盘
1370,10:50:07,26.66,138581,52,买盘
1371,10:50:13,26.65,258505,97,卖盘
1372,10:50:16,26.65,58630,22,买盘
1373,10:50:19,26.65,21320,8,买盘
1374,10:50:22,26.65,74620,28,买盘
1375,10:50:25,26.65,45309,17,卖盘
1376,10:50:28,26.66,37324,14,买盘
1377,10:50:31,26.66,18662,7,买盘
1378,10:50:34,26.66,55986,21,买盘
1379,10:50:37,26.66,684979,257,卖盘
1380,10:50:40,26.66,47968,18,买盘
1381,10:50:43,26.64,37296,14,卖盘
1382,10:50:46,26.65,13328,5,卖盘
1383,10:50:52,26.65,127925,48,卖盘
1384,10:50:55,26.65,82599,31,买盘
1385,10:50:58,26.65,2665,1,买盘
1386,10:51:01,26.64,149241,56,卖盘
1387,10:51:04,26.62,524657,197,卖盘
1388,10:51:07,26.62,111804,42,买盘
1389,10:51:10,26.61,79843,30,卖盘
1390,10:51:13,26.62,146410,55,买盘
1391,10:51:16,26.61,284746,107,卖盘
1392,10:51:19,26.64,5328,2,买盘
1393,10:51:22,26.61,127740,48,卖盘
1394,10:51:28,26.62,42582,16,买盘
1395,10:51:31,26.64,7992,3,买盘
1396,10:51:34,26.64,5328,2,买盘
1397,10:51:40,26.65,18655,7,买盘
1398,10:51:43,26.65,18655,7,买盘
1399,10:51:46,26.65,29315,11,买盘
1400,10:51:49,26.65,34645,13,买盘
1401,10:51:52,26.64,45291,17,卖盘
1402,10:51:55,26.65,34645,13,买盘
1403,10:51:58,26.64,58629,22,卖盘
1404,10:52:01,26.65,26650,10,中性盘
1405,10:52:04,26.65,7995,3,卖盘
1406,10:52:07,26.64,42634,16,卖盘
1407,10:52:10,26.66,10664,4,买盘
1408,10:52:16,26.66,74648,28,买盘
1409,10:52:19,26.66,85312,32,买盘
1410,10:52:22,26.66,10664,4,买盘
1411,10:52:25,26.66,79980,30,买盘
1412,10:52:28,26.66,7998,3,买盘
1413,10:52:31,26.66,79980,30,买盘
1414,10:52:37,26.66,7998,3,买盘
1415,10:52:40,26.66,5332,2,买盘
1416,10:52:43,26.66,42656,16,买盘
1417,10:52:46,26.65,26658,10,卖盘
1418,10:52:49,26.66,31992,12,买盘
1419,10:52:52,26.65,34650,13,卖盘
1420,10:52:55,26.67,26670,10,买盘
1421,10:52:58,26.67,61341,23,买盘
1422,10:53:04,26.67,8001,3,买盘
1423,10:53:10,26.68,21344,8,买盘
1424,10:53:16,26.67,5334,2,买盘
1425,10:53:19,26.67,32004,12,买盘
1426,10:53:22,26.66,74648,28,卖盘
1427,10:53:25,26.65,189215,71,卖盘
1428,10:53:31,26.64,2664,1,卖盘
1429,10:53:34,26.65,149196,56,买盘
1430,10:53:37,26.63,221088,83,卖盘
1431,10:53:40,26.63,18641,7,卖盘
1432,10:53:43,26.63,85217,32,卖盘
1433,10:53:46,26.63,23967,9,买盘
1434,10:53:49,26.63,127824,48,买盘
1435,10:53:52,26.63,18641,7,买盘
1436,10:54:01,26.63,7989,3,买盘
1437,10:54:04,26.61,694659,261,卖盘
1438,10:54:07,26.6,449540,169,卖盘
1439,10:54:10,26.6,619780,233,卖盘
1440,10:54:13,26.6,42551,16,买盘
1441,10:54:16,26.58,18610,7,卖盘
1442,10:54:22,26.58,21266,8,卖盘
1443,10:54:25,26.59,124929,47,买盘
1444,10:54:28,26.58,71766,27,卖盘
1445,10:54:31,26.57,29237,11,卖盘
1446,10:54:40,26.57,151451,57,卖盘
1447,10:54:46,26.57,21263,8,卖盘
1448,10:54:49,26.59,438669,165,买盘
1449,10:54:52,26.6,45216,17,买盘
1450,10:54:55,26.6,5320,2,买盘
1451,10:54:58,26.59,66475,25,卖盘
1452,10:55:01,26.59,15954,6,买盘
1453,10:55:04,26.59,13291,5,买盘
1454,10:55:13,26.59,321739,121,买盘
1455,10:55:16,26.59,18620,7,卖盘
1456,10:55:22,26.59,2659,1,卖盘
1457,10:55:28,26.59,199424,75,卖盘
1458,10:55:31,26.59,13295,5,买盘
1459,10:55:34,26.59,2659,1,买盘
1460,10:55:37,26.6,53186,20,买盘
1461,10:55:40,26.6,18620,7,买盘
1462,10:55:43,26.6,55857,21,买盘
1463,10:55:46,26.59,13299,5,卖盘
1464,10:55:49,26.6,151620,57,买盘
1465,10:55:52,26.59,297818,112,卖盘
1466,10:55:58,26.6,5320,2,买盘
1467,10:56:04,26.6,7980,3,买盘
1468,10:56:07,26.6,119700,45,买盘
1469,10:56:13,26.6,2660,1,买盘
1470,10:56:16,26.6,196780,74,买盘
1471,10:56:19,26.6,7980,3,卖盘
1472,10:56:22,26.59,204771,77,卖盘
1473,10:56:25,26.6,15960,6,买盘
1474,10:56:28,26.59,196709,74,卖盘
1475,10:56:31,26.6,640985,241,买盘
1476,10:56:34,26.59,7977,3,中性盘
1477,10:56:37,26.61,79822,30,买盘
1478,10:56:40,26.58,95688,36,卖盘
1479,10:56:43,26.6,5320,2,中性盘
1480,10:56:46,26.59,13295,5,卖盘
1481,10:56:55,26.61,7983,3,买盘
1482,10:57:01,26.61,7981,3,买盘
1483,10:57:04,26.6,34580,13,卖盘
1484,10:57:07,26.61,26607,10,买盘
1485,10:57:13,26.6,23945,9,卖盘
1486,10:57:16,26.6,2660,1,卖盘
1487,10:57:19,26.62,7986,3,买盘
1488,10:57:22,26.62,53240,20,买盘
1489,10:57:25,26.62,39930,15,买盘
1490,10:57:34,26.6,18625,7,卖盘
1491,10:57:37,26.6,77140,29,卖盘
1492,10:57:40,26.62,5324,2,买盘
1493,10:57:43,26.6,95734,36,卖盘
1494,10:57:46,26.58,95700,36,卖盘
1495,10:57:49,26.58,42528,16,买盘
1496,10:57:52,26.58,31896,12,买盘
1497,10:57:55,26.59,2659,1,中性盘
1498,10:58:01,26.59,2659,1,卖盘
1499,10:58:07,26.58,26592,10,卖盘
1500,10:58:10,26.61,7981,3,买盘
1501,10:58:16,26.6,2660,1,买盘
1502,10:58:19,26.61,53220,20,买盘
1503,10:58:22,26.61,10644,4,买盘
1504,10:58:25,26.62,5323,2,买盘
1505,10:58:28,26.62,18634,7,买盘
1506,10:58:31,26.62,2662,1,卖盘
1507,10:58:34,26.62,7986,3,买盘
1508,10:58:37,26.62,21296,8,买盘
1509,10:58:40,26.61,164984,62,卖盘
1510,10:58:43,26.62,61220,23,买盘
1511,10:58:52,26.62,117109,44,买盘
1512,10:58:55,26.62,58559,22,买盘
1513,10:59:01,26.61,85174,32,卖盘
1514,10:59:04,26.63,5326,2,买盘
1515,10:59:16,26.63,26630,10,买盘
1516,10:59:19,26.63,2663,1,买盘
1517,10:59:25,26.63,61249,23,买盘
1518,10:59:28,26.61,5322,2,卖盘
1519,10:59:34,26.63,266300,100,买盘
1520,10:59:37,26.63,111846,42,中性盘
1521,10:59:40,26.63,5326,2,中性盘
1522,10:59:43,26.64,2664,1,买盘
1523,10:59:46,26.62,21298,8,卖盘
1524,10:59:49,26.64,29290,11,买盘
1525,10:59:55,26.64,399600,150,买盘
1526,10:59:58,26.64,29286,11,买盘
1527,11:00:01,26.62,26620,10,卖盘
1528,11:00:07,26.64,154458,58,买盘
1529,11:00:13,26.65,31980,12,买盘
1530,11:00:16,26.65,82615,31,卖盘
1531,11:00:25,26.63,79890,30,卖盘
1532,11:00:28,26.62,42607,16,卖盘
1533,11:00:31,26.61,13306,5,卖盘
1534,11:00:34,26.61,21290,8,卖盘
1535,11:00:37,26.61,375202,141,卖盘
1536,11:00:40,26.62,13309,5,买盘
1537,11:00:43,26.6,2660,1,卖盘
1538,11:00:46,26.61,2661,1,买盘
1539,11:00:49,26.62,5324,2,买盘
1540,11:00:52,26.6,90492,34,卖盘
1541,11:00:55,26.6,42573,16,卖盘
1542,11:01:04,26.62,13306,5,买盘
1543,11:01:07,26.63,322104,121,买盘
1544,11:01:10,26.63,10653,4,买盘
1545,11:01:22,26.63,90544,34,卖盘
1546,11:01:25,26.64,71921,27,买盘
1547,11:01:31,26.64,15984,6,买盘
1548,11:01:46,26.65,2665,1,买盘
1549,11:01:55,26.65,26642,10,买盘
1550,11:01:58,26.64,149218,56,卖盘
1551,11:02:01,26.64,2664,1,卖盘
1552,11:02:04,26.64,7992,3,卖盘
1553,11:02:07,26.64,10655,4,中性盘
1554,11:02:10,26.64,10656,4,买盘
1555,11:02:19,26.65,7995,3,买盘
1556,11:02:25,26.65,71955,27,买盘
1557,11:02:28,26.65,7995,3,买盘
1558,11:02:31,26.64,71928,27,卖盘
1559,11:02:34,26.65,122585,46,买盘
1560,11:02:37,26.65,26650,10,买盘
1561,11:02:40,26.65,5330,2,买盘
1562,11:02:43,26.65,21320,8,买盘
1563,11:02:46,26.65,13325,5,买盘
1564,11:02:49,26.65,2665,1,买盘
1565,11:02:55,26.65,2665,1,买盘
1566,11:03:01,26.64,2664,1,卖盘
1567,11:03:04,26.63,87907,33,卖盘
1568,11:03:07,26.65,266476,100,买盘
1569,11:03:10,26.64,7992,3,买盘
1570,11:03:13,26.63,5326,2,买盘
1571,11:03:16,26.63,13315,5,卖盘
1572,11:03:22,26.63,15978,6,买盘
1573,11:03:34,26.63,7989,3,买盘
1574,11:03:37,26.63,5326,2,买盘
1575,11:03:40,26.63,31956,12,买盘
1576,11:03:49,26.63,7989,3,买盘
1577,11:03:52,26.61,109127,41,卖盘
1578,11:03:55,26.63,5326,2,买盘
1579,11:03:58,26.63,5326,2,买盘
1580,11:04:01,26.61,103816,39,卖盘
1581,11:04:04,26.63,10652,4,买盘
1582,11:04:07,26.63,31956,12,买盘
1583,11:04:16,26.63,21304,8,买盘
1584,11:04:25,26.61,21294,8,卖盘
1585,11:04:31,26.62,13310,5,买盘
1586,11:04:40,26.61,117084,44,卖盘
1587,11:04:43,26.61,61204,23,卖盘
1588,11:04:46,26.6,138380,52,卖盘
1589,11:04:49,26.61,29271,11,买盘
1590,11:04:52,26.6,23940,9,卖盘
1591,11:04:55,26.6,5320,2,卖盘
1592,11:04:58,26.6,2660,1,卖盘
1593,11:05:01,26.6,26600,10,卖盘
1594,11:05:04,26.6,7980,3,卖盘
1595,11:05:13,26.61,170284,64,买盘
1596,11:05:16,26.62,85184,32,买盘
1597,11:05:19,26.63,31953,12,买盘
1598,11:05:22,26.62,13310,5,卖盘
1599,11:05:31,26.62,13310,5,卖盘
1600,11:05:34,26.62,7985,3,买盘
1601,11:05:37,26.62,87846,33,买盘
1602,11:05:40,26.63,7989,3,买盘
1603,11:05:43,26.62,5324,2,卖盘
1604,11:05:46,26.63,18641,7,买盘
1605,11:06:04,26.63,7989,3,买盘
1606,11:06:13,26.63,15978,6,买盘
1607,11:06:16,26.63,39945,15,买盘
1608,11:06:31,26.62,18637,7,卖盘
1609,11:06:34,26.62,151734,57,卖盘
1610,11:06:46,26.61,26615,10,卖盘
1611,11:06:55,26.62,15972,6,买盘
1612,11:07:04,26.62,7986,3,买盘
1613,11:07:10,26.61,31932,12,卖盘
1614,11:07:16,26.61,34595,13,卖盘
1615,11:07:19,26.62,21291,8,买盘
1616,11:07:22,26.61,23949,9,卖盘
1617,11:07:28,26.61,63868,24,卖盘
1618,11:07:34,26.61,2661,1,卖盘
1619,11:07:37,26.62,2662,1,买盘
1620,11:07:46,26.62,15972,6,买盘
1621,11:07:49,26.62,7986,3,买盘
1622,11:07:55,26.62,39930,15,买盘
1623,11:07:58,26.62,5324,2,买盘
1624,11:08:10,26.62,7986,3,买盘
1625,11:08:19,26.62,2662,1,买盘
1626,11:08:22,26.61,13307,5,卖盘
1627,11:08:25,26.61,13305,5,卖盘
1628,11:08:28,26.61,53220,20,卖盘
1629,11:08:31,26.62,2662,1,买盘
1630,11:08:34,26.62,18630,7,买盘
1631,11:08:46,26.6,516098,194,卖盘
1632,11:08:49,26.6,29260,11,卖盘
1633,11:08:52,26.6,2660,1,卖盘
1634,11:08:55,26.61,15966,6,买盘
1635,11:08:58,26.6,29260,11,卖盘
1636,11:09:01,26.59,758030,285,卖盘
1637,11:09:04,26.6,101056,38,买盘
1638,11:09:07,26.58,260545,98,卖盘
1639,11:09:10,26.59,29248,11,买盘
1640,11:09:16,26.59,7977,3,买盘
1641,11:09:19,26.59,7977,3,买盘
1642,11:09:22,26.59,29253,11,卖盘
1643,11:09:25,26.6,95760,36,买盘
1644,11:09:28,26.61,29271,11,买盘
1645,11:09:31,26.61,18627,7,买盘
1646,11:09:34,26.62,31934,12,买盘
1647,11:09:37,26.62,7986,3,买盘
1648,11:09:40,26.61,13305,5,卖盘
1649,11:09:43,26.61,26611,10,卖盘
1650,11:09:46,26.62,258159,97,买盘
1651,11:09:49,26.62,34606,13,中性盘
1652,11:09:58,26.62,13310,5,买盘
1653,11:10:01,26.62,5323,2,买盘
1654,11:10:07,26.62,18634,7,买盘
1655,11:10:10,26.62,13310,5,买盘
1656,11:10:13,26.62,2662,1,买盘
1657,11:10:16,26.62,7986,3,买盘
1658,11:10:22,26.62,21296,8,买盘
1659,11:10:25,26.62,101156,38,买盘
1660,11:10:28,26.62,13310,5,买盘
1661,11:10:31,26.62,37268,14,买盘
1662,11:10:34,26.62,23958,9,买盘
1663,11:10:40,26.63,26623,10,买盘
1664,11:10:43,26.62,55902,21,卖盘
1665,11:10:49,26.61,21288,8,卖盘
1666,11:10:55,26.61,26610,10,卖盘
1667,11:10:58,26.61,53220,20,买盘
1668,11:11:04,26.62,10644,4,买盘
1669,11:11:10,26.62,117128,44,买盘
1670,11:11:13,26.62,2662,1,买盘
1671,11:11:16,26.63,162384,61,买盘
1672,11:11:19,26.63,90542,34,买盘
1673,11:11:22,26.63,21306,8,卖盘
1674,11:11:25,26.63,197062,74,卖盘
1675,11:11:28,26.63,71901,27,买盘
1676,11:11:31,26.63,18641,7,买盘
1677,11:11:34,26.63,53260,20,买盘
1678,11:11:37,26.63,7989,3,卖盘
1679,11:11:43,26.64,39960,15,买盘
1680,11:11:46,26.64,37296,14,卖盘
1681,11:11:52,26.66,381166,143,买盘
1682,11:11:55,26.67,13333,5,买盘
1683,11:11:58,26.67,26670,10,买盘
1684,11:12:04,26.66,45322,17,卖盘
1685,11:12:07,26.67,5334,2,买盘
1686,11:12:10,26.65,21324,8,卖盘
1687,11:12:19,26.66,26660,10,买盘
1688,11:12:28,26.63,173170,65,卖盘
1689,11:12:31,26.63,10652,4,买盘
1690,11:12:34,26.63,5326,2,买盘
1691,11:12:37,26.64,455389,171,买盘
1692,11:12:40,26.64,5328,2,卖盘
1693,11:12:46,26.66,7998,3,买盘
1694,11:12:52,26.64,2664,1,卖盘
1695,11:12:55,26.63,122532,46,卖盘
1696,11:13:01,26.63,10652,4,中性盘
1697,11:13:04,26.61,66537,25,卖盘
1698,11:13:10,26.61,7983,3,买盘
1699,11:13:13,26.62,47907,18,买盘
1700,11:13:22,26.62,250228,94,买盘
1701,11:13:25,26.63,13311,5,买盘
1702,11:13:31,26.62,2662,1,买盘
1703,11:13:34,26.64,7991,3,买盘
1704,11:13:37,26.61,79834,30,卖盘
1705,11:13:40,26.61,53220,20,买盘
1706,11:13:49,26.61,21288,8,卖盘
1707,11:13:52,26.61,23949,9,卖盘
1708,11:13:55,26.63,5326,2,买盘
1709,11:14:01,26.6,215485,81,卖盘
1710,11:14:04,26.64,2664,1,买盘
1711,11:14:07,26.64,7990,3,买盘
1712,11:14:13,26.61,7986,3,卖盘
1713,11:14:19,26.61,50565,19,卖盘
1714,11:14:22,26.61,15966,6,买盘
1715,11:14:25,26.64,10656,4,买盘
1716,11:14:28,26.64,26625,10,买盘
1717,11:14:31,26.6,45229,17,卖盘
1718,11:14:49,26.64,87912,33,买盘
1719,11:14:52,26.65,2665,1,买盘
1720,11:15:07,26.65,2665,1,买盘
1721,11:15:10,26.65,2665,1,买盘
1722,11:15:16,26.65,7995,3,买盘
1723,11:15:22,26.65,39947,15,买盘
1724,11:15:28,26.63,2663,1,卖盘
1725,11:15:34,26.65,2665,1,买盘
1726,11:15:37,26.65,53300,20,买盘
1727,11:15:40,26.65,7995,3,买盘
1728,11:15:43,26.65,2665,1,买盘
1729,11:15:46,26.66,183852,69,买盘
1730,11:15:49,26.67,5334,2,买盘
1731,11:15:52,26.68,13340,5,买盘
1732,11:15:55,26.59,1713377,644,卖盘
1733,11:15:58,26.6,119700,45,买盘
1734,11:16:01,26.6,345800,130,买盘
1735,11:16:04,26.6,821940,309,买盘
1736,11:16:07,26.59,220705,83,卖盘
1737,11:16:10,26.59,71793,27,买盘
1738,11:16:13,26.59,31908,12,买盘
1739,11:16:16,26.6,247293,93,买盘
1740,11:16:19,26.6,39893,15,买盘
1741,11:16:31,26.59,13308,5,卖盘
1742,11:16:43,26.56,884947,333,卖盘
1743,11:16:46,26.56,2656,1,买盘
1744,11:16:49,26.56,34528,13,买盘
1745,11:16:52,26.56,26560,10,买盘
1746,11:16:55,26.59,1386485,522,买盘
1747,11:17:13,26.57,26570,10,卖盘
1748,11:17:19,26.62,7986,3,买盘
1749,11:17:22,26.62,2662,1,买盘
1750,11:17:25,26.63,26624,10,买盘
1751,11:17:34,26.58,18606,7,卖盘
1752,11:17:46,26.62,18634,7,买盘
1753,11:17:52,26.63,21304,8,买盘
1754,11:17:55,26.61,74508,28,中性盘
1755,11:17:58,26.63,117160,44,买盘
1756,11:18:04,26.63,15978,6,卖盘
1757,11:18:10,26.64,7992,3,买盘
1758,11:18:13,26.64,15984,6,买盘
1759,11:18:16,26.65,18644,7,买盘
1760,11:18:19,26.65,53300,20,买盘
1761,11:18:25,26.66,15996,6,买盘
1762,11:18:28,26.66,2666,1,买盘
1763,11:18:31,26.66,7998,3,买盘
1764,11:18:34,26.68,16001,6,买盘
1765,11:18:37,26.66,21342,8,卖盘
1766,11:18:40,26.68,2668,1,买盘
1767,11:18:43,26.68,21344,8,买盘
1768,11:18:46,26.7,234833,88,买盘
1769,11:18:49,26.7,96120,36,买盘
1770,11:18:52,26.7,69420,26,卖盘
1771,11:18:55,26.69,122778,46,卖盘
1772,11:18:58,26.65,135948,51,卖盘
1773,11:19:01,26.65,42640,16,买盘
1774,11:19:04,26.65,253175,95,买盘
1775,11:19:07,26.65,2665,1,卖盘
1776,11:19:10,26.65,13328,5,卖盘
1777,11:19:16,26.68,2668,1,买盘
1778,11:19:22,26.68,5336,2,买盘
1779,11:19:25,26.69,8007,3,买盘
1780,11:19:28,26.69,10676,4,买盘
1781,11:19:31,26.68,1158188,434,卖盘
1782,11:19:34,26.68,29348,11,买盘
1783,11:19:37,26.68,88044,33,买盘
1784,11:19:43,26.68,48024,18,买盘
1785,11:19:46,26.68,2668,1,卖盘
1786,11:19:49,26.7,8009,3,买盘
1787,11:19:52,26.7,10680,4,买盘
1788,11:19:55,26.68,400200,150,卖盘
1789,11:19:58,26.66,82647,31,卖盘
1790,11:20:01,26.66,7998,3,买盘
1791,11:20:04,26.66,58652,22,买盘
1792,11:20:10,26.66,157294,59,买盘
1793,11:20:16,26.7,8008,3,买盘
1794,11:20:25,26.7,162841,61,买盘
1795,11:20:28,26.68,2668,1,卖盘
1796,11:20:31,26.7,66749,25,买盘
1797,11:20:34,26.71,8013,3,买盘
1798,11:20:37,26.71,18693,7,买盘
1799,11:20:40,26.71,40065,15,买盘
1800,11:20:43,26.71,144235,54,中性盘
1801,11:20:49,26.72,37408,14,买盘
1802,11:20:52,26.71,8014,3,卖盘
1803,11:20:55,26.71,216621,81,卖盘
1804,11:21:01,26.71,48078,18,买盘
1805,11:21:04,26.71,16026,6,买盘
1806,11:21:07,26.71,37394,14,买盘
1807,11:21:13,26.7,8010,3,卖盘
1808,11:21:16,26.72,184328,69,买盘
1809,11:21:19,26.7,261830,98,卖盘
1810,11:21:22,26.7,24030,9,买盘
1811,11:21:25,26.7,2670,1,买盘
1812,11:21:31,26.7,13350,5,买盘
1813,11:21:34,26.7,13350,5,买盘
1814,11:21:37,26.69,13345,5,卖盘
1815,11:21:40,26.69,5338,2,卖盘
1816,11:21:43,26.7,42720,16,买盘
1817,11:21:46,26.7,13350,5,买盘
1818,11:21:49,26.7,117480,44,买盘
1819,11:21:52,26.7,2670,1,卖盘
1820,11:21:55,26.72,10688,4,买盘
1821,11:21:58,26.72,85504,32,买盘
1822,11:22:01,26.71,5342,2,中性盘
1823,11:22:04,26.71,2671,1,买盘
1824,11:22:07,26.72,34728,13,买盘
1825,11:22:13,26.69,339025,127,卖盘
1826,11:22:19,26.69,141457,53,卖盘
1827,11:22:22,26.65,944367,354,卖盘
1828,11:22:25,26.65,7997,3,卖盘
1829,11:22:28,26.66,2666,1,买盘
1830,11:22:31,26.65,61296,23,卖盘
1831,11:22:34,26.66,26660,10,买盘
1832,11:22:37,26.66,170624,64,买盘
1833,11:22:40,26.66,15996,6,买盘
1834,11:22:43,26.66,45319,17,买盘
1835,11:22:46,26.66,10667,4,卖盘
1836,11:22:49,26.67,53340,20,买盘
1837,11:22:58,26.67,50673,19,卖盘
1838,11:23:04,26.66,2666,1,卖盘
1839,11:23:07,26.66,10661,4,买盘
1840,11:23:10,26.66,79977,30,买盘
1841,11:23:13,26.65,13325,5,买盘
1842,11:23:16,26.64,15984,6,卖盘
1843,11:23:19,26.64,5328,2,买盘
1844,11:23:22,26.64,15984,6,买盘
1845,11:23:25,26.63,18647,7,卖盘
1846,11:23:31,26.64,85248,32,买盘
1847,11:23:34,26.64,7992,3,买盘
1848,11:23:37,26.64,7992,3,买盘
1849,11:23:40,26.64,7992,3,买盘
1850,11:23:43,26.64,10656,4,买盘
1851,11:23:46,26.64,18643,7,买盘
1852,11:23:49,26.64,13320,5,买盘
1853,11:23:52,26.65,7647,3,买盘
1854,11:24:01,26.67,7997,3,买盘
1855,11:24:04,26.67,61341,23,买盘
1856,11:24:10,26.67,21336,8,买盘
1857,11:24:13,26.67,8001,3,卖盘
1858,11:24:16,26.68,2668,1,买盘
1859,11:24:22,26.68,2668,1,买盘
1860,11:24:25,26.7,8009,3,买盘
1861,11:24:34,26.69,29359,11,买盘
1862,11:24:37,26.69,2669,1,买盘
1863,11:24:40,26.69,16014,6,买盘
1864,11:24:49,26.69,8007,3,买盘
1865,11:24:58,26.7,5338,2,买盘
1866,11:25:01,26.69,37373,14,卖盘
1867,11:25:04,26.68,58696,22,卖盘
1868,11:25:07,26.68,13340,5,卖盘
1869,11:25:10,26.68,5336,2,卖盘
1870,11:25:13,26.68,40020,15,卖盘
1871,11:25:16,26.69,8007,3,买盘
1872,11:25:22,26.68,61374,23,卖盘
1873,11:25:28,26.68,13340,5,卖盘
1874,11:25:31,26.68,8005,3,卖盘
1875,11:25:34,26.68,61364,23,卖盘
1876,11:25:40,26.68,8004,3,买盘
1877,11:25:49,26.68,18676,7,买盘
1878,11:25:52,26.68,98716,37,买盘
1879,11:25:55,26.68,40020,15,卖盘
1880,11:25:58,26.68,58697,22,中性盘
1881,11:26:01,26.68,5336,2,卖盘
1882,11:26:04,26.67,354739,133,卖盘
1883,11:26:10,26.66,2666,1,卖盘
1884,11:26:13,26.68,56028,21,买盘
1885,11:26:16,26.67,18670,7,卖盘
1886,11:26:19,26.67,26667,10,买盘
1887,11:26:22,26.66,69319,26,卖盘
1888,11:26:25,26.66,79980,30,卖盘
1889,11:26:28,26.66,93305,35,买盘
1890,11:26:31,26.67,10668,4,买盘
1891,11:26:34,26.66,13331,5,卖盘
1892,11:26:40,26.67,56007,21,买盘
1893,11:26:43,26.68,10670,4,买盘
1894,11:26:46,26.68,13337,5,买盘
1895,11:26:52,26.67,21334,8,中性盘
1896,11:26:55,26.68,16004,6,买盘
1897,11:26:58,26.66,5332,2,卖盘
1898,11:27:01,26.68,56026,21,买盘
1899,11:27:04,26.67,5334,2,卖盘
1900,11:27:07,26.68,2668,1,买盘
1901,11:27:13,26.67,2667,1,卖盘
1902,11:27:16,26.68,21334,8,买盘
1903,11:27:19,26.68,186760,70,买盘
1904,11:27:22,26.67,130721,49,卖盘
1905,11:27:25,26.68,2668,1,买盘
1906,11:27:28,26.68,157412,59,买盘
1907,11:27:31,26.69,125397,47,买盘
1908,11:27:34,26.67,48020,18,卖盘
1909,11:27:37,26.69,34697,13,买盘
1910,11:27:43,26.68,93403,35,卖盘
1911,11:27:46,26.7,42720,16,买盘
1912,11:27:49,26.7,32040,12,买盘
1913,11:27:55,26.7,13350,5,买盘
1914,11:27:58,26.7,16020,6,买盘
1915,11:28:01,26.7,26700,10,买盘
1916,11:28:04,26.7,250980,94,买盘
1917,11:28:10,26.71,34723,13,买盘
1918,11:28:13,26.71,122866,46,买盘
1919,11:28:19,26.71,267192,100,卖盘
1920,11:28:22,26.7,122833,46,卖盘
1921,11:28:28,26.73,2673,1,买盘
1922,11:28:31,26.73,5346,2,买盘
1923,11:28:34,26.73,66819,25,买盘
1924,11:28:37,26.73,29404,11,买盘
1925,11:28:40,26.73,154932,58,买盘
1926,11:28:43,26.73,21384,8,中性盘
1927,11:28:46,26.73,50787,19,买盘
1928,11:28:49,26.73,24057,9,买盘
1929,11:28:52,26.73,13365,5,中性盘
1930,11:28:55,26.73,42768,16,买盘
1931,11:28:58,26.73,26730,10,买盘
1932,11:29:01,26.73,24055,9,买盘
1933,11:29:04,26.73,267290,100,买盘
1934,11:29:10,26.73,8015,3,买盘
1935,11:29:13,26.73,37422,14,买盘
1936,11:29:19,26.73,10689,4,买盘
1937,11:29:22,26.7,10680,4,卖盘
1938,11:29:25,26.73,8019,3,买盘
1939,11:29:31,26.7,48084,18,卖盘
1940,11:29:34,26.7,48060,18,卖盘
1941,11:29:37,26.7,34710,13,买盘
1942,11:29:40,26.7,16020,6,买盘
1943,11:29:43,26.7,2670,1,买盘
1944,11:29:46,26.7,85440,32,买盘
1945,11:29:49,26.72,90788,34,买盘
1946,11:29:52,26.73,16036,6,买盘
1947,11:29:58,26.73,173735,65,买盘
1948,13:00:01,26.73,101574,38,买盘
1949,13:00:04,26.73,556017,208,买盘
1950,13:00:07,26.75,254029,95,买盘
1951,13:00:10,26.74,275469,103,中性盘
1952,13:00:13,26.75,214005,80,买盘
1953,13:00:16,26.73,299433,112,卖盘
1954,13:00:19,26.74,40115,15,卖盘
1955,13:00:22,26.74,189854,71,卖盘
1956,13:00:25,26.71,342140,128,卖盘
1957,13:00:28,26.67,1660371,622,卖盘
1958,13:00:31,26.68,10670,4,买盘
1959,13:00:34,26.69,2669,1,买盘
1960,13:00:40,26.69,10673,4,买盘
1961,13:00:43,26.67,8001,3,中性盘
1962,13:00:46,26.69,5337,2,买盘
1963,13:00:49,26.67,26670,10,卖盘
1964,13:00:55,26.67,45330,17,卖盘
1965,13:01:04,26.65,330534,124,卖盘
1966,13:01:07,26.66,111972,42,买盘
1967,13:01:16,26.65,684916,257,卖盘
1968,13:01:19,26.64,215791,81,卖盘
1969,13:01:22,26.62,404701,152,卖盘
1970,13:01:25,26.6,798140,300,卖盘
1971,13:01:28,26.73,877253,329,买盘
1972,13:01:31,26.67,7995,3,买盘
1973,13:01:37,26.6,21282,8,卖盘
1974,13:01:40,26.67,15990,6,买盘
1975,13:01:49,26.6,213447,80,卖盘
1976,13:01:55,26.6,29292,11,卖盘
1977,13:02:01,26.69,80070,30,买盘
1978,13:02:04,26.61,47905,18,卖盘
1979,13:02:07,26.68,13319,5,买盘
1980,13:02:10,26.68,5336,2,买盘
1981,13:02:13,26.6,588065,221,卖盘
1982,13:02:19,26.67,24003,9,买盘
1983,13:02:22,26.67,5334,2,买盘
1984,13:02:25,26.62,23960,9,卖盘
1985,13:02:28,26.67,8001,3,买盘
1986,13:02:34,26.67,829415,311,买盘
1987,13:02:40,26.67,64008,24,买盘
1988,13:02:43,26.68,192091,72,买盘
1989,13:02:46,26.68,26663,10,买盘
1990,13:02:58,26.67,378719,142,卖盘
1991,13:03:01,26.65,514345,193,买盘
1992,13:03:07,26.67,21338,8,卖盘
1993,13:03:10,26.67,10674,4,卖盘
1994,13:03:16,26.68,26681,10,中性盘
1995,13:03:19,26.69,40035,15,买盘
1996,13:03:22,26.72,13348,5,买盘
1997,13:03:25,26.72,45391,17,买盘
1998,13:03:28,26.72,8016,3,买盘
1999,13:03:31,26.72,24048,9,买盘
2000,13:03:34,26.73,277891,104,买盘
2001,13:03:37,26.73,10692,4,买盘
2002,13:03:43,26.73,960247,359,买盘
2003,13:03:52,26.72,24054,9,卖盘
2004,13:03:58,26.73,2673,1,中性盘
2005,13:04:01,26.73,106884,40,买盘
2006,13:04:04,26.73,5346,2,买盘
2007,13:04:07,26.69,144126,54,卖盘
2008,13:04:10,26.69,48042,18,买盘
2009,13:04:13,26.73,77405,29,买盘
2010,13:04:19,26.69,186866,70,卖盘
2011,13:04:22,26.68,437713,164,卖盘
2012,13:04:25,26.68,18684,7,中性盘
2013,13:04:28,26.67,64018,24,卖盘
2014,13:04:31,26.68,5336,2,卖盘
2015,13:04:34,26.68,24012,9,中性盘
2016,13:04:40,26.68,13340,5,买盘
2017,13:04:43,26.67,104033,39,中性盘
2018,13:04:46,26.66,23994,9,卖盘
2019,13:04:49,26.69,354717,133,买盘
2020,13:04:52,26.68,8004,3,中性盘
2021,13:04:58,26.69,2669,1,买盘
2022,13:05:01,26.69,10676,4,买盘
2023,13:05:04,26.66,87982,33,卖盘
2024,13:05:07,26.66,2666,1,买盘
2025,13:05:10,26.65,554398,208,卖盘
2026,13:05:13,26.61,1059292,398,卖盘
2027,13:05:16,26.65,295815,111,买盘
2028,13:05:22,26.66,13330,5,买盘
2029,13:05:25,26.65,31982,12,卖盘
2030,13:05:31,26.68,8004,3,买盘
2031,13:05:34,26.68,53360,20,买盘
2032,13:05:37,26.67,2667,1,卖盘
2033,13:05:40,26.7,298981,112,买盘
2034,13:05:43,26.68,24013,9,卖盘
2035,13:05:49,26.66,82688,31,卖盘
2036,13:05:52,26.68,5336,2,买盘
2037,13:05:55,26.67,5334,2,卖盘
2038,13:05:58,26.68,5336,2,买盘
2039,13:06:01,26.68,26677,10,买盘
2040,13:06:04,26.7,8009,3,买盘
2041,13:06:13,26.71,8012,3,买盘
2042,13:06:16,26.75,1045495,391,买盘
2043,13:06:19,26.75,8025,3,买盘
2044,13:06:25,26.7,5340,2,卖盘
2045,13:06:31,26.7,37395,14,卖盘
2046,13:06:34,26.7,144185,54,卖盘
2047,13:06:37,26.7,53400,20,买盘
2048,13:06:40,26.7,98790,37,买盘
2049,13:06:43,26.69,2669,1,卖盘
2050,13:06:46,26.7,157530,59,买盘
2051,13:06:49,26.7,32040,12,买盘
2052,13:06:55,26.7,8010,3,买盘
2053,13:07:10,26.69,5338,2,卖盘
2054,13:07:13,26.7,26699,10,买盘
2055,13:07:16,26.7,37375,14,买盘
2056,13:07:19,26.69,13348,5,卖盘
2057,13:07:25,26.7,26700,10,买盘
2058,13:07:34,26.72,21368,8,买盘
2059,13:07:37,26.72,42754,16,买盘
2060,13:07:40,26.74,5347,2,买盘
2061,13:07:43,26.7,40059,15,卖盘
2062,13:07:46,26.74,10696,4,买盘
2063,13:07:49,26.74,45458,17,买盘
2064,13:07:52,26.72,18708,7,中性盘
2065,13:07:55,26.74,53480,20,买盘
2066,13:07:58,26.73,366336,137,中性盘
2067,13:08:01,26.74,26740,10,买盘
2068,13:08:04,26.74,85568,32,买盘
2069,13:08:10,26.75,64199,24,买盘
2070,13:08:13,26.76,808101,302,买盘
2071,13:08:16,26.77,10708,4,买盘
2072,13:08:19,26.77,26765,10,买盘
2073,13:08:22,26.77,34801,13,买盘
2074,13:08:25,26.77,29447,11,卖盘
2075,13:08:28,26.77,125819,47,买盘
2076,13:08:31,26.77,232899,87,买盘
2077,13:08:34,26.77,128496,48,卖盘
2078,13:08:37,26.76,503048,188,卖盘
2079,13:08:40,26.74,5350,2,卖盘
2080,13:08:43,26.72,82884,31,卖盘
2081,13:08:46,26.72,2672,1,卖盘
2082,13:08:49,26.71,195055,73,卖盘
2083,13:08:52,26.72,50734,19,买盘
2084,13:08:58,26.71,13355,5,中性盘
2085,13:09:01,26.7,10686,4,卖盘
2086,13:09:04,26.72,5344,2,买盘
2087,13:09:07,26.72,42752,16,买盘
2088,13:09:10,26.72,56112,21,卖盘
2089,13:09:13,26.72,189712,71,买盘
2090,13:09:19,26.71,26710,10,买盘
2091,13:09:25,26.71,8013,3,买盘
2092,13:09:28,26.7,5340,2,卖盘
2093,13:09:31,26.71,53420,20,买盘
2094,13:09:37,26.7,53400,20,卖盘
2095,13:09:40,26.71,32052,12,卖盘
2096,13:09:46,26.71,8013,3,卖盘
2097,13:09:49,26.72,8016,3,买盘
2098,13:09:52,26.71,82827,31,卖盘
2099,13:09:55,26.71,117520,44,卖盘
2100,13:09:58,26.7,325794,122,卖盘
2101,13:10:01,26.69,253576,95,卖盘
2102,13:10:04,26.66,98710,37,卖盘
2103,13:10:10,26.67,21336,8,买盘
2104,13:10:13,26.67,277573,104,买盘
2105,13:10:16,26.71,8012,3,买盘
2106,13:10:19,26.71,8013,3,买盘
2107,13:10:22,26.71,2671,1,买盘
2108,13:10:25,26.69,5338,2,卖盘
2109,13:10:31,26.71,2671,1,买盘
2110,13:10:34,26.71,451280,169,买盘
2111,13:10:37,26.69,85420,32,卖盘
2112,13:10:40,26.71,13359,5,中性盘
2113,13:10:43,26.69,242903,91,卖盘
2114,13:10:46,26.71,10684,4,中性盘
2115,13:10:49,26.71,18700,7,买盘
2116,13:10:55,26.71,2671,1,买盘
2117,13:10:58,26.71,58762,22,买盘
2118,13:11:01,26.71,106840,40,买盘
2119,13:11:04,26.72,8016,3,买盘
2120,13:11:10,26.72,5344,2,买盘
2121,13:11:13,26.69,13352,5,卖盘
2122,13:11:16,26.71,120225,45,中性盘
2123,13:11:28,26.71,2671,1,买盘
2124,13:11:31,26.69,72112,27,卖盘
2125,13:11:34,26.71,34723,13,买盘
2126,13:11:40,26.69,2669,1,卖盘
2127,13:11:43,26.69,2669,1,卖盘
2128,13:11:46,26.7,5340,2,买盘
2129,13:11:55,26.7,24030,9,买盘
2130,13:11:58,26.71,26707,10,买盘
2131,13:12:01,26.69,5338,2,卖盘
2132,13:12:04,26.71,8013,3,买盘
2133,13:12:07,26.69,2669,1,卖盘
2134,13:12:13,26.69,64059,24,卖盘
2135,13:12:16,26.7,2670,1,中性盘
2136,13:12:19,26.71,8013,3,买盘
2137,13:12:25,26.69,29361,11,卖盘
2138,13:12:28,26.71,285796,107,买盘
2139,13:12:31,26.71,29381,11,卖盘
2140,13:12:34,26.71,414005,155,卖盘
2141,13:12:37,26.71,29377,11,买盘
2142,13:12:43,26.71,32053,12,卖盘
2143,13:12:46,26.72,8016,3,买盘
2144,13:12:52,26.71,8013,3,卖盘
2145,13:12:58,26.7,5341,2,卖盘
2146,13:13:01,26.72,13359,5,买盘
2147,13:13:10,26.72,8016,3,买盘
2148,13:13:16,26.72,13360,5,买盘
2149,13:13:19,26.72,40080,15,买盘
2150,13:13:22,26.7,483289,181,卖盘
2151,13:13:28,26.69,13345,5,卖盘
2152,13:13:31,26.7,10680,4,买盘
2153,13:13:34,26.7,16019,6,买盘
2154,13:13:37,26.71,77435,29,买盘
2155,13:13:40,26.7,61410,23,卖盘
2156,13:13:43,26.71,8013,3,中性盘
2157,13:13:49,26.7,635460,238,卖盘
2158,13:13:52,26.7,5340,2,卖盘
2159,13:13:55,26.7,848763,318,中性盘
2160,13:13:58,26.7,42724,16,卖盘
2161,13:14:01,26.72,8015,3,买盘
2162,13:14:04,26.7,16021,6,卖盘
2163,13:14:13,26.7,37380,14,卖盘
2164,13:14:22,26.7,10680,4,卖盘
2165,13:14:25,26.7,112149,42,卖盘
2166,13:14:34,26.71,24040,9,卖盘
2167,13:14:37,26.71,13355,5,买盘
2168,13:14:40,26.71,2671,1,买盘
2169,13:14:43,26.71,64104,24,买盘
2170,13:14:46,26.71,26710,10,买盘
2171,13:14:49,26.71,128193,48,买盘
2172,13:14:52,26.71,13354,5,买盘
2173,13:14:55,26.71,5342,2,买盘
2174,13:14:58,26.7,277684,104,卖盘
2175,13:15:01,26.71,26710,10,买盘
2176,13:15:10,26.71,10684,4,买盘
2177,13:15:13,26.71,2671,1,买盘
2178,13:15:16,26.72,8014,3,买盘
2179,13:15:31,26.71,26710,10,买盘
2180,13:15:34,26.71,5342,2,买盘
2181,13:15:37,26.71,24039,9,买盘
2182,13:15:40,26.71,10684,4,买盘
2183,13:15:43,26.7,66770,25,卖盘
2184,13:15:46,26.7,2670,1,卖盘
2185,13:15:52,26.71,16031,6,中性盘
2186,13:15:55,26.7,2670,1,卖盘
2187,13:15:58,26.71,13355,5,中性盘
2188,13:16:01,26.72,8016,3,买盘
2189,13:16:04,26.72,8016,3,买盘
2190,13:16:10,26.72,10688,4,买盘
2191,13:16:13,26.72,21376,8,买盘
2192,13:16:16,26.75,692530,259,买盘
2193,13:16:19,26.76,16057,6,买盘
2194,13:16:22,26.77,26770,10,买盘
2195,13:16:25,26.77,21416,8,卖盘
2196,13:16:28,26.78,449904,168,买盘
2197,13:16:31,26.78,133903,50,卖盘
2198,13:16:34,26.78,21417,8,买盘
2199,13:16:37,26.82,2615581,976,买盘
2200,13:16:40,26.82,562518,210,买盘
2201,13:16:43,26.83,222689,83,买盘
2202,13:16:46,26.84,104656,39,买盘
2203,13:16:49,26.83,324647,121,卖盘
2204,13:16:52,26.83,2683,1,买盘
2205,13:16:55,26.83,13415,5,买盘
2206,13:16:58,26.83,72441,27,买盘
2207,13:17:01,26.83,61709,23,买盘
2208,13:17:04,26.82,297750,111,卖盘
2209,13:17:07,26.82,96552,36,卖盘
2210,13:17:10,26.82,13410,5,卖盘
2211,13:17:13,26.81,142835,53,卖盘
2212,13:17:19,26.81,13403,5,买盘
2213,13:17:22,26.8,69680,26,卖盘
2214,13:17:25,26.8,91124,34,卖盘
2215,13:17:28,26.79,26793,10,卖盘
2216,13:17:31,26.8,32160,12,买盘
2217,13:17:34,26.78,18748,7,卖盘
2218,13:17:37,26.79,77691,29,买盘
2219,13:17:40,26.77,16067,6,卖盘
2220,13:17:43,26.78,56238,21,买盘
2221,13:17:46,26.78,8034,3,买盘
2222,13:17:49,26.78,37492,14,买盘
2223,13:17:52,26.77,29457,11,卖盘
2224,13:17:55,26.78,144612,54,买盘
2225,13:17:58,26.78,80340,30,卖盘
2226,13:18:01,26.79,13394,5,买盘
2227,13:18:04,26.78,50882,19,卖盘
2228,13:18:07,26.79,324158,121,买盘
2229,13:18:10,26.8,211655,79,买盘
2230,13:18:13,26.8,150080,56,买盘
2231,13:18:16,26.81,2681,1,买盘
2232,13:18:19,26.81,53620,20,买盘
2233,13:18:25,26.8,16080,6,卖盘
2234,13:18:34,26.81,8043,3,买盘
2235,13:18:37,26.81,144763,54,买盘
2236,13:18:40,26.81,252014,94,卖盘
2237,13:18:43,26.81,16086,6,买盘
2238,13:18:46,26.81,16086,6,买盘
2239,13:18:49,26.79,450127,168,卖盘
2240,13:18:52,26.81,5362,2,买盘
2241,13:18:55,26.81,32172,12,买盘
2242,13:18:58,26.8,45572,17,卖盘
2243,13:19:01,26.8,16080,6,买盘
2244,13:19:04,26.8,21440,8,买盘
2245,13:19:07,26.8,77698,29,买盘
2246,13:19:10,26.8,112560,42,买盘
2247,13:19:13,26.81,64329,24,买盘
2248,13:19:16,26.8,24122,9,卖盘
2249,13:19:19,26.81,64344,24,买盘
2250,13:19:22,26.81,2681,1,卖盘
2251,13:19:25,26.8,160815,60,卖盘
2252,13:19:28,26.81,26810,10,买盘
2253,13:19:34,26.8,278789,104,卖盘
2254,13:19:37,26.8,16080,6,买盘
2255,13:19:40,26.81,32169,12,买盘
2256,13:19:46,26.81,16086,6,买盘
2257,13:19:49,26.79,75040,28,卖盘
2258,13:19:52,26.78,163408,61,卖盘
2259,13:19:55,26.79,32148,12,买盘
2260,13:19:58,26.79,13395,5,买盘
2261,13:20:01,26.78,233040,87,卖盘
2262,13:20:04,26.78,16070,6,卖盘
2263,13:20:07,26.78,56255,21,卖盘
2264,13:20:10,26.79,53564,20,买盘
2265,13:20:13,26.79,184824,69,买盘
2266,13:20:16,26.79,18756,7,卖盘
2267,13:20:19,26.79,53587,20,卖盘
2268,13:20:22,26.78,16069,6,卖盘
2269,13:20:25,26.77,281186,105,卖盘
2270,13:20:28,26.77,5354,2,卖盘
2271,13:20:34,26.77,99079,37,卖盘
2272,13:20:37,26.78,586273,219,买盘
2273,13:20:40,26.76,34791,13,卖盘
2274,13:20:43,26.75,29435,11,卖盘
2275,13:20:46,26.76,16054,6,买盘
2276,13:20:49,26.76,2676,1,买盘
2277,13:20:52,26.76,32112,12,买盘
2278,13:20:55,26.77,2677,1,买盘
2279,13:21:01,26.75,53510,20,卖盘
2280,13:21:04,26.77,8031,3,中性盘
2281,13:21:07,26.77,8031,3,买盘
2282,13:21:10,26.77,16062,6,卖盘
2283,13:21:13,26.76,10704,4,卖盘
2284,13:21:19,26.77,8031,3,买盘
2285,13:21:22,26.76,5352,2,卖盘
2286,13:21:25,26.76,5352,2,卖盘
2287,13:21:31,26.76,18732,7,买盘
2288,13:21:37,26.76,10704,4,买盘
2289,13:21:43,26.76,64204,24,买盘
2290,13:21:49,26.76,13380,5,买盘
2291,13:21:52,26.75,141785,53,卖盘
2292,13:21:55,26.75,363797,136,卖盘
2293,13:21:58,26.74,40110,15,卖盘
2294,13:22:01,26.75,56175,21,买盘
2295,13:22:04,26.74,18718,7,卖盘
2296,13:22:07,26.75,10700,4,买盘
2297,13:22:10,26.74,10696,4,卖盘
2298,13:22:13,26.75,50815,19,买盘
2299,13:22:16,26.75,13375,5,买盘
2300,13:22:19,26.75,53502,20,卖盘
2301,13:22:25,26.74,66850,25,卖盘
2302,13:22:31,26.74,29414,11,买盘
2303,13:22:34,26.73,64154,24,卖盘
2304,13:22:37,26.73,10695,4,卖盘
2305,13:22:40,26.73,10692,4,卖盘
2306,13:22:43,26.73,106920,40,卖盘
2307,13:22:46,26.73,37426,14,卖盘
2308,13:22:49,26.74,61501,23,买盘
2309,13:22:52,26.75,10700,4,买盘
2310,13:22:55,26.74,13370,5,卖盘
2311,13:22:58,26.75,8025,3,卖盘
2312,13:23:01,26.75,8025,3,卖盘
2313,13:23:04,26.76,10701,4,买盘
2314,13:23:07,26.76,37454,14,买盘
2315,13:23:10,26.76,8028,3,买盘
2316,13:23:13,26.77,45487,17,买盘
2317,13:23:16,26.75,34777,13,卖盘
2318,13:23:19,26.77,5354,2,买盘
2319,13:23:28,26.77,2677,1,卖盘
2320,13:23:31,26.77,32124,12,卖盘
2321,13:23:34,26.78,48198,18,买盘
2322,13:23:40,26.78,2678,1,买盘
2323,13:23:43,26.77,133850,50,卖盘
2324,13:23:46,26.78,61594,23,买盘
2325,13:23:49,26.79,34827,13,买盘
2326,13:23:52,26.78,5356,2,卖盘
2327,13:23:55,26.78,34814,13,卖盘
2328,13:23:58,26.78,29458,11,中性盘
2329,13:24:01,26.79,18748,7,买盘
2330,13:24:04,26.79,107128,40,买盘
2331,13:24:07,26.76,5353,2,卖盘
2332,13:24:10,26.78,10712,4,卖盘
2333,13:24:13,26.78,21424,8,中性盘
2334,13:24:16,26.79,69630,26,买盘
2335,13:24:19,26.78,53560,20,中性盘
2336,13:24:25,26.79,69654,26,买盘
2337,13:24:28,26.79,5358,2,买盘
2338,13:24:31,26.77,26770,10,卖盘
2339,13:24:34,26.79,2679,1,买盘
2340,13:24:37,26.79,208875,78,买盘
2341,13:24:40,26.79,104481,39,买盘
2342,13:24:43,26.79,2679,1,买盘
2343,13:24:49,26.79,24105,9,买盘
2344,13:24:52,26.79,34816,13,买盘
2345,13:24:58,26.79,18753,7,买盘
2346,13:25:01,26.79,18748,7,买盘
2347,13:25:04,26.77,93723,35,卖盘
2348,13:25:10,26.77,273254,102,卖盘
2349,13:25:16,26.77,34807,13,卖盘
2350,13:25:19,26.78,16071,6,中性盘
2351,13:25:22,26.78,2678,1,买盘
2352,13:25:28,26.78,26780,10,卖盘
2353,13:25:31,26.78,21424,8,买盘
2354,13:25:34,26.77,50863,19,卖盘
2355,13:25:37,26.77,16062,6,买盘
2356,13:25:40,26.77,16062,6,买盘
2357,13:25:46,26.77,37478,14,买盘
2358,13:25:49,26.77,24093,9,买盘
2359,13:25:55,26.76,26760,10,卖盘
2360,13:25:58,26.76,2676,1,卖盘
2361,13:26:04,26.77,80313,30,买盘
2362,13:26:07,26.78,2678,1,买盘
2363,13:26:13,26.77,8031,3,卖盘
2364,13:26:16,26.78,13390,5,买盘
2365,13:26:19,26.8,1007510,376,买盘
2366,13:26:25,26.82,227895,85,买盘
2367,13:26:31,26.82,21456,8,买盘
2368,13:26:34,26.82,182376,68,买盘
2369,13:26:37,26.81,5363,2,卖盘
2370,13:26:40,26.82,2682,1,买盘
2371,13:26:43,26.81,40218,15,卖盘
2372,13:26:49,26.81,2681,1,买盘
2373,13:26:52,26.81,150136,56,买盘
2374,13:26:55,26.81,18770,7,卖盘
2375,13:26:58,26.8,190302,71,卖盘
2376,13:27:01,26.81,5362,2,买盘
2377,13:27:04,26.81,8043,3,买盘
2378,13:27:07,26.81,26810,10,买盘
2379,13:27:10,26.81,21448,8,买盘
2380,13:27:13,26.8,249240,93,卖盘
2381,13:27:16,26.81,34849,13,买盘
2382,13:27:19,26.81,8043,3,买盘
2383,13:27:22,26.8,34840,13,卖盘
2384,13:27:25,26.81,16084,6,买盘
2385,13:27:31,26.78,37500,14,卖盘
2386,13:27:34,26.78,2678,1,卖盘
2387,13:27:37,26.8,18760,7,买盘
2388,13:27:46,26.8,24117,9,买盘
2389,13:27:49,26.8,75009,28,买盘
2390,13:27:52,26.8,61640,23,买盘
2391,13:27:58,26.79,5358,2,卖盘
2392,13:28:01,26.8,184914,69,买盘
2393,13:28:04,26.8,10720,4,买盘
2394,13:28:10,26.8,29474,11,买盘
2395,13:28:13,26.8,37520,14,买盘
2396,13:28:19,26.8,48235,18,买盘
2397,13:28:25,26.79,58938,22,卖盘
2398,13:28:31,26.8,16080,6,买盘
2399,13:28:34,26.79,101832,38,卖盘
2400,13:28:37,26.8,10719,4,买盘
2401,13:28:40,26.79,34838,13,中性盘
2402,13:28:46,26.79,16075,6,卖盘
2403,13:28:49,26.81,1377817,514,买盘
2404,13:28:52,26.8,2680,1,中性盘
2405,13:28:55,26.79,163428,61,卖盘
2406,13:29:01,26.81,34845,13,买盘
2407,13:29:04,26.78,5356,2,卖盘
2408,13:29:07,26.79,26800,10,中性盘
2409,13:29:10,26.79,5358,2,卖盘
2410,13:29:13,26.8,8040,3,买盘
2411,13:29:16,26.81,332434,124,买盘
2412,13:29:19,26.82,10728,4,买盘
2413,13:29:25,26.82,24138,9,买盘
2414,13:29:28,26.82,118008,44,买盘
2415,13:29:31,26.82,93870,35,买盘
2416,13:29:34,26.82,2682,1,买盘
2417,13:29:37,26.81,238609,89,卖盘
2418,13:29:40,26.8,32170,12,卖盘
2419,13:29:46,26.81,26810,10,买盘
2420,13:29:49,26.81,10723,4,买盘
2421,13:29:55,26.81,16086,6,买盘
2422,13:29:58,26.81,40215,15,买盘
2423,13:30:01,26.8,56299,21,卖盘
2424,13:30:04,26.82,16092,6,买盘
2425,13:30:07,26.82,61685,23,买盘
2426,13:30:13,26.81,8043,3,卖盘
2427,13:30:16,26.81,13405,5,买盘
2428,13:30:19,26.8,18760,7,卖盘
2429,13:30:22,26.8,2680,1,卖盘
2430,13:30:25,26.8,32160,12,卖盘
2431,13:30:28,26.79,83072,31,卖盘
2432,13:30:31,26.8,72359,27,买盘
2433,13:30:34,26.79,158061,59,卖盘
2434,13:30:37,26.78,838404,313,卖盘
2435,13:30:40,26.79,13393,5,买盘
2436,13:30:43,26.79,13395,5,买盘
2437,13:30:52,26.79,48221,18,买盘
2438,13:30:55,26.79,380293,142,卖盘
2439,13:31:01,26.76,32125,12,卖盘
2440,13:31:04,26.77,10708,4,买盘
2441,13:31:07,26.76,40140,15,卖盘
2442,13:31:10,26.76,93660,35,卖盘
2443,13:31:13,26.77,267699,100,买盘
2444,13:31:16,26.75,13375,5,卖盘
2445,13:31:19,26.75,270175,101,卖盘
2446,13:31:28,26.76,16056,6,买盘
2447,13:31:31,26.76,8028,3,买盘
2448,13:31:40,26.76,13380,5,买盘
2449,13:31:43,26.76,8028,3,买盘
2450,13:31:46,26.76,2676,1,买盘
2451,13:31:49,26.76,192662,72,买盘
2452,13:31:52,26.77,10708,4,买盘
2453,13:31:55,26.77,8031,3,买盘
2454,13:32:04,26.76,13380,5,卖盘
2455,13:32:07,26.76,125772,47,卖盘
2456,13:32:16,26.75,5350,2,卖盘
2457,13:32:19,26.76,8028,3,买盘
2458,13:32:22,26.76,2676,1,买盘
2459,13:32:25,26.76,34788,13,买盘
2460,13:32:28,26.76,26760,10,买盘
2461,13:32:31,26.76,128448,48,买盘
2462,13:32:37,26.77,42826,16,买盘
2463,13:32:40,26.77,26770,10,买盘
2464,13:32:43,26.76,32112,12,卖盘
2465,13:32:46,26.77,163297,61,买盘
2466,13:32:58,26.77,50863,19,卖盘
2467,13:33:04,26.77,45514,17,卖盘
2468,13:33:07,26.78,249054,93,买盘
2469,13:33:10,26.79,8037,3,买盘
2470,13:33:13,26.78,93730,35,卖盘
2471,13:33:19,26.79,5358,2,买盘
2472,13:33:22,26.79,24111,9,买盘
2473,13:33:25,26.79,24111,9,买盘
2474,13:33:28,26.79,16072,6,买盘
2475,13:33:34,26.78,377601,141,卖盘
2476,13:33:37,26.79,37505,14,买盘
2477,13:33:46,26.79,8037,3,买盘
2478,13:33:49,26.78,13390,5,卖盘
2479,13:33:52,26.78,5356,2,卖盘
2480,13:33:55,26.79,32142,12,买盘
2481,13:33:58,26.79,24103,9,买盘
2482,13:34:01,26.79,8037,3,买盘
2483,13:34:04,26.78,42859,16,卖盘
2484,13:34:07,26.77,66925,25,卖盘
2485,13:34:10,26.78,8034,3,买盘
2486,13:34:13,26.79,109816,41,买盘
2487,13:34:16,26.78,10712,4,中性盘
2488,13:34:22,26.78,8034,3,买盘
2489,13:34:25,26.79,10716,4,买盘
2490,13:34:28,26.78,18746,7,卖盘
2491,13:34:31,26.77,195507,73,卖盘
2492,13:34:37,26.78,2678,1,中性盘
2493,13:34:40,26.77,32124,12,卖盘
2494,13:34:43,26.77,24093,9,卖盘
2495,13:34:46,26.79,45543,17,买盘
2496,13:34:49,26.79,8037,3,买盘
2497,13:34:52,26.77,369426,138,卖盘
2498,13:34:55,26.75,272953,102,卖盘
2499,13:34:58,26.77,5354,2,买盘
2500,13:35:01,26.75,5350,2,卖盘
2501,13:35:04,26.75,165850,62,卖盘
2502,13:35:07,26.74,40118,15,卖盘
2503,13:35:10,26.75,128400,48,买盘
2504,13:35:13,26.75,5350,2,买盘
2505,13:35:16,26.73,77523,29,卖盘
2506,13:35:19,26.73,2673,1,买盘
2507,13:35:22,26.73,5346,2,买盘
2508,13:35:25,26.73,18711,7,买盘
2509,13:35:28,26.73,8019,3,买盘
2510,13:35:34,26.73,130979,49,买盘
2511,13:35:37,26.73,133650,50,卖盘
2512,13:35:40,26.75,16046,6,买盘
2513,13:35:46,26.73,10692,4,卖盘
2514,13:35:55,26.73,8019,3,卖盘
2515,13:35:58,26.73,10694,4,卖盘
2516,13:36:01,26.73,368918,138,卖盘
2517,13:36:04,26.72,48107,18,卖盘
2518,13:36:07,26.74,34743,13,买盘
2519,13:36:10,26.73,61479,23,卖盘
2520,13:36:13,26.73,5346,2,买盘
2521,13:36:16,26.73,5346,2,买盘
2522,13:36:19,26.73,128302,48,买盘
2523,13:36:22,26.73,26729,10,买盘
2524,13:36:25,26.72,90848,34,卖盘
2525,13:36:28,26.71,96189,36,卖盘
2526,13:36:31,26.73,48088,18,买盘
2527,13:36:34,26.72,275216,103,卖盘
2528,13:36:37,26.72,8016,3,卖盘
2529,13:36:46,26.72,13360,5,卖盘
2530,13:36:52,26.71,13355,5,卖盘
2531,13:36:55,26.73,8017,3,买盘
2532,13:37:01,26.72,26720,10,中性盘
2533,13:37:04,26.72,101564,38,卖盘
2534,13:37:07,26.73,208494,78,买盘
2535,13:37:10,26.71,181674,68,卖盘
2536,13:37:13,26.74,24065,9,买盘
2537,13:37:16,26.74,8022,3,卖盘
2538,13:37:19,26.75,24070,9,买盘
2539,13:37:28,26.75,26750,10,买盘
2540,13:37:34,26.75,13367,5,买盘
2541,13:37:40,26.75,26750,10,买盘
2542,13:37:46,26.74,56157,21,卖盘
2543,13:37:49,26.75,26748,10,买盘
2544,13:37:52,26.74,136374,51,中性盘
2545,13:37:55,26.73,32082,12,卖盘
2546,13:38:01,26.73,13368,5,卖盘
2547,13:38:04,26.75,342276,128,买盘
2548,13:38:07,26.75,2675,1,买盘
2549,13:38:10,26.75,29425,11,买盘
2550,13:38:22,26.75,37450,14,买盘
2551,13:38:31,26.75,2675,1,卖盘
2552,13:38:34,26.76,8028,3,买盘
2553,13:38:37,26.76,8028,3,买盘
2554,13:38:40,26.75,50825,19,卖盘
2555,13:38:49,26.73,26730,10,卖盘
2556,13:38:55,26.75,29422,11,买盘
2557,13:39:01,26.76,61528,23,买盘
2558,13:39:04,26.75,5350,2,卖盘
2559,13:39:07,26.75,18725,7,买盘
2560,13:39:10,26.75,40125,15,卖盘
2561,13:39:13,26.76,77604,29,买盘
2562,13:39:25,26.76,18732,7,买盘
2563,13:39:31,26.73,98915,37,卖盘
2564,13:39:34,26.76,8028,3,买盘
2565,13:39:49,26.75,61487,23,中性盘
2566,13:39:58,26.75,157734,59,买盘
2567,13:40:04,26.73,106890,40,中性盘
2568,13:40:07,26.72,96196,36,卖盘
2569,13:40:10,26.73,2673,1,卖盘
2570,13:40:13,26.73,2673,1,买盘
2571,13:40:16,26.73,8019,3,买盘
2572,13:40:28,26.71,16027,6,卖盘
2573,13:40:31,26.73,8019,3,买盘
2574,13:40:37,26.72,18710,7,卖盘
2575,13:40:40,26.71,18702,7,卖盘
2576,13:40:43,26.71,109512,41,卖盘
2577,13:40:46,26.71,8013,3,卖盘
2578,13:40:55,26.73,13365,5,买盘
2579,13:40:58,26.73,26720,10,买盘
2580,13:41:04,26.72,53429,20,买盘
2581,13:41:07,26.72,2672,1,买盘
2582,13:41:10,26.72,8018,3,卖盘
2583,13:41:13,26.72,93520,35,卖盘
2584,13:41:19,26.72,42752,16,卖盘
2585,13:41:25,26.71,24040,9,卖盘
2586,13:41:31,26.71,10687,4,卖盘
2587,13:41:34,26.71,13355,5,卖盘
2588,13:41:40,26.72,34736,13,买盘
2589,13:41:43,26.73,5346,2,买盘
2590,13:41:46,26.73,2673,1,买盘
2591,13:41:55,26.73,8019,3,买盘
2592,13:41:58,26.73,2673,1,买盘
2593,13:42:01,26.73,5346,2,买盘
2594,13:42:10,26.73,163053,61,买盘
2595,13:42:13,26.71,229723,86,卖盘
2596,13:42:16,26.7,56079,21,卖盘
2597,13:42:19,26.72,8014,3,买盘
2598,13:42:28,26.7,50730,19,卖盘
2599,13:42:31,26.71,37384,14,中性盘
2600,13:42:34,26.7,5340,2,卖盘
2601,13:42:37,26.71,13355,5,中性盘
2602,13:42:40,26.73,2046752,766,买盘
2603,13:42:43,26.72,29395,11,卖盘
2604,13:42:46,26.73,13365,5,买盘
2605,13:42:49,26.73,18711,7,买盘
2606,13:42:52,26.72,10691,4,卖盘
2607,13:43:01,26.73,82853,31,买盘
2608,13:43:07,26.73,2673,1,买盘
2609,13:43:10,26.73,8019,3,买盘
2610,13:43:13,26.73,29403,11,买盘
2611,13:43:16,26.73,494509,185,买盘
2612,13:43:25,26.74,10696,4,买盘
2613,13:43:31,26.73,10693,4,卖盘
2614,13:43:34,26.74,8022,3,买盘
2615,13:43:37,26.74,8022,3,买盘
2616,13:43:43,26.73,1066577,399,卖盘
2617,13:43:46,26.73,349997,131,买盘
2618,13:43:49,26.73,13365,5,买盘
2619,13:43:55,26.73,149670,56,买盘
2620,13:43:58,26.72,58805,22,卖盘
2621,13:44:01,26.7,10686,4,卖盘
2622,13:44:07,26.7,429910,161,卖盘
2623,13:44:10,26.7,56070,21,卖盘
2624,13:44:13,26.69,544644,204,卖盘
2625,13:44:16,26.68,322828,121,卖盘
2626,13:44:19,26.68,80041,30,卖盘
2627,13:44:22,26.68,141404,53,卖盘
2628,13:44:25,26.68,10675,4,卖盘
2629,13:44:28,26.68,40020,15,买盘
2630,13:44:31,26.67,8001,3,卖盘
2631,13:44:37,26.67,213360,80,卖盘
2632,13:44:40,26.66,58654,22,卖盘
2633,13:44:43,26.65,335830,126,卖盘
2634,13:44:46,26.65,50635,19,卖盘
2635,13:44:49,26.65,133238,50,卖盘
2636,13:44:52,26.62,101195,38,卖盘
2637,13:44:55,26.65,26650,10,买盘
2638,13:45:01,26.65,85263,32,买盘
2639,13:45:04,26.64,13320,5,中性盘
2640,13:45:07,26.63,7989,3,卖盘
2641,13:45:10,26.63,812770,305,卖盘
2642,13:45:13,26.65,55956,21,买盘
2643,13:45:16,26.63,87892,33,卖盘
2644,13:45:19,26.63,154501,58,买盘
2645,13:45:22,26.63,7989,3,买盘
2646,13:45:25,26.62,34620,13,卖盘
2647,13:45:28,26.65,2665,1,买盘
2648,13:45:31,26.63,2663,1,卖盘
2649,13:45:34,26.64,34630,13,买盘
2650,13:45:37,26.63,29293,11,卖盘
2651,13:45:40,26.64,7992,3,买盘
2652,13:45:43,26.64,29304,11,买盘
2653,13:45:46,26.63,10652,4,卖盘
2654,13:45:49,26.63,39945,15,卖盘
2655,13:45:55,26.65,162465,61,买盘
2656,13:45:58,26.63,55923,21,卖盘
2657,13:46:01,26.63,2663,1,买盘
2658,13:46:04,26.63,37282,14,买盘
2659,13:46:07,26.62,79880,30,卖盘
2660,13:46:10,26.62,45254,17,卖盘
2661,13:46:13,26.63,50597,19,买盘
2662,13:46:16,26.62,221027,83,卖盘
2663,13:46:19,26.63,7987,3,买盘
2664,13:46:22,26.62,319503,120,卖盘
2665,13:46:25,26.63,2663,1,中性盘
2666,13:46:28,26.63,5326,2,买盘
2667,13:46:31,26.62,399318,150,卖盘
2668,13:46:34,26.63,266242,100,买盘
2669,13:46:37,26.61,534874,201,卖盘
2670,13:46:46,26.62,274186,103,卖盘
2671,13:46:49,26.6,340507,128,卖盘
2672,13:46:52,26.62,21296,8,买盘
2673,13:46:55,26.62,13308,5,买盘
2674,13:46:58,26.6,380380,143,卖盘
2675,13:47:01,26.62,13309,5,买盘
2676,13:47:04,26.6,473493,178,卖盘
2677,13:47:07,26.6,268660,101,卖盘
2678,13:47:10,26.62,5324,2,买盘
2679,13:47:13,26.6,39901,15,卖盘
2680,13:47:16,26.61,18625,7,中性盘
2681,13:47:19,26.62,289952,109,买盘
2682,13:47:22,26.62,7986,3,买盘
2683,13:47:25,26.61,79852,30,卖盘
2684,13:47:31,26.61,10644,4,卖盘
2685,13:47:34,26.61,266100,100,卖盘
2686,13:47:37,26.61,26610,10,卖盘
2687,13:47:40,26.62,2662,1,买盘
2688,13:47:43,26.62,2662,1,买盘
2689,13:47:46,26.62,151734,57,买盘
2690,13:47:58,26.65,45291,17,买盘
2691,13:48:01,26.64,2664,1,中性盘
2692,13:48:07,26.64,37295,14,卖盘
2693,13:48:10,26.64,13320,5,中性盘
2694,13:48:13,26.64,266400,100,买盘
2695,13:48:16,26.64,37299,14,卖盘
2696,13:48:19,26.64,7994,3,卖盘
2697,13:48:22,26.64,26640,10,卖盘
2698,13:48:25,26.64,103929,39,卖盘
2699,13:48:34,26.67,40005,15,买盘
2700,13:48:37,26.68,23988,9,买盘
2701,13:48:40,26.68,264132,99,买盘
2702,13:48:46,26.68,2668,1,买盘
2703,13:48:52,26.68,5335,2,买盘
2704,13:48:55,26.68,101352,38,买盘
2705,13:48:58,26.67,2667,1,卖盘
2706,13:49:01,26.68,37355,14,买盘
2707,13:49:04,26.69,66722,25,买盘
2708,13:49:07,26.7,18684,7,买盘
2709,13:49:10,26.69,8008,3,卖盘
2710,13:49:13,26.7,339092,127,买盘
2711,13:49:16,26.72,24048,9,买盘
2712,13:49:19,26.73,8019,3,买盘
2713,13:49:22,26.72,181757,68,卖盘
2714,13:49:25,26.73,48100,18,买盘
2715,13:49:28,26.73,29403,11,买盘
2716,13:49:31,26.73,16038,6,买盘
2717,13:49:34,26.73,18711,7,买盘
2718,13:49:37,26.73,18711,7,买盘
2719,13:49:40,26.73,5346,2,买盘
2720,13:49:43,26.72,130972,49,卖盘
2721,13:49:46,26.72,74830,28,卖盘
2722,13:49:49,26.73,56133,21,买盘
2723,13:49:52,26.72,18705,7,卖盘
2724,13:49:55,26.72,2672,1,中性盘
2725,13:49:58,26.74,515701,193,买盘
2726,13:50:01,26.71,13356,5,卖盘
2727,13:50:04,26.72,462356,173,买盘
2728,13:50:07,26.74,90884,34,买盘
2729,13:50:10,26.74,5348,2,买盘
2730,13:50:13,26.75,270175,101,买盘
2731,13:50:16,26.75,18723,7,买盘
2732,13:50:22,26.75,93625,35,买盘
2733,13:50:25,26.75,8025,3,买盘
2734,13:50:28,26.75,16050,6,买盘
2735,13:50:31,26.74,139048,52,卖盘
2736,13:50:34,26.75,251392,94,买盘
2737,13:50:37,26.75,21401,8,卖盘
2738,13:50:40,26.76,8028,3,买盘
2739,13:50:43,26.76,13380,5,买盘
2740,13:50:46,26.76,350451,131,买盘
2741,13:50:49,26.76,42816,16,买盘
2742,13:50:52,26.76,2676,1,买盘
2743,13:50:55,26.76,118921,44,买盘
2744,13:50:58,26.77,198089,74,买盘
2745,13:51:01,26.76,618428,231,卖盘
2746,13:51:04,26.78,88372,33,买盘
2747,13:51:07,26.78,112467,42,买盘
2748,13:51:10,26.78,45526,17,买盘
2749,13:51:13,26.76,52343,20,卖盘
2750,13:51:19,26.75,53500,20,卖盘
2751,13:51:22,26.75,32110,12,卖盘
2752,13:51:25,26.76,24084,9,买盘
2753,13:51:28,26.75,203300,76,卖盘
2754,13:51:31,26.76,104334,39,买盘
2755,13:51:34,26.75,8025,3,买盘
2756,13:51:37,26.74,18718,7,卖盘
2757,13:51:46,26.73,82863,31,卖盘
2758,13:51:49,26.73,2673,1,买盘
2759,13:51:52,26.73,13365,5,买盘
2760,13:51:55,26.72,29394,11,卖盘
2761,13:51:58,26.72,45414,17,买盘
2762,13:52:01,26.73,162996,61,买盘
2763,13:52:04,26.71,8013,3,卖盘
2764,13:52:13,26.7,56089,21,卖盘
2765,13:52:19,26.71,8013,3,买盘
2766,13:52:22,26.71,69446,26,买盘
2767,13:52:28,26.7,21371,8,卖盘
2768,13:52:31,26.7,106800,40,卖盘
2769,13:52:34,26.69,8007,3,卖盘
2770,13:52:46,26.7,8010,3,买盘
2771,13:52:52,26.69,40035,15,卖盘
2772,13:52:55,26.7,8010,3,买盘
2773,13:53:01,26.69,5338,2,卖盘
2774,13:53:04,26.7,74752,28,买盘
2775,13:53:07,26.7,13350,5,买盘
2776,13:53:10,26.72,8014,3,买盘
2777,13:53:16,26.7,13350,5,卖盘
2778,13:53:19,26.7,5340,2,卖盘
2779,13:53:25,26.69,2669,1,买盘
2780,13:53:31,26.7,8010,3,买盘
2781,13:53:34,26.7,29362,11,买盘
2782,13:53:37,26.7,16020,6,买盘
2783,13:53:46,26.69,82739,31,卖盘
2784,13:53:52,26.7,186831,70,买盘
2785,13:54:01,26.69,10679,4,卖盘
2786,13:54:04,26.68,2668,1,卖盘
2787,13:54:07,26.68,32037,12,卖盘
2788,13:54:10,26.68,5336,2,卖盘
2789,13:54:16,26.68,48024,18,卖盘
2790,13:54:19,26.69,29359,11,买盘
2791,13:54:25,26.69,114767,43,卖盘
2792,13:54:28,26.68,5336,2,卖盘
2793,13:54:31,26.69,16014,6,买盘
2794,13:54:34,26.68,16013,6,卖盘
2795,13:54:37,26.68,24012,9,卖盘
2796,13:54:40,26.68,178756,67,卖盘
2797,13:54:43,26.68,18676,7,买盘
2798,13:54:46,26.68,2668,1,买盘
2799,13:54:49,26.68,21339,8,买盘
2800,13:54:52,26.68,8004,3,买盘
2801,13:54:55,26.67,45346,17,卖盘
2802,13:54:58,26.68,53360,20,买盘
2803,13:55:01,26.67,533400,200,卖盘
2804,13:55:04,26.67,2667,1,买盘
2805,13:55:07,26.67,120015,45,买盘
2806,13:55:10,26.67,96012,36,买盘
2807,13:55:13,26.66,18664,7,卖盘
2808,13:55:16,26.67,269366,101,买盘
2809,13:55:19,26.68,2668,1,买盘
2810,13:55:22,26.68,216108,81,买盘
2811,13:55:28,26.68,82735,31,卖盘
2812,13:55:37,26.7,152190,57,买盘
2813,13:55:40,26.7,493956,185,买盘
2814,13:55:43,26.72,58742,22,买盘
2815,13:55:46,26.72,120240,45,买盘
2816,13:55:49,26.73,50774,19,买盘
2817,13:55:52,26.73,5346,2,买盘
2818,13:55:58,26.73,29403,11,买盘
2819,13:56:01,26.75,64185,24,买盘
2820,13:56:04,26.75,8024,3,买盘
2821,13:56:10,26.75,407771,152,买盘
2822,13:56:13,26.76,2676,1,买盘
2823,13:56:16,26.76,8028,3,买盘
2824,13:56:19,26.76,37464,14,卖盘
2825,13:56:22,26.77,85643,32,买盘
2826,13:56:28,26.75,82979,31,卖盘
2827,13:56:31,26.77,8031,3,买盘
2828,13:56:37,26.77,568885,213,买盘
2829,13:56:43,26.75,26750,10,买盘
2830,13:56:46,26.75,425325,159,买盘
2831,13:56:52,26.75,115001,43,买盘
2832,13:56:55,26.76,8028,3,买盘
2833,13:56:58,26.76,2676,1,买盘
2834,13:57:01,26.75,5350,2,卖盘
2835,13:57:04,26.76,26760,10,买盘
2836,13:57:10,26.75,98975,37,卖盘
2837,13:57:13,26.75,577934,216,卖盘
2838,13:57:16,26.73,10692,4,卖盘
2839,13:57:19,26.73,8019,3,买盘
2840,13:57:22,26.73,58786,22,买盘
2841,13:57:28,26.73,53455,20,买盘
2842,13:57:31,26.72,16032,6,卖盘
2843,13:57:34,26.73,109593,41,买盘
2844,13:57:37,26.72,53440,20,卖盘
2845,13:57:40,26.72,16032,6,卖盘
2846,13:57:43,26.72,18704,7,卖盘
2847,13:57:46,26.72,227125,85,卖盘
2848,13:57:49,26.72,53440,20,买盘
2849,13:57:58,26.71,2671,1,卖盘
2850,13:58:01,26.73,16034,6,买盘
2851,13:58:04,26.71,37394,14,卖盘
2852,13:58:10,26.73,309842,116,买盘
2853,13:58:19,26.71,8013,3,卖盘
2854,13:58:22,26.71,10684,4,卖盘
2855,13:58:25,26.73,184434,69,买盘
2856,13:58:28,26.72,37400,14,买盘
2857,13:58:31,26.71,21371,8,卖盘
2858,13:58:34,26.72,454240,170,买盘
2859,13:58:43,26.72,42752,16,买盘
2860,13:58:46,26.72,18704,7,买盘
2861,13:58:49,26.72,37418,14,卖盘
2862,13:58:52,26.72,5344,2,卖盘
2863,13:58:58,26.73,10692,4,买盘
2864,13:59:01,26.73,200468,75,买盘
2865,13:59:04,26.72,240516,90,卖盘
2866,13:59:10,26.73,13365,5,中性盘
2867,13:59:19,26.73,8019,3,买盘
2868,13:59:22,26.73,149638,56,中性盘
2869,13:59:25,26.72,29398,11,卖盘
2870,13:59:28,26.74,133700,50,买盘
2871,13:59:31,26.75,133750,50,买盘
2872,13:59:34,26.73,34751,13,卖盘
2873,13:59:37,26.73,32090,12,卖盘
2874,13:59:40,26.74,50806,19,卖盘
2875,13:59:49,26.75,10700,4,买盘
2876,13:59:55,26.74,56162,21,买盘
2877,14:00:01,26.75,227375,85,买盘
2878,14:00:04,26.75,117685,44,买盘
2879,14:00:07,26.75,8025,3,卖盘
2880,14:00:13,26.75,21400,8,买盘
2881,14:00:16,26.75,26750,10,卖盘
2882,14:00:25,26.76,8028,3,买盘
2883,14:00:28,26.75,53500,20,卖盘
2884,14:00:34,26.75,18725,7,买盘
2885,14:00:37,26.75,58850,22,买盘
2886,14:00:40,26.75,98978,37,卖盘
2887,14:00:43,26.75,275525,103,买盘
2888,14:00:49,26.75,120375,45,卖盘
2889,14:00:52,26.76,53520,20,买盘
2890,14:00:55,26.76,50844,19,买盘
2891,14:01:01,26.77,757327,283,买盘
2892,14:01:04,26.77,313205,117,买盘
2893,14:01:07,26.77,2677,1,买盘
2894,14:01:10,26.77,159121,59,买盘
2895,14:01:13,26.78,522210,195,买盘
2896,14:01:16,26.78,152640,57,买盘
2897,14:01:19,26.79,61597,23,买盘
2898,14:01:22,26.78,85698,32,卖盘
2899,14:01:25,26.79,5358,2,买盘
2900,14:01:28,26.78,13390,5,卖盘
2901,14:01:31,26.79,13395,5,买盘
2902,14:01:34,26.78,69628,26,卖盘
2903,14:01:37,26.78,24102,9,买盘
2904,14:01:40,26.78,13390,5,买盘
2905,14:01:43,26.77,48186,18,卖盘
2906,14:01:46,26.77,50874,19,卖盘
2907,14:01:52,26.77,21416,8,卖盘
2908,14:01:55,26.77,18742,7,卖盘
2909,14:01:58,26.78,69620,26,买盘
2910,14:02:01,26.78,112446,42,买盘
2911,14:02:07,26.78,131232,49,买盘
2912,14:02:10,26.78,21424,8,卖盘
2913,14:02:13,26.78,18751,7,卖盘
2914,14:02:16,26.79,2679,1,买盘
2915,14:02:19,26.79,332187,124,买盘
2916,14:02:22,26.78,230313,86,卖盘
2917,14:02:25,26.77,8032,3,卖盘
2918,14:02:28,26.78,2678,1,买盘
2919,14:02:37,26.78,152646,57,买盘
2920,14:02:43,26.78,26780,10,卖盘
2921,14:02:46,26.78,61597,23,卖盘
2922,14:02:52,26.79,26787,10,买盘
2923,14:02:55,26.78,26780,10,卖盘
2924,14:03:04,26.78,69628,26,卖盘
2925,14:03:10,26.78,8034,3,买盘
2926,14:03:13,26.78,203528,76,买盘
2927,14:03:16,26.78,10712,4,买盘
2928,14:03:19,26.78,2678,1,买盘
2929,14:03:22,26.78,2678,1,买盘
2930,14:03:34,26.78,29458,11,买盘
2931,14:03:46,26.78,2678,1,买盘
2932,14:03:49,26.77,63070,24,卖盘
2933,14:03:52,26.78,69605,26,买盘
2934,14:03:55,26.77,2677,1,买盘
2935,14:03:58,26.77,29447,11,买盘
2936,14:04:01,26.77,32134,12,卖盘
2937,14:04:04,26.76,56209,21,卖盘
2938,14:04:13,26.78,101760,38,买盘
2939,14:04:16,26.77,2677,1,中性盘
2940,14:04:19,26.76,26760,10,卖盘
2941,14:04:22,26.76,2676,1,卖盘
2942,14:04:25,26.78,8033,3,买盘
2943,14:04:28,26.76,8028,3,卖盘
2944,14:04:37,26.77,29447,11,买盘
2945,14:04:43,26.78,32136,12,买盘
2946,14:04:49,26.78,8034,3,买盘
2947,14:04:52,26.78,5356,2,买盘
2948,14:04:55,26.77,80310,30,卖盘
2949,14:04:58,26.77,265023,99,卖盘
2950,14:05:01,26.78,16068,6,买盘
2951,14:05:07,26.78,132401,49,买盘
2952,14:05:16,26.78,26783,10,卖盘
2953,14:05:19,26.8,905730,338,买盘
2954,14:05:22,26.8,42862,16,买盘
2955,14:05:25,26.8,123280,46,买盘
2956,14:05:28,26.8,10720,4,买盘
2957,14:05:37,26.8,61622,23,买盘
2958,14:05:40,26.8,8040,3,买盘
2959,14:05:43,26.8,61640,23,买盘
2960,14:05:46,26.8,26800,10,买盘
2961,14:05:49,26.8,8039,3,买盘
2962,14:05:52,26.8,2680,1,买盘
2963,14:05:58,26.79,37506,14,卖盘
2964,14:06:01,26.79,125918,47,卖盘
2965,14:06:04,26.79,37506,14,买盘
2966,14:06:10,26.78,18746,7,卖盘
2967,14:06:16,26.79,32148,12,买盘
2968,14:06:19,26.79,270578,101,买盘
2969,14:06:22,26.8,613622,229,买盘
2970,14:06:25,26.79,2679,1,买盘
2971,14:06:31,26.8,8040,3,买盘
2972,14:06:37,26.8,50920,19,买盘
2973,14:06:40,26.8,72358,27,买盘
2974,14:06:46,26.79,72333,27,卖盘
2975,14:06:49,26.79,16074,6,买盘
2976,14:06:55,26.79,21430,8,买盘
2977,14:06:58,26.78,13390,5,卖盘
2978,14:07:01,26.79,275856,103,买盘
2979,14:07:04,26.76,258490,97,卖盘
2980,14:07:07,26.76,2676,1,卖盘
2981,14:07:10,26.78,26780,10,买盘
2982,14:07:13,26.76,8028,3,卖盘
2983,14:07:16,26.76,5352,2,卖盘
2984,14:07:19,26.79,50853,19,买盘
2985,14:07:28,26.78,353496,132,买盘
2986,14:07:31,26.78,8033,3,卖盘
2987,14:07:37,26.77,2677,1,卖盘
2988,14:07:40,26.78,141934,53,买盘
2989,14:07:46,26.78,18749,7,卖盘
2990,14:07:49,26.78,107120,40,买盘
2991,14:08:01,26.77,26770,10,卖盘
2992,14:08:04,26.78,16068,6,买盘
2993,14:08:07,26.77,310533,116,卖盘
2994,14:08:10,26.78,8034,3,买盘
2995,14:08:13,26.78,26780,10,买盘
2996,14:08:16,26.78,45526,17,买盘
2997,14:08:19,26.78,13390,5,卖盘
2998,14:08:22,26.78,53560,20,卖盘
2999,14:08:28,26.78,13390,5,卖盘
3000,14:08:31,26.78,80340,30,卖盘
3001,14:08:34,26.79,8037,3,买盘
3002,14:08:37,26.79,2679,1,买盘
3003,14:08:40,26.79,10716,4,买盘
3004,14:08:43,26.79,2679,1,买盘
3005,14:08:46,26.78,40170,15,卖盘
3006,14:08:52,26.79,88406,33,买盘
3007,14:08:55,26.78,2678,1,卖盘
3008,14:08:58,26.79,267900,100,买盘
3009,14:09:01,26.79,306697,114,买盘
